[{"type":"B","date":"2018-04-06T01:33:18.000Z","volume":10000,"label":"Y","price":4.48},{"type":"B","date":"2018-04-06T01:33:18.000Z","volume":4000,"label":" ","price":4.48},{"type":"A","date":"2018-04-06T01:36:15.000Z","volume":10000,"label":"Y","price":4.48},{"type":"U","date":"2018-04-06T01:36:50.000Z","volume":1000,"label":" ","price":4.45},{"type":"A","date":"2018-04-06T01:38:41.000Z","volume":6000,"label":" ","price":4.45},{"type":"A","date":"2018-04-06T01:38:41.000Z","volume":16000,"label":"Y","price":4.48},{"type":"A","date":"2018-04-06T01:38:41.000Z","volume":10000,"label":" ","price":4.48},{"type":"B","date":"2018-04-06T01:38:41.000Z","volume":8000,"label":" ","price":4.48},{"type":"A","date":"2018-04-06T01:39:41.000Z","volume":1000,"label":" ","price":4.45},{"type":"A","date":"2018-04-06T01:39:41.000Z","volume":1000,"label":" ","price":4.45},{"type":"U","date":"2018-04-06T01:41:30.000Z","volume":1000,"label":" ","price":4.45},{"type":"A","date":"2018-04-06T01:41:46.000Z","volume":1000,"label":" ","price":4.45},{"type":"A","date":"2018-04-06T01:41:49.000Z","volume":1000,"label":" ","price":4.45},{"type":"A","date":"2018-04-06T01:42:02.000Z","volume":1000,"label":" ","price":4.45},{"type":"A","date":"2018-04-06T01:42:49.000Z","volume":1000,"label":" ","price":4.45},{"type":"A","date":"2018-04-06T01:42:49.000Z","volume":1000,"label":" ","price":4.45},{"type":"A","date":"2018-04-06T01:46:08.000Z","volume":11000,"label":" ","price":4.45},{"type":"U","date":"2018-04-06T01:47:32.000Z","volume":1000,"label":" ","price":4.45},{"type":"B","date":"2018-04-06T01:51:42.000Z","volume":1000,"label":" ","price":4.46},{"type":"B","date":"2018-04-06T01:51:42.000Z","volume":35000,"label":" ","price":4.45},{"type":"A","date":"2018-04-06T02:00:18.000Z","volume":1000,"label":" ","price":4.57},{"type":"A","date":"2018-04-06T02:00:18.000Z","volume":46000,"label":"Y","price":4.58},{"type":"A","date":"2018-04-06T02:00:18.000Z","volume":3000,"label":" ","price":4.58},{"type":"A","date":"2018-04-06T02:09:03.000Z","volume":60000,"label":" ","price":4.58},{"type":"A","date":"2018-04-06T02:09:03.000Z","volume":6000,"label":" ","price":4.58},{"type":"U","date":"2018-04-06T02:09:24.000Z","volume":30000,"label":" ","price":4.56},{"type":"U","date":"2018-04-06T02:35:41.000Z","volume":3000,"label":" ","price":4.56},{"type":"A","date":"2018-04-06T02:54:44.000Z","volume":1000,"label":" ","price":4.56},{"type":"A","date":"2018-04-06T02:54:44.000Z","volume":10000,"label":"Y","price":4.57},{"type":"A","date":"2018-04-06T02:54:44.000Z","volume":39000,"label":" ","price":4.57},{"type":"A","date":"2018-04-06T02:55:23.000Z","volume":5000,"label":" ","price":4.57},{"type":"A","date":"2018-04-06T02:55:23.000Z","volume":45000,"label":" ","price":4.58},{"type":"A","date":"2018-04-06T03:44:23.000Z","volume":1000,"label":" ","price":4.56},{"type":"A","date":"2018-04-06T03:55:44.000Z","volume":1000,"label":" ","price":4.56},{"type":"A","date":"2018-04-06T05:13:12.000Z","volume":61000,"label":" ","price":4.56},{"type":"A","date":"2018-04-06T05:13:12.000Z","volume":39000,"label":" ","price":4.58},{"type":"B","date":"2018-04-06T05:15:23.000Z","volume":1000,"label":" ","price":4.51},{"type":"B","date":"2018-04-06T05:32:24.000Z","volume":1000,"label":" ","price":4.51},{"type":"A","date":"2018-04-06T05:32:24.000Z","volume":4000,"label":" ","price":4.51},{"type":"B","date":"2018-04-06T05:38:39.000Z","volume":4000,"label":" ","price":4.51},{"type":"A","date":"2018-04-06T05:38:39.000Z","volume":6000,"label":" ","price":4.51},{"type":"B","date":"2018-04-06T07:06:43.000Z","volume":1000,"label":" ","price":4.52},{"type":"A","date":"2018-04-06T07:06:43.000Z","volume":3000,"label":" ","price":4.52},{"type":"B","date":"2018-04-06T07:20:36.000Z","volume":15000,"label":" ","price":4.51},{"type":"B","date":"2018-04-06T07:20:36.000Z","volume":40000,"label":" ","price":4.5},{"type":"B","date":"2018-04-06T07:26:22.000Z","volume":2000,"label":" ","price":4.48},{"type":"B","date":"2018-04-06T07:26:22.000Z","volume":40000,"label":" ","price":4.47},{"type":"A","date":"2018-04-06T07:42:52.000Z","volume":1000,"label":" ","price":4.55},{"type":"B","date":"2018-04-06T07:43:49.000Z","volume":1000,"label":" ","price":4.54},{"type":"A","date":"2018-04-06T07:48:11.000Z","volume":1000,"label":" ","price":4.55},{"type":"B","date":"2018-04-06T07:49:08.000Z","volume":1000,"label":" ","price":4.54},{"type":"B","date":"2018-04-06T07:50:15.000Z","volume":11000,"label":" ","price":4.54},{"type":"A","date":"2018-04-06T07:53:41.000Z","volume":11000,"label":" ","price":4.56},{"type":"A","date":"2018-04-06T07:53:41.000Z","volume":20000,"label":" ","price":4.57},{"type":"B","date":"2018-04-06T07:53:41.000Z","volume":6000,"label":" ","price":4.57},{"type":"A","date":"2018-04-06T07:53:44.000Z","volume":1000,"label":" ","price":4.58},{"type":"A","date":"2018-04-06T07:55:38.000Z","volume":3000,"label":" ","price":4.57},{"type":"A","date":"2018-04-06T07:56:13.000Z","volume":15000,"label":" ","price":4.57},{"type":"B","date":"2018-04-06T07:56:13.000Z","volume":3000,"label":" ","price":4.57},{"type":"B","date":"2018-04-06T07:56:46.000Z","volume":3000,"label":" ","price":4.56},{"type":"B","date":"2018-04-06T07:57:18.000Z","volume":1000,"label":" ","price":4.56},{"type":"A","date":"2018-04-06T07:57:51.000Z","volume":18000,"label":" ","price":4.57},{"type":"A","date":"2018-04-06T07:59:02.000Z","volume":1000,"label":" ","price":4.58},{"type":"A","date":"2018-04-06T07:59:06.000Z","volume":3000,"label":" ","price":4.58},{"type":"A","date":"2018-04-06T07:59:20.000Z","volume":4000,"label":" ","price":4.58},{"type":"A","date":"2018-04-06T07:59:34.000Z","volume":3000,"label":" ","price":4.58},{"type":"A","date":"2018-04-06T07:59:39.000Z","volume":2000,"label":" ","price":4.58}]