[{"type":"U","date":"2018-03-19T01:20:00.000Z","volume":31000,"label":"U","price":2.26},{"type":"A","date":"2018-03-19T01:30:10.000Z","volume":1000,"label":" ","price":2.27},{"type":"B","date":"2018-03-19T01:30:14.000Z","volume":2000,"label":" ","price":2.26},{"type":"B","date":"2018-03-19T01:30:35.000Z","volume":5000,"label":" ","price":2.26},{"type":"A","date":"2018-03-19T01:31:42.000Z","volume":1000,"label":" ","price":2.27},{"type":"B","date":"2018-03-19T01:31:45.000Z","volume":1000,"label":" ","price":2.26},{"type":"A","date":"2018-03-19T01:34:17.000Z","volume":3000,"label":" ","price":2.27},{"type":"A","date":"2018-03-19T01:34:17.000Z","volume":1000,"label":" ","price":2.27},{"type":"B","date":"2018-03-19T01:34:37.000Z","volume":24000,"label":" ","price":2.26},{"type":"B","date":"2018-03-19T01:34:37.000Z","volume":3000,"label":" ","price":2.26},{"type":"B","date":"2018-03-19T01:34:37.000Z","volume":1000,"label":" ","price":2.26},{"type":"B","date":"2018-03-19T01:34:39.000Z","volume":2000,"label":" ","price":2.26},{"type":"B","date":"2018-03-19T01:36:06.000Z","volume":12000,"label":" ","price":2.26},{"type":"B","date":"2018-03-19T01:39:55.000Z","volume":1000,"label":" ","price":2.25},{"type":"B","date":"2018-03-19T01:41:46.000Z","volume":1000,"label":"Y","price":2.25},{"type":"B","date":"2018-03-19T01:41:46.000Z","volume":48000,"label":" ","price":2.25},{"type":"B","date":"2018-03-19T01:41:46.000Z","volume":19000,"label":" ","price":2.25},{"type":"A","date":"2018-03-19T01:41:46.000Z","volume":16000,"label":" ","price":2.26},{"type":"B","date":"2018-03-19T01:41:46.000Z","volume":1000,"label":" ","price":2.25},{"type":"B","date":"2018-03-19T01:41:54.000Z","volume":1000,"label":" ","price":2.25},{"type":"B","date":"2018-03-19T01:42:18.000Z","volume":4000,"label":"Y","price":2.25},{"type":"B","date":"2018-03-19T01:42:18.000Z","volume":3000,"label":" ","price":2.25},{"type":"B","date":"2018-03-19T01:42:18.000Z","volume":18000,"label":" ","price":2.25},{"type":"B","date":"2018-03-19T01:42:18.000Z","volume":12000,"label":" ","price":2.25},{"type":"B","date":"2018-03-19T01:42:18.000Z","volume":1000,"label":" ","price":2.25},{"type":"A","date":"2018-03-19T01:45:38.000Z","volume":5000,"label":" ","price":2.25},{"type":"A","date":"2018-03-19T01:45:38.000Z","volume":20000,"label":" ","price":2.25},{"type":"B","date":"2018-03-19T01:45:39.000Z","volume":10000,"label":" ","price":2.25},{"type":"B","date":"2018-03-19T01:46:02.000Z","volume":1000,"label":" ","price":2.25},{"type":"A","date":"2018-03-19T01:46:36.000Z","volume":3000,"label":" ","price":2.26},{"type":"A","date":"2018-03-19T01:47:13.000Z","volume":17000,"label":" ","price":2.26},{"type":"A","date":"2018-03-19T01:47:13.000Z","volume":2000,"label":" ","price":2.26},{"type":"A","date":"2018-03-19T01:47:13.000Z","volume":4000,"label":" ","price":2.26},{"type":"A","date":"2018-03-19T01:47:17.000Z","volume":1000,"label":" ","price":2.26},{"type":"A","date":"2018-03-19T01:47:17.000Z","volume":1000,"label":" ","price":2.26},{"type":"A","date":"2018-03-19T01:47:51.000Z","volume":1000,"label":" ","price":2.26},{"type":"A","date":"2018-03-19T01:47:51.000Z","volume":2000,"label":" ","price":2.26},{"type":"A","date":"2018-03-19T01:47:58.000Z","volume":1000,"label":" ","price":2.26},{"type":"A","date":"2018-03-19T01:48:21.000Z","volume":1000,"label":" ","price":2.26},{"type":"A","date":"2018-03-19T01:48:37.000Z","volume":1000,"label":" ","price":2.26},{"type":"A","date":"2018-03-19T01:48:42.000Z","volume":1000,"label":" ","price":2.26},{"type":"A","date":"2018-03-19T01:49:26.000Z","volume":5000,"label":" ","price":2.26},{"type":"A","date":"2018-03-19T01:49:50.000Z","volume":2000,"label":" ","price":2.26},{"type":"A","date":"2018-03-19T01:49:54.000Z","volume":1000,"label":" ","price":2.26},{"type":"A","date":"2018-03-19T01:50:34.000Z","volume":1000,"label":" ","price":2.26},{"type":"A","date":"2018-03-19T01:51:00.000Z","volume":1000,"label":" ","price":2.26},{"type":"A","date":"2018-03-19T01:51:39.000Z","volume":3000,"label":" ","price":2.26},{"type":"A","date":"2018-03-19T01:52:40.000Z","volume":10000,"label":" ","price":2.26},{"type":"A","date":"2018-03-19T01:52:43.000Z","volume":2000,"label":" ","price":2.26},{"type":"A","date":"2018-03-19T01:52:43.000Z","volume":1000,"label":" ","price":2.26},{"type":"A","date":"2018-03-19T01:53:40.000Z","volume":1000,"label":" ","price":2.26},{"type":"A","date":"2018-03-19T01:53:42.000Z","volume":3000,"label":" ","price":2.26},{"type":"A","date":"2018-03-19T01:53:53.000Z","volume":1000,"label":" ","price":2.26},{"type":"A","date":"2018-03-19T02:00:13.000Z","volume":3000,"label":" ","price":2.26},{"type":"A","date":"2018-03-19T02:00:17.000Z","volume":1000,"label":" ","price":2.26},{"type":"A","date":"2018-03-19T02:00:17.000Z","volume":1000,"label":" ","price":2.26},{"type":"A","date":"2018-03-19T02:00:17.000Z","volume":1000,"label":" ","price":2.26},{"type":"A","date":"2018-03-19T02:00:25.000Z","volume":5000,"label":" ","price":2.26},{"type":"A","date":"2018-03-19T02:00:28.000Z","volume":1000,"label":" ","price":2.26},{"type":"A","date":"2018-03-19T02:00:35.000Z","volume":12000,"label":" ","price":2.26},{"type":"A","date":"2018-03-19T02:00:35.000Z","volume":3000,"label":" ","price":2.26},{"type":"A","date":"2018-03-19T02:00:35.000Z","volume":2000,"label":" ","price":2.26},{"type":"A","date":"2018-03-19T02:00:35.000Z","volume":4000,"label":" ","price":2.26},{"type":"A","date":"2018-03-19T02:00:43.000Z","volume":3000,"label":" ","price":2.26},{"type":"A","date":"2018-03-19T02:00:48.000Z","volume":10000,"label":" ","price":2.26},{"type":"B","date":"2018-03-19T02:00:55.000Z","volume":1000,"label":" ","price":2.25},{"type":"A","date":"2018-03-19T02:00:58.000Z","volume":1000,"label":" ","price":2.26},{"type":"B","date":"2018-03-19T02:01:04.000Z","volume":14000,"label":" ","price":2.25},{"type":"A","date":"2018-03-19T02:01:13.000Z","volume":1000,"label":" ","price":2.26},{"type":"A","date":"2018-03-19T02:01:33.000Z","volume":1000,"label":" ","price":2.26},{"type":"B","date":"2018-03-19T02:01:46.000Z","volume":9000,"label":" ","price":2.25},{"type":"A","date":"2018-03-19T02:01:46.000Z","volume":10000,"label":" ","price":2.26},{"type":"B","date":"2018-03-19T02:01:46.000Z","volume":4000,"label":"Y","price":2.25},{"type":"B","date":"2018-03-19T02:01:46.000Z","volume":6000,"label":" ","price":2.25},{"type":"A","date":"2018-03-19T02:05:38.000Z","volume":1000,"label":" ","price":2.26},{"type":"A","date":"2018-03-19T02:12:04.000Z","volume":1000,"label":" ","price":2.26},{"type":"A","date":"2018-03-19T02:13:13.000Z","volume":4000,"label":" ","price":2.26},{"type":"B","date":"2018-03-19T02:14:50.000Z","volume":3000,"label":" ","price":2.25},{"type":"A","date":"2018-03-19T02:16:05.000Z","volume":5000,"label":" ","price":2.26},{"type":"A","date":"2018-03-19T02:17:02.000Z","volume":3000,"label":" ","price":2.26},{"type":"A","date":"2018-03-19T02:20:38.000Z","volume":2000,"label":" ","price":2.26},{"type":"A","date":"2018-03-19T02:20:40.000Z","volume":1000,"label":" ","price":2.26},{"type":"A","date":"2018-03-19T02:20:51.000Z","volume":3000,"label":" ","price":2.26},{"type":"A","date":"2018-03-19T02:21:02.000Z","volume":2000,"label":"Y","price":2.26},{"type":"A","date":"2018-03-19T02:21:02.000Z","volume":17000,"label":" ","price":2.26},{"type":"A","date":"2018-03-19T02:21:02.000Z","volume":5000,"label":" ","price":2.26},{"type":"A","date":"2018-03-19T02:21:02.000Z","volume":8000,"label":" ","price":2.26},{"type":"A","date":"2018-03-19T02:21:02.000Z","volume":5000,"label":" ","price":2.26},{"type":"A","date":"2018-03-19T02:21:02.000Z","volume":23000,"label":" ","price":2.26},{"type":"A","date":"2018-03-19T02:21:02.000Z","volume":2000,"label":" ","price":2.26},{"type":"A","date":"2018-03-19T02:21:02.000Z","volume":9000,"label":" ","price":2.26},{"type":"A","date":"2018-03-19T02:21:02.000Z","volume":3000,"label":" ","price":2.26},{"type":"A","date":"2018-03-19T02:21:02.000Z","volume":3000,"label":" ","price":2.26},{"type":"U","date":"2018-03-19T02:21:13.000Z","volume":4000,"label":" ","price":2.26},{"type":"U","date":"2018-03-19T02:21:13.000Z","volume":12000,"label":" ","price":2.26},{"type":"B","date":"2018-03-19T02:21:16.000Z","volume":21000,"label":" ","price":2.26},{"type":"A","date":"2018-03-19T02:25:02.000Z","volume":1000,"label":" ","price":2.26},{"type":"A","date":"2018-03-19T02:25:02.000Z","volume":1000,"label":" ","price":2.26},{"type":"A","date":"2018-03-19T02:25:02.000Z","volume":1000,"label":" ","price":2.26},{"type":"A","date":"2018-03-19T02:25:02.000Z","volume":1000,"label":" ","price":2.26},{"type":"A","date":"2018-03-19T02:25:02.000Z","volume":1000,"label":" ","price":2.26},{"type":"A","date":"2018-03-19T02:25:13.000Z","volume":2000,"label":" ","price":2.26},{"type":"A","date":"2018-03-19T02:25:13.000Z","volume":5000,"label":" ","price":2.27},{"type":"A","date":"2018-03-19T02:25:13.000Z","volume":2000,"label":" ","price":2.27},{"type":"A","date":"2018-03-19T02:25:13.000Z","volume":1000,"label":" ","price":2.27},{"type":"B","date":"2018-03-19T02:25:13.000Z","volume":2000,"label":"Y","price":2.26},{"type":"B","date":"2018-03-19T02:25:13.000Z","volume":1000,"label":" ","price":2.26},{"type":"A","date":"2018-03-19T02:25:25.000Z","volume":1000,"label":" ","price":2.27},{"type":"A","date":"2018-03-19T02:25:47.000Z","volume":11000,"label":" ","price":2.27},{"type":"A","date":"2018-03-19T02:29:25.000Z","volume":4000,"label":" ","price":2.27},{"type":"A","date":"2018-03-19T02:29:38.000Z","volume":2000,"label":" ","price":2.27},{"type":"A","date":"2018-03-19T02:30:28.000Z","volume":3000,"label":" ","price":2.27},{"type":"A","date":"2018-03-19T02:36:39.000Z","volume":1000,"label":" ","price":2.27},{"type":"A","date":"2018-03-19T02:39:46.000Z","volume":1000,"label":" ","price":2.27},{"type":"A","date":"2018-03-19T02:40:25.000Z","volume":2000,"label":" ","price":2.27},{"type":"A","date":"2018-03-19T02:40:29.000Z","volume":1000,"label":" ","price":2.27},{"type":"A","date":"2018-03-19T02:40:38.000Z","volume":11000,"label":" ","price":2.27},{"type":"A","date":"2018-03-19T02:40:43.000Z","volume":2000,"label":" ","price":2.27},{"type":"A","date":"2018-03-19T02:40:50.000Z","volume":10000,"label":"Y","price":2.27},{"type":"A","date":"2018-03-19T02:40:51.000Z","volume":4000,"label":" ","price":2.27},{"type":"A","date":"2018-03-19T02:40:58.000Z","volume":1000,"label":" ","price":2.27},{"type":"A","date":"2018-03-19T02:41:25.000Z","volume":1000,"label":" ","price":2.27},{"type":"A","date":"2018-03-19T02:41:43.000Z","volume":2000,"label":" ","price":2.27},{"type":"A","date":"2018-03-19T02:41:43.000Z","volume":1000,"label":" ","price":2.27},{"type":"A","date":"2018-03-19T02:41:44.000Z","volume":4000,"label":" ","price":2.27},{"type":"A","date":"2018-03-19T02:42:34.000Z","volume":1000,"label":" ","price":2.27},{"type":"A","date":"2018-03-19T02:45:29.000Z","volume":2000,"label":" ","price":2.27},{"type":"B","date":"2018-03-19T02:46:52.000Z","volume":100000,"label":" ","price":2.26},{"type":"B","date":"2018-03-19T02:46:52.000Z","volume":2000,"label":"Y","price":2.26},{"type":"B","date":"2018-03-19T02:46:52.000Z","volume":7000,"label":" ","price":2.26},{"type":"A","date":"2018-03-19T02:46:52.000Z","volume":5000,"label":" ","price":2.27},{"type":"A","date":"2018-03-19T02:46:52.000Z","volume":3000,"label":" ","price":2.27},{"type":"A","date":"2018-03-19T02:46:52.000Z","volume":2000,"label":" ","price":2.27},{"type":"B","date":"2018-03-19T02:46:52.000Z","volume":32000,"label":" ","price":2.26},{"type":"B","date":"2018-03-19T02:46:52.000Z","volume":12000,"label":" ","price":2.26},{"type":"B","date":"2018-03-19T02:47:04.000Z","volume":3000,"label":" ","price":2.26},{"type":"B","date":"2018-03-19T02:47:55.000Z","volume":1000,"label":"Y","price":2.26},{"type":"B","date":"2018-03-19T02:47:55.000Z","volume":49000,"label":" ","price":2.26},{"type":"B","date":"2018-03-19T02:48:05.000Z","volume":1000,"label":" ","price":2.25},{"type":"A","date":"2018-03-19T02:52:34.000Z","volume":2000,"label":" ","price":2.26},{"type":"A","date":"2018-03-19T02:52:35.000Z","volume":2000,"label":"Y","price":2.26},{"type":"A","date":"2018-03-19T02:52:35.000Z","volume":62000,"label":" ","price":2.26},{"type":"A","date":"2018-03-19T02:52:35.000Z","volume":6000,"label":" ","price":2.26},{"type":"A","date":"2018-03-19T02:52:35.000Z","volume":2000,"label":" ","price":2.26},{"type":"A","date":"2018-03-19T02:52:35.000Z","volume":1000,"label":" ","price":2.26},{"type":"A","date":"2018-03-19T02:52:36.000Z","volume":25000,"label":" ","price":2.27},{"type":"U","date":"2018-03-19T02:52:40.000Z","volume":46000,"label":"X","price":2.26},{"type":"A","date":"2018-03-19T02:59:37.000Z","volume":9000,"label":" ","price":2.27},{"type":"A","date":"2018-03-19T02:59:38.000Z","volume":3000,"label":" ","price":2.27},{"type":"A","date":"2018-03-19T03:00:39.000Z","volume":1000,"label":" ","price":2.27},{"type":"A","date":"2018-03-19T03:02:23.000Z","volume":20000,"label":"Y","price":2.27},{"type":"A","date":"2018-03-19T03:02:24.000Z","volume":12000,"label":" ","price":2.27},{"type":"A","date":"2018-03-19T03:03:39.000Z","volume":2000,"label":" ","price":2.27},{"type":"A","date":"2018-03-19T03:03:40.000Z","volume":1000,"label":" ","price":2.27},{"type":"A","date":"2018-03-19T03:03:51.000Z","volume":1000,"label":" ","price":2.27},{"type":"A","date":"2018-03-19T03:03:51.000Z","volume":9000,"label":" ","price":2.27},{"type":"A","date":"2018-03-19T03:03:52.000Z","volume":6000,"label":" ","price":2.27},{"type":"B","date":"2018-03-19T03:03:52.000Z","volume":1000,"label":" ","price":2.26},{"type":"A","date":"2018-03-19T03:05:27.000Z","volume":4000,"label":" ","price":2.27},{"type":"A","date":"2018-03-19T03:05:28.000Z","volume":3000,"label":" ","price":2.27},{"type":"B","date":"2018-03-19T03:05:58.000Z","volume":50000,"label":" ","price":2.26},{"type":"B","date":"2018-03-19T03:05:58.000Z","volume":1000,"label":" ","price":2.26},{"type":"A","date":"2018-03-19T03:05:59.000Z","volume":33000,"label":" ","price":2.27},{"type":"A","date":"2018-03-19T03:06:39.000Z","volume":1000,"label":" ","price":2.27},{"type":"A","date":"2018-03-19T03:06:46.000Z","volume":3000,"label":" ","price":2.27},{"type":"A","date":"2018-03-19T03:07:13.000Z","volume":1000,"label":" ","price":2.27},{"type":"A","date":"2018-03-19T03:09:39.000Z","volume":2000,"label":" ","price":2.27},{"type":"A","date":"2018-03-19T03:09:40.000Z","volume":5000,"label":" ","price":2.27},{"type":"A","date":"2018-03-19T03:09:40.000Z","volume":4000,"label":" ","price":2.27},{"type":"A","date":"2018-03-19T03:09:52.000Z","volume":10000,"label":" ","price":2.27},{"type":"A","date":"2018-03-19T03:09:53.000Z","volume":8000,"label":" ","price":2.27},{"type":"A","date":"2018-03-19T03:10:23.000Z","volume":1000,"label":" ","price":2.27},{"type":"A","date":"2018-03-19T03:10:23.000Z","volume":2000,"label":" ","price":2.27},{"type":"A","date":"2018-03-19T03:10:39.000Z","volume":1000,"label":" ","price":2.27},{"type":"A","date":"2018-03-19T03:10:43.000Z","volume":14000,"label":" ","price":2.27},{"type":"A","date":"2018-03-19T03:10:44.000Z","volume":12000,"label":" ","price":2.27},{"type":"B","date":"2018-03-19T03:10:45.000Z","volume":1000,"label":" ","price":2.26},{"type":"B","date":"2018-03-19T03:11:00.000Z","volume":1000,"label":" ","price":2.26},{"type":"A","date":"2018-03-19T03:11:21.000Z","volume":1000,"label":" ","price":2.27},{"type":"A","date":"2018-03-19T03:11:33.000Z","volume":4000,"label":" ","price":2.27},{"type":"A","date":"2018-03-19T03:11:52.000Z","volume":3000,"label":" ","price":2.27},{"type":"A","date":"2018-03-19T03:12:17.000Z","volume":1000,"label":" ","price":2.27},{"type":"A","date":"2018-03-19T03:12:18.000Z","volume":7000,"label":" ","price":2.27},{"type":"A","date":"2018-03-19T03:13:39.000Z","volume":1000,"label":" ","price":2.27},{"type":"A","date":"2018-03-19T03:13:43.000Z","volume":4000,"label":" ","price":2.27},{"type":"A","date":"2018-03-19T03:13:45.000Z","volume":3000,"label":" ","price":2.27},{"type":"A","date":"2018-03-19T03:15:03.000Z","volume":3000,"label":" ","price":2.27},{"type":"A","date":"2018-03-19T03:15:03.000Z","volume":10000,"label":" ","price":2.27},{"type":"A","date":"2018-03-19T03:15:04.000Z","volume":8000,"label":" ","price":2.27},{"type":"B","date":"2018-03-19T03:15:18.000Z","volume":1000,"label":" ","price":2.26},{"type":"A","date":"2018-03-19T03:15:30.000Z","volume":1000,"label":" ","price":2.27},{"type":"A","date":"2018-03-19T03:16:02.000Z","volume":1000,"label":" ","price":2.27},{"type":"A","date":"2018-03-19T03:16:15.000Z","volume":1000,"label":" ","price":2.27},{"type":"A","date":"2018-03-19T03:16:39.000Z","volume":2000,"label":" ","price":2.27},{"type":"A","date":"2018-03-19T03:18:53.000Z","volume":1000,"label":" ","price":2.27},{"type":"A","date":"2018-03-19T03:19:09.000Z","volume":1000,"label":" ","price":2.27},{"type":"A","date":"2018-03-19T03:19:39.000Z","volume":1000,"label":" ","price":2.27},{"type":"A","date":"2018-03-19T03:20:15.000Z","volume":3000,"label":" ","price":2.27},{"type":"A","date":"2018-03-19T03:20:43.000Z","volume":4000,"label":" ","price":2.27},{"type":"A","date":"2018-03-19T03:20:44.000Z","volume":13000,"label":" ","price":2.27},{"type":"A","date":"2018-03-19T03:20:44.000Z","volume":11000,"label":" ","price":2.27},{"type":"A","date":"2018-03-19T03:20:57.000Z","volume":2000,"label":" ","price":2.27},{"type":"A","date":"2018-03-19T03:21:00.000Z","volume":2000,"label":" ","price":2.27},{"type":"B","date":"2018-03-19T03:21:20.000Z","volume":1000,"label":" ","price":2.26},{"type":"A","date":"2018-03-19T03:21:50.000Z","volume":2000,"label":" ","price":2.27},{"type":"A","date":"2018-03-19T03:21:53.000Z","volume":3000,"label":" ","price":2.27},{"type":"A","date":"2018-03-19T03:22:32.000Z","volume":1000,"label":" ","price":2.27},{"type":"A","date":"2018-03-19T03:22:39.000Z","volume":2000,"label":" ","price":2.27},{"type":"A","date":"2018-03-19T03:25:03.000Z","volume":1000,"label":" ","price":2.27},{"type":"A","date":"2018-03-19T03:25:22.000Z","volume":7000,"label":" ","price":2.27},{"type":"A","date":"2018-03-19T03:25:23.000Z","volume":13000,"label":" ","price":2.27},{"type":"A","date":"2018-03-19T03:25:39.000Z","volume":1000,"label":" ","price":2.27},{"type":"A","date":"2018-03-19T03:26:08.000Z","volume":1000,"label":" ","price":2.27},{"type":"A","date":"2018-03-19T03:26:53.000Z","volume":3000,"label":" ","price":2.27},{"type":"A","date":"2018-03-19T03:27:34.000Z","volume":1000,"label":" ","price":2.27},{"type":"A","date":"2018-03-19T03:27:43.000Z","volume":4000,"label":" ","price":2.27},{"type":"A","date":"2018-03-19T03:28:32.000Z","volume":1000,"label":" ","price":2.27},{"type":"A","date":"2018-03-19T03:28:44.000Z","volume":1000,"label":" ","price":2.27},{"type":"A","date":"2018-03-19T03:30:48.000Z","volume":2000,"label":" ","price":2.27},{"type":"A","date":"2018-03-19T03:31:03.000Z","volume":14000,"label":" ","price":2.27},{"type":"A","date":"2018-03-19T03:31:04.000Z","volume":18000,"label":" ","price":2.27},{"type":"A","date":"2018-03-19T03:31:05.000Z","volume":9000,"label":" ","price":2.27},{"type":"A","date":"2018-03-19T03:31:21.000Z","volume":3000,"label":" ","price":2.27},{"type":"B","date":"2018-03-19T03:31:24.000Z","volume":1000,"label":" ","price":2.26},{"type":"A","date":"2018-03-19T03:31:32.000Z","volume":1000,"label":" ","price":2.27},{"type":"A","date":"2018-03-19T03:31:32.000Z","volume":1000,"label":" ","price":2.27},{"type":"A","date":"2018-03-19T03:31:39.000Z","volume":1000,"label":" ","price":2.27},{"type":"A","date":"2018-03-19T03:31:46.000Z","volume":3000,"label":" ","price":2.27},{"type":"A","date":"2018-03-19T03:31:47.000Z","volume":13000,"label":" ","price":2.27},{"type":"A","date":"2018-03-19T03:31:58.000Z","volume":4000,"label":" ","price":2.27},{"type":"A","date":"2018-03-19T03:31:58.000Z","volume":4000,"label":" ","price":2.27},{"type":"A","date":"2018-03-19T03:32:07.000Z","volume":2000,"label":" ","price":2.27},{"type":"B","date":"2018-03-19T03:32:24.000Z","volume":1000,"label":" ","price":2.26},{"type":"A","date":"2018-03-19T03:33:23.000Z","volume":9000,"label":" ","price":2.27},{"type":"A","date":"2018-03-19T03:33:47.000Z","volume":5000,"label":" ","price":2.27},{"type":"A","date":"2018-03-19T03:33:48.000Z","volume":16000,"label":" ","price":2.27},{"type":"A","date":"2018-03-19T03:33:49.000Z","volume":2000,"label":" ","price":2.27},{"type":"A","date":"2018-03-19T03:34:16.000Z","volume":16000,"label":" ","price":2.27},{"type":"A","date":"2018-03-19T03:34:17.000Z","volume":1000,"label":" ","price":2.27},{"type":"A","date":"2018-03-19T03:34:17.000Z","volume":1000,"label":" ","price":2.27},{"type":"A","date":"2018-03-19T03:34:17.000Z","volume":1000,"label":" ","price":2.27},{"type":"A","date":"2018-03-19T03:34:17.000Z","volume":1000,"label":" ","price":2.27},{"type":"A","date":"2018-03-19T03:34:17.000Z","volume":1000,"label":" ","price":2.27},{"type":"A","date":"2018-03-19T03:34:18.000Z","volume":3000,"label":" ","price":2.27},{"type":"A","date":"2018-03-19T03:34:18.000Z","volume":17000,"label":" ","price":2.27},{"type":"A","date":"2018-03-19T03:34:18.000Z","volume":2000,"label":" ","price":2.27},{"type":"A","date":"2018-03-19T03:34:19.000Z","volume":2000,"label":" ","price":2.27},{"type":"A","date":"2018-03-19T03:34:19.000Z","volume":4000,"label":" ","price":2.27},{"type":"A","date":"2018-03-19T03:34:24.000Z","volume":1000,"label":" ","price":2.27},{"type":"B","date":"2018-03-19T03:34:25.000Z","volume":2000,"label":" ","price":2.26},{"type":"A","date":"2018-03-19T03:34:29.000Z","volume":4000,"label":" ","price":2.27},{"type":"A","date":"2018-03-19T03:34:29.000Z","volume":3000,"label":" ","price":2.27},{"type":"A","date":"2018-03-19T03:34:29.000Z","volume":4000,"label":" ","price":2.27},{"type":"A","date":"2018-03-19T03:34:29.000Z","volume":2000,"label":" ","price":2.27},{"type":"A","date":"2018-03-19T03:34:29.000Z","volume":4000,"label":" ","price":2.27},{"type":"A","date":"2018-03-19T03:34:30.000Z","volume":18000,"label":" ","price":2.27},{"type":"A","date":"2018-03-19T03:34:30.000Z","volume":10000,"label":" ","price":2.27},{"type":"A","date":"2018-03-19T03:35:00.000Z","volume":7000,"label":" ","price":2.27},{"type":"A","date":"2018-03-19T03:35:01.000Z","volume":9000,"label":" ","price":2.27},{"type":"A","date":"2018-03-19T03:35:18.000Z","volume":1000,"label":" ","price":2.27},{"type":"A","date":"2018-03-19T03:35:53.000Z","volume":137000,"label":" ","price":2.27},{"type":"B","date":"2018-03-19T03:35:53.000Z","volume":16000,"label":" ","price":2.27},{"type":"A","date":"2018-03-19T03:37:58.000Z","volume":4000,"label":" ","price":2.28},{"type":"A","date":"2018-03-19T03:38:19.000Z","volume":1000,"label":" ","price":2.28},{"type":"A","date":"2018-03-19T03:38:28.000Z","volume":6000,"label":" ","price":2.28},{"type":"A","date":"2018-03-19T03:39:04.000Z","volume":10000,"label":" ","price":2.28},{"type":"A","date":"2018-03-19T03:39:05.000Z","volume":3000,"label":" ","price":2.28},{"type":"A","date":"2018-03-19T03:39:09.000Z","volume":25000,"label":" ","price":2.28},{"type":"A","date":"2018-03-19T03:39:09.000Z","volume":3000,"label":" ","price":2.28},{"type":"A","date":"2018-03-19T03:39:13.000Z","volume":5000,"label":" ","price":2.28},{"type":"A","date":"2018-03-19T03:39:14.000Z","volume":1000,"label":" ","price":2.28},{"type":"B","date":"2018-03-19T03:39:26.000Z","volume":2000,"label":" ","price":2.27},{"type":"A","date":"2018-03-19T03:39:27.000Z","volume":1000,"label":" ","price":2.28},{"type":"A","date":"2018-03-19T03:39:28.000Z","volume":19000,"label":" ","price":2.28},{"type":"A","date":"2018-03-19T03:39:28.000Z","volume":1000,"label":" ","price":2.28},{"type":"A","date":"2018-03-19T03:39:34.000Z","volume":1000,"label":" ","price":2.28},{"type":"A","date":"2018-03-19T03:41:38.000Z","volume":4000,"label":" ","price":2.28},{"type":"A","date":"2018-03-19T03:41:42.000Z","volume":17000,"label":" ","price":2.28},{"type":"B","date":"2018-03-19T03:41:42.000Z","volume":3000,"label":" ","price":2.28},{"type":"B","date":"2018-03-19T03:42:03.000Z","volume":10000,"label":" ","price":2.28},{"type":"A","date":"2018-03-19T03:44:45.000Z","volume":9000,"label":" ","price":2.29},{"type":"A","date":"2018-03-19T03:45:45.000Z","volume":207000,"label":" ","price":2.29},{"type":"U","date":"2018-03-19T03:45:45.000Z","volume":8000,"label":" ","price":2.29},{"type":"U","date":"2018-03-19T03:45:45.000Z","volume":1000,"label":" ","price":2.29},{"type":"A","date":"2018-03-19T03:45:45.000Z","volume":51000,"label":" ","price":2.3},{"type":"B","date":"2018-03-19T03:45:45.000Z","volume":1000,"label":" ","price":2.29},{"type":"A","date":"2018-03-19T03:45:45.000Z","volume":13000,"label":" ","price":2.29},{"type":"B","date":"2018-03-19T03:45:45.000Z","volume":4000,"label":" ","price":2.29},{"type":"A","date":"2018-03-19T03:45:45.000Z","volume":14000,"label":" ","price":2.3},{"type":"A","date":"2018-03-19T03:45:45.000Z","volume":218000,"label":" ","price":2.3},{"type":"B","date":"2018-03-19T03:45:45.000Z","volume":20000,"label":" ","price":2.29},{"type":"A","date":"2018-03-19T03:45:45.000Z","volume":179000,"label":" ","price":2.3},{"type":"A","date":"2018-03-19T03:45:45.000Z","volume":161000,"label":" ","price":2.3},{"type":"A","date":"2018-03-19T03:45:45.000Z","volume":138000,"label":" ","price":2.3},{"type":"A","date":"2018-03-19T03:45:45.000Z","volume":120000,"label":" ","price":2.3},{"type":"A","date":"2018-03-19T03:45:45.000Z","volume":103000,"label":" ","price":2.3},{"type":"A","date":"2018-03-19T03:45:45.000Z","volume":91000,"label":" ","price":2.3},{"type":"A","date":"2018-03-19T03:45:45.000Z","volume":3000,"label":"Y","price":2.3},{"type":"A","date":"2018-03-19T03:45:45.000Z","volume":71000,"label":" ","price":2.3},{"type":"U","date":"2018-03-19T03:45:45.000Z","volume":1000,"label":" ","price":2.29},{"type":"B","date":"2018-03-19T03:45:45.000Z","volume":79000,"label":" ","price":2.28},{"type":"B","date":"2018-03-19T03:45:46.000Z","volume":6000,"label":" ","price":2.29},{"type":"A","date":"2018-03-19T03:45:49.000Z","volume":4000,"label":" ","price":2.29},{"type":"A","date":"2018-03-19T03:45:49.000Z","volume":10000,"label":" ","price":2.29},{"type":"B","date":"2018-03-19T03:45:49.000Z","volume":15000,"label":" ","price":2.29},{"type":"B","date":"2018-03-19T03:46:03.000Z","volume":13000,"label":" ","price":2.29},{"type":"B","date":"2018-03-19T03:46:09.000Z","volume":15000,"label":" ","price":2.29},{"type":"B","date":"2018-03-19T03:46:11.000Z","volume":18000,"label":" ","price":2.29},{"type":"B","date":"2018-03-19T03:46:13.000Z","volume":2000,"label":" ","price":2.29},{"type":"B","date":"2018-03-19T03:46:13.000Z","volume":15000,"label":" ","price":2.29},{"type":"B","date":"2018-03-19T03:46:13.000Z","volume":32000,"label":" ","price":2.29},{"type":"B","date":"2018-03-19T03:47:07.000Z","volume":11000,"label":" ","price":2.28},{"type":"B","date":"2018-03-19T03:49:33.000Z","volume":1000,"label":" ","price":2.29},{"type":"B","date":"2018-03-19T03:49:33.000Z","volume":2000,"label":" ","price":2.29},{"type":"B","date":"2018-03-19T03:50:12.000Z","volume":18000,"label":" ","price":2.29},{"type":"A","date":"2018-03-19T03:50:12.000Z","volume":4000,"label":" ","price":2.29},{"type":"A","date":"2018-03-19T03:50:12.000Z","volume":4000,"label":" ","price":2.29},{"type":"A","date":"2018-03-19T03:50:12.000Z","volume":4000,"label":" ","price":2.29},{"type":"A","date":"2018-03-19T03:50:12.000Z","volume":4000,"label":" ","price":2.29},{"type":"A","date":"2018-03-19T03:51:28.000Z","volume":79000,"label":" ","price":2.29},{"type":"B","date":"2018-03-19T03:51:28.000Z","volume":7000,"label":" ","price":2.29},{"type":"A","date":"2018-03-19T03:52:37.000Z","volume":13000,"label":" ","price":2.3},{"type":"A","date":"2018-03-19T03:56:47.000Z","volume":1000,"label":" ","price":2.3},{"type":"A","date":"2018-03-19T03:57:13.000Z","volume":1000,"label":" ","price":2.3},{"type":"A","date":"2018-03-19T03:57:17.000Z","volume":2000,"label":" ","price":2.3},{"type":"A","date":"2018-03-19T03:57:35.000Z","volume":1000,"label":" ","price":2.3},{"type":"A","date":"2018-03-19T03:57:58.000Z","volume":1000,"label":" ","price":2.3},{"type":"A","date":"2018-03-19T03:58:14.000Z","volume":2000,"label":" ","price":2.3},{"type":"A","date":"2018-03-19T03:58:25.000Z","volume":3000,"label":" ","price":2.3},{"type":"A","date":"2018-03-19T03:58:25.000Z","volume":8000,"label":" ","price":2.3},{"type":"A","date":"2018-03-19T03:58:43.000Z","volume":1000,"label":" ","price":2.3},{"type":"B","date":"2018-03-19T03:58:43.000Z","volume":6000,"label":" ","price":2.29},{"type":"A","date":"2018-03-19T03:59:20.000Z","volume":2000,"label":" ","price":2.3},{"type":"A","date":"2018-03-19T03:59:32.000Z","volume":2000,"label":" ","price":2.3},{"type":"A","date":"2018-03-19T03:59:35.000Z","volume":7000,"label":" ","price":2.3},{"type":"A","date":"2018-03-19T05:00:27.000Z","volume":1000,"label":" ","price":2.3},{"type":"A","date":"2018-03-19T05:00:33.000Z","volume":5000,"label":" ","price":2.3},{"type":"A","date":"2018-03-19T05:01:13.000Z","volume":1000,"label":" ","price":2.3},{"type":"A","date":"2018-03-19T05:02:24.000Z","volume":2000,"label":" ","price":2.3},{"type":"A","date":"2018-03-19T05:02:39.000Z","volume":6000,"label":" ","price":2.3},{"type":"A","date":"2018-03-19T05:03:11.000Z","volume":217000,"label":" ","price":2.3},{"type":"B","date":"2018-03-19T05:03:11.000Z","volume":6000,"label":" ","price":2.29},{"type":"A","date":"2018-03-19T05:03:11.000Z","volume":1000,"label":" ","price":2.3},{"type":"A","date":"2018-03-19T05:04:09.000Z","volume":2000,"label":" ","price":2.3},{"type":"A","date":"2018-03-19T05:04:17.000Z","volume":1000,"label":" ","price":2.3},{"type":"A","date":"2018-03-19T05:04:31.000Z","volume":6000,"label":" ","price":2.3},{"type":"B","date":"2018-03-19T05:05:33.000Z","volume":1000,"label":" ","price":2.29},{"type":"A","date":"2018-03-19T05:06:06.000Z","volume":2000,"label":" ","price":2.3},{"type":"A","date":"2018-03-19T05:06:14.000Z","volume":1000,"label":" ","price":2.3},{"type":"A","date":"2018-03-19T05:06:26.000Z","volume":1000,"label":" ","price":2.3},{"type":"A","date":"2018-03-19T05:06:32.000Z","volume":7000,"label":" ","price":2.3},{"type":"A","date":"2018-03-19T05:07:00.000Z","volume":3000,"label":" ","price":2.3},{"type":"A","date":"2018-03-19T05:07:05.000Z","volume":2000,"label":" ","price":2.3},{"type":"A","date":"2018-03-19T05:07:24.000Z","volume":1000,"label":" ","price":2.3},{"type":"B","date":"2018-03-19T05:07:33.000Z","volume":100000,"label":" ","price":2.29},{"type":"B","date":"2018-03-19T05:07:33.000Z","volume":12000,"label":" ","price":2.29},{"type":"B","date":"2018-03-19T05:07:34.000Z","volume":1000,"label":" ","price":2.29},{"type":"A","date":"2018-03-19T05:07:34.000Z","volume":1000,"label":" ","price":2.29},{"type":"A","date":"2018-03-19T05:07:34.000Z","volume":1000,"label":" ","price":2.29},{"type":"A","date":"2018-03-19T05:07:34.000Z","volume":9000,"label":" ","price":2.29},{"type":"B","date":"2018-03-19T05:07:35.000Z","volume":10000,"label":" ","price":2.29},{"type":"B","date":"2018-03-19T05:07:46.000Z","volume":32000,"label":" ","price":2.28},{"type":"A","date":"2018-03-19T05:07:52.000Z","volume":5000,"label":" ","price":2.28},{"type":"A","date":"2018-03-19T05:07:52.000Z","volume":95000,"label":" ","price":2.28},{"type":"A","date":"2018-03-19T05:07:52.000Z","volume":8000,"label":" ","price":2.28},{"type":"A","date":"2018-03-19T05:07:52.000Z","volume":2000,"label":" ","price":2.28},{"type":"B","date":"2018-03-19T05:07:58.000Z","volume":14000,"label":" ","price":2.28},{"type":"A","date":"2018-03-19T05:08:05.000Z","volume":8000,"label":" ","price":2.29},{"type":"A","date":"2018-03-19T05:10:15.000Z","volume":1000,"label":" ","price":2.28},{"type":"A","date":"2018-03-19T05:10:15.000Z","volume":7000,"label":"Y","price":2.28},{"type":"A","date":"2018-03-19T05:10:15.000Z","volume":14000,"label":" ","price":2.28},{"type":"A","date":"2018-03-19T05:15:02.000Z","volume":4000,"label":" ","price":2.28},{"type":"A","date":"2018-03-19T05:15:02.000Z","volume":1000,"label":" ","price":2.28},{"type":"A","date":"2018-03-19T05:15:02.000Z","volume":1000,"label":" ","price":2.28},{"type":"A","date":"2018-03-19T05:17:10.000Z","volume":1000,"label":" ","price":2.28},{"type":"A","date":"2018-03-19T05:17:39.000Z","volume":4000,"label":" ","price":2.28},{"type":"A","date":"2018-03-19T05:19:34.000Z","volume":4000,"label":" ","price":2.28},{"type":"A","date":"2018-03-19T05:20:05.000Z","volume":1000,"label":" ","price":2.28},{"type":"A","date":"2018-03-19T05:20:17.000Z","volume":2000,"label":" ","price":2.28},{"type":"A","date":"2018-03-19T05:20:33.000Z","volume":3000,"label":" ","price":2.28},{"type":"U","date":"2018-03-19T05:21:04.000Z","volume":1000,"label":"X","price":2.275},{"type":"A","date":"2018-03-19T05:22:15.000Z","volume":2000,"label":" ","price":2.28},{"type":"A","date":"2018-03-19T05:22:24.000Z","volume":2000,"label":" ","price":2.28},{"type":"A","date":"2018-03-19T05:22:27.000Z","volume":6000,"label":" ","price":2.28},{"type":"U","date":"2018-03-19T05:22:59.000Z","volume":1000,"label":"X","price":2.275},{"type":"A","date":"2018-03-19T05:23:23.000Z","volume":3000,"label":" ","price":2.28},{"type":"U","date":"2018-03-19T05:24:06.000Z","volume":1000,"label":"X","price":2.275},{"type":"A","date":"2018-03-19T05:24:18.000Z","volume":2000,"label":" ","price":2.28},{"type":"A","date":"2018-03-19T05:24:25.000Z","volume":3000,"label":" ","price":2.28},{"type":"A","date":"2018-03-19T05:25:02.000Z","volume":4000,"label":" ","price":2.28},{"type":"A","date":"2018-03-19T05:25:02.000Z","volume":1000,"label":" ","price":2.28},{"type":"A","date":"2018-03-19T05:25:02.000Z","volume":1000,"label":" ","price":2.28},{"type":"A","date":"2018-03-19T05:25:10.000Z","volume":1000,"label":" ","price":2.28},{"type":"A","date":"2018-03-19T05:26:05.000Z","volume":2000,"label":" ","price":2.28},{"type":"A","date":"2018-03-19T05:26:09.000Z","volume":5000,"label":" ","price":2.28},{"type":"U","date":"2018-03-19T05:26:55.000Z","volume":1000,"label":"X","price":2.275},{"type":"A","date":"2018-03-19T05:27:20.000Z","volume":1000,"label":" ","price":2.28},{"type":"A","date":"2018-03-19T05:27:58.000Z","volume":2000,"label":" ","price":2.28},{"type":"U","date":"2018-03-19T05:28:05.000Z","volume":1000,"label":"X","price":2.275},{"type":"A","date":"2018-03-19T05:28:14.000Z","volume":7000,"label":" ","price":2.28},{"type":"U","date":"2018-03-19T05:29:12.000Z","volume":1000,"label":"X","price":2.275},{"type":"A","date":"2018-03-19T05:29:59.000Z","volume":1000,"label":" ","price":2.28},{"type":"A","date":"2018-03-19T05:30:05.000Z","volume":5000,"label":" ","price":2.28},{"type":"A","date":"2018-03-19T05:30:06.000Z","volume":4000,"label":" ","price":2.28},{"type":"U","date":"2018-03-19T05:30:07.000Z","volume":2000,"label":"X","price":2.27},{"type":"U","date":"2018-03-19T05:30:07.000Z","volume":1000,"label":"X","price":2.27},{"type":"A","date":"2018-03-19T05:30:08.000Z","volume":1000,"label":" ","price":2.28},{"type":"A","date":"2018-03-19T05:30:15.000Z","volume":2000,"label":" ","price":2.28},{"type":"A","date":"2018-03-19T05:30:59.000Z","volume":7000,"label":" ","price":2.28},{"type":"A","date":"2018-03-19T05:31:02.000Z","volume":3000,"label":" ","price":2.28},{"type":"A","date":"2018-03-19T05:32:04.000Z","volume":3000,"label":" ","price":2.28},{"type":"A","date":"2018-03-19T05:32:04.000Z","volume":4000,"label":" ","price":2.28},{"type":"U","date":"2018-03-19T05:32:04.000Z","volume":3000,"label":"X","price":2.27},{"type":"A","date":"2018-03-19T05:32:04.000Z","volume":1000,"label":" ","price":2.28},{"type":"A","date":"2018-03-19T05:32:05.000Z","volume":1000,"label":" ","price":2.28},{"type":"A","date":"2018-03-19T05:32:06.000Z","volume":17000,"label":" ","price":2.28},{"type":"A","date":"2018-03-19T05:32:06.000Z","volume":6000,"label":" ","price":2.28},{"type":"A","date":"2018-03-19T05:32:06.000Z","volume":4000,"label":" ","price":2.28},{"type":"A","date":"2018-03-19T05:32:06.000Z","volume":2000,"label":" ","price":2.28},{"type":"U","date":"2018-03-19T05:32:08.000Z","volume":3000,"label":"X","price":2.27},{"type":"U","date":"2018-03-19T05:32:08.000Z","volume":2000,"label":"X","price":2.27},{"type":"A","date":"2018-03-19T05:32:10.000Z","volume":2000,"label":" ","price":2.28},{"type":"B","date":"2018-03-19T05:32:12.000Z","volume":1000,"label":" ","price":2.27},{"type":"U","date":"2018-03-19T05:32:12.000Z","volume":8000,"label":"X","price":2.27},{"type":"A","date":"2018-03-19T05:32:37.000Z","volume":11000,"label":" ","price":2.28},{"type":"A","date":"2018-03-19T05:32:37.000Z","volume":2000,"label":" ","price":2.28},{"type":"A","date":"2018-03-19T05:33:08.000Z","volume":1000,"label":" ","price":2.28},{"type":"A","date":"2018-03-19T05:33:35.000Z","volume":4000,"label":" ","price":2.28},{"type":"A","date":"2018-03-19T05:33:35.000Z","volume":2000,"label":"Y","price":2.28},{"type":"A","date":"2018-03-19T05:33:40.000Z","volume":1000,"label":" ","price":2.28},{"type":"A","date":"2018-03-19T05:33:56.000Z","volume":1000,"label":"Y","price":2.28},{"type":"A","date":"2018-03-19T05:33:57.000Z","volume":1000,"label":" ","price":2.28},{"type":"A","date":"2018-03-19T05:34:49.000Z","volume":2000,"label":"Y","price":2.28},{"type":"A","date":"2018-03-19T05:35:18.000Z","volume":1000,"label":" ","price":2.28},{"type":"A","date":"2018-03-19T05:35:19.000Z","volume":4000,"label":" ","price":2.28},{"type":"A","date":"2018-03-19T05:35:46.000Z","volume":3000,"label":" ","price":2.28},{"type":"A","date":"2018-03-19T05:36:05.000Z","volume":2000,"label":" ","price":2.28},{"type":"A","date":"2018-03-19T05:36:20.000Z","volume":14000,"label":" ","price":2.28},{"type":"A","date":"2018-03-19T05:36:20.000Z","volume":1000,"label":" ","price":2.29},{"type":"B","date":"2018-03-19T05:36:22.000Z","volume":3000,"label":" ","price":2.28},{"type":"U","date":"2018-03-19T05:36:22.000Z","volume":1000,"label":"X","price":2.28},{"type":"B","date":"2018-03-19T05:36:32.000Z","volume":38000,"label":" ","price":2.28},{"type":"B","date":"2018-03-19T05:39:42.000Z","volume":9000,"label":" ","price":2.28},{"type":"U","date":"2018-03-19T05:39:42.000Z","volume":1000,"label":"X","price":2.28},{"type":"B","date":"2018-03-19T05:43:23.000Z","volume":7000,"label":" ","price":2.28},{"type":"U","date":"2018-03-19T05:43:25.000Z","volume":2000,"label":"X","price":2.28},{"type":"U","date":"2018-03-19T05:43:25.000Z","volume":1000,"label":"X","price":2.28},{"type":"B","date":"2018-03-19T05:44:12.000Z","volume":70000,"label":" ","price":2.28},{"type":"A","date":"2018-03-19T05:44:12.000Z","volume":1000,"label":" ","price":2.28},{"type":"A","date":"2018-03-19T05:44:12.000Z","volume":6000,"label":" ","price":2.28},{"type":"B","date":"2018-03-19T05:44:14.000Z","volume":12000,"label":" ","price":2.27},{"type":"U","date":"2018-03-19T05:44:14.000Z","volume":1000,"label":"X","price":2.27},{"type":"B","date":"2018-03-19T05:46:55.000Z","volume":9000,"label":" ","price":2.27},{"type":"A","date":"2018-03-19T05:50:02.000Z","volume":4000,"label":" ","price":2.28},{"type":"A","date":"2018-03-19T05:50:02.000Z","volume":4000,"label":" ","price":2.28},{"type":"A","date":"2018-03-19T05:50:02.000Z","volume":1000,"label":" ","price":2.28},{"type":"A","date":"2018-03-19T05:50:02.000Z","volume":1000,"label":" ","price":2.28},{"type":"A","date":"2018-03-19T05:50:02.000Z","volume":1000,"label":" ","price":2.28},{"type":"A","date":"2018-03-19T05:50:03.000Z","volume":4000,"label":" ","price":2.28},{"type":"A","date":"2018-03-19T05:50:04.000Z","volume":5000,"label":"Y","price":2.28},{"type":"A","date":"2018-03-19T05:50:04.000Z","volume":12000,"label":" ","price":2.28},{"type":"A","date":"2018-03-19T05:50:04.000Z","volume":5000,"label":" ","price":2.28},{"type":"B","date":"2018-03-19T05:50:06.000Z","volume":1000,"label":"Y","price":2.28},{"type":"B","date":"2018-03-19T05:50:06.000Z","volume":3000,"label":" ","price":2.28},{"type":"U","date":"2018-03-19T05:50:06.000Z","volume":2000,"label":"X","price":2.28},{"type":"B","date":"2018-03-19T05:51:01.000Z","volume":17000,"label":" ","price":2.28},{"type":"B","date":"2018-03-19T05:51:01.000Z","volume":4000,"label":" ","price":2.28},{"type":"B","date":"2018-03-19T05:52:04.000Z","volume":2000,"label":"Y","price":2.28},{"type":"B","date":"2018-03-19T05:52:04.000Z","volume":3000,"label":" ","price":2.28},{"type":"U","date":"2018-03-19T05:52:04.000Z","volume":1000,"label":"X","price":2.28},{"type":"B","date":"2018-03-19T05:56:52.000Z","volume":15000,"label":" ","price":2.28},{"type":"B","date":"2018-03-19T05:56:54.000Z","volume":11000,"label":" ","price":2.28},{"type":"U","date":"2018-03-19T05:56:54.000Z","volume":1000,"label":"X","price":2.28},{"type":"A","date":"2018-03-19T05:58:20.000Z","volume":1000,"label":" ","price":2.29},{"type":"A","date":"2018-03-19T05:59:17.000Z","volume":4000,"label":" ","price":2.29},{"type":"A","date":"2018-03-19T05:59:17.000Z","volume":1000,"label":" ","price":2.29},{"type":"B","date":"2018-03-19T05:59:19.000Z","volume":1000,"label":" ","price":2.28},{"type":"U","date":"2018-03-19T05:59:19.000Z","volume":1000,"label":"X","price":2.28},{"type":"U","date":"2018-03-19T05:59:19.000Z","volume":4000,"label":"X","price":2.28},{"type":"A","date":"2018-03-19T05:59:39.000Z","volume":4000,"label":" ","price":2.29},{"type":"A","date":"2018-03-19T05:59:40.000Z","volume":50000,"label":" ","price":2.29},{"type":"A","date":"2018-03-19T05:59:40.000Z","volume":10000,"label":"Y","price":2.29},{"type":"A","date":"2018-03-19T05:59:40.000Z","volume":9000,"label":" ","price":2.29},{"type":"A","date":"2018-03-19T05:59:40.000Z","volume":5000,"label":"Y","price":2.29},{"type":"A","date":"2018-03-19T05:59:40.000Z","volume":1000,"label":" ","price":2.29},{"type":"A","date":"2018-03-19T05:59:40.000Z","volume":1000,"label":"Y","price":2.29},{"type":"A","date":"2018-03-19T05:59:40.000Z","volume":6000,"label":" ","price":2.29},{"type":"B","date":"2018-03-19T05:59:40.000Z","volume":1000,"label":" ","price":2.29},{"type":"B","date":"2018-03-19T05:59:41.000Z","volume":2000,"label":"Y","price":2.28},{"type":"B","date":"2018-03-19T05:59:41.000Z","volume":1000,"label":" ","price":2.28},{"type":"A","date":"2018-03-19T06:02:39.000Z","volume":8000,"label":" ","price":2.3},{"type":"U","date":"2018-03-19T06:02:39.000Z","volume":3000,"label":"X","price":2.28},{"type":"B","date":"2018-03-19T06:03:06.000Z","volume":1000,"label":" ","price":2.29},{"type":"B","date":"2018-03-19T06:03:06.000Z","volume":2000,"label":" ","price":2.29},{"type":"B","date":"2018-03-19T06:04:19.000Z","volume":10000,"label":" ","price":2.29},{"type":"B","date":"2018-03-19T06:04:21.000Z","volume":3000,"label":" ","price":2.29},{"type":"B","date":"2018-03-19T06:06:28.000Z","volume":50000,"label":" ","price":2.29},{"type":"B","date":"2018-03-19T06:06:29.000Z","volume":2000,"label":" ","price":2.29},{"type":"B","date":"2018-03-19T06:06:30.000Z","volume":10000,"label":"Y","price":2.28},{"type":"B","date":"2018-03-19T06:06:30.000Z","volume":1000,"label":" ","price":2.28},{"type":"U","date":"2018-03-19T06:07:28.000Z","volume":1000,"label":"X","price":2.29},{"type":"A","date":"2018-03-19T06:07:40.000Z","volume":2000,"label":" ","price":2.29},{"type":"A","date":"2018-03-19T06:08:19.000Z","volume":1000,"label":" ","price":2.29},{"type":"A","date":"2018-03-19T06:08:37.000Z","volume":3000,"label":" ","price":2.29},{"type":"B","date":"2018-03-19T06:08:37.000Z","volume":3000,"label":"Y","price":2.28},{"type":"U","date":"2018-03-19T06:08:37.000Z","volume":2000,"label":"X","price":2.28},{"type":"A","date":"2018-03-19T06:09:17.000Z","volume":1000,"label":" ","price":2.29},{"type":"A","date":"2018-03-19T06:09:54.000Z","volume":4000,"label":" ","price":2.29},{"type":"A","date":"2018-03-19T06:10:09.000Z","volume":1000,"label":" ","price":2.29},{"type":"A","date":"2018-03-19T06:10:41.000Z","volume":1000,"label":" ","price":2.29},{"type":"B","date":"2018-03-19T06:10:43.000Z","volume":3000,"label":"Y","price":2.28},{"type":"U","date":"2018-03-19T06:10:43.000Z","volume":1000,"label":"X","price":2.28},{"type":"A","date":"2018-03-19T06:16:25.000Z","volume":1000,"label":" ","price":2.29},{"type":"U","date":"2018-03-19T06:16:46.000Z","volume":1000,"label":"X","price":2.285},{"type":"A","date":"2018-03-19T06:17:20.000Z","volume":15000,"label":" ","price":2.29},{"type":"A","date":"2018-03-19T06:17:20.000Z","volume":1000,"label":" ","price":2.29},{"type":"U","date":"2018-03-19T06:17:22.000Z","volume":4000,"label":"X","price":2.28},{"type":"A","date":"2018-03-19T06:17:32.000Z","volume":5000,"label":" ","price":2.29},{"type":"A","date":"2018-03-19T06:17:35.000Z","volume":2000,"label":" ","price":2.29},{"type":"B","date":"2018-03-19T06:17:35.000Z","volume":1000,"label":" ","price":2.28},{"type":"A","date":"2018-03-19T06:17:55.000Z","volume":2000,"label":" ","price":2.29},{"type":"U","date":"2018-03-19T06:17:57.000Z","volume":1000,"label":"X","price":2.28},{"type":"U","date":"2018-03-19T06:17:57.000Z","volume":2000,"label":"X","price":2.28},{"type":"A","date":"2018-03-19T06:19:04.000Z","volume":40000,"label":" ","price":2.29},{"type":"B","date":"2018-03-19T06:19:04.000Z","volume":1000,"label":" ","price":2.28},{"type":"U","date":"2018-03-19T06:19:04.000Z","volume":4000,"label":"X","price":2.28},{"type":"U","date":"2018-03-19T06:19:04.000Z","volume":3000,"label":"X","price":2.28},{"type":"A","date":"2018-03-19T06:19:06.000Z","volume":6000,"label":" ","price":2.29},{"type":"A","date":"2018-03-19T06:19:07.000Z","volume":238000,"label":" ","price":2.29},{"type":"B","date":"2018-03-19T06:19:07.000Z","volume":3000,"label":" ","price":2.29},{"type":"B","date":"2018-03-19T06:19:07.000Z","volume":59000,"label":" ","price":2.29},{"type":"A","date":"2018-03-19T06:19:07.000Z","volume":9000,"label":" ","price":2.29},{"type":"B","date":"2018-03-19T06:19:08.000Z","volume":19000,"label":" ","price":2.29},{"type":"B","date":"2018-03-19T06:20:13.000Z","volume":1000,"label":" ","price":2.29},{"type":"A","date":"2018-03-19T06:27:35.000Z","volume":2000,"label":" ","price":2.3},{"type":"A","date":"2018-03-19T06:28:53.000Z","volume":1000,"label":" ","price":2.3},{"type":"A","date":"2018-03-19T06:30:40.000Z","volume":1000,"label":" ","price":2.3},{"type":"U","date":"2018-03-19T06:30:42.000Z","volume":10000,"label":"X","price":2.29},{"type":"U","date":"2018-03-19T06:30:42.000Z","volume":1000,"label":"X","price":2.29},{"type":"A","date":"2018-03-19T06:31:08.000Z","volume":4000,"label":" ","price":2.3},{"type":"A","date":"2018-03-19T06:31:22.000Z","volume":9000,"label":" ","price":2.3},{"type":"A","date":"2018-03-19T06:31:47.000Z","volume":4000,"label":" ","price":2.3},{"type":"A","date":"2018-03-19T06:31:47.000Z","volume":1000,"label":" ","price":2.3},{"type":"U","date":"2018-03-19T06:31:49.000Z","volume":2000,"label":"X","price":2.29},{"type":"U","date":"2018-03-19T06:31:49.000Z","volume":4000,"label":"X","price":2.29},{"type":"B","date":"2018-03-19T06:32:19.000Z","volume":2000,"label":" ","price":2.29},{"type":"B","date":"2018-03-19T06:32:25.000Z","volume":20000,"label":"Y","price":2.29},{"type":"B","date":"2018-03-19T06:32:25.000Z","volume":74000,"label":" ","price":2.29},{"type":"B","date":"2018-03-19T06:32:27.000Z","volume":2000,"label":" ","price":2.29},{"type":"U","date":"2018-03-19T06:32:27.000Z","volume":14000,"label":"X","price":2.29},{"type":"U","date":"2018-03-19T06:32:27.000Z","volume":2000,"label":"X","price":2.29},{"type":"B","date":"2018-03-19T06:32:29.000Z","volume":3000,"label":" ","price":2.29},{"type":"B","date":"2018-03-19T06:33:20.000Z","volume":4000,"label":" ","price":2.29},{"type":"A","date":"2018-03-19T06:34:35.000Z","volume":3000,"label":" ","price":2.3},{"type":"A","date":"2018-03-19T06:36:22.000Z","volume":4000,"label":" ","price":2.3},{"type":"A","date":"2018-03-19T06:38:22.000Z","volume":4000,"label":" ","price":2.3},{"type":"A","date":"2018-03-19T06:39:40.000Z","volume":1000,"label":" ","price":2.3},{"type":"A","date":"2018-03-19T06:40:27.000Z","volume":6000,"label":" ","price":2.3},{"type":"U","date":"2018-03-19T06:40:27.000Z","volume":9000,"label":"X","price":2.29},{"type":"U","date":"2018-03-19T06:40:27.000Z","volume":2000,"label":"X","price":2.29},{"type":"A","date":"2018-03-19T06:41:02.000Z","volume":4000,"label":" ","price":2.3},{"type":"A","date":"2018-03-19T06:41:17.000Z","volume":1000,"label":" ","price":2.3},{"type":"A","date":"2018-03-19T06:41:27.000Z","volume":9000,"label":" ","price":2.3},{"type":"A","date":"2018-03-19T06:42:40.000Z","volume":1000,"label":" ","price":2.3},{"type":"A","date":"2018-03-19T06:42:55.000Z","volume":10000,"label":" ","price":2.3},{"type":"U","date":"2018-03-19T06:42:55.000Z","volume":6000,"label":"X","price":2.29},{"type":"U","date":"2018-03-19T06:42:55.000Z","volume":2000,"label":"X","price":2.29},{"type":"A","date":"2018-03-19T06:43:07.000Z","volume":18000,"label":" ","price":2.3},{"type":"U","date":"2018-03-19T06:43:09.000Z","volume":4000,"label":"X","price":2.29},{"type":"U","date":"2018-03-19T06:43:09.000Z","volume":1000,"label":"X","price":2.29},{"type":"A","date":"2018-03-19T06:43:57.000Z","volume":2000,"label":" ","price":2.3},{"type":"A","date":"2018-03-19T06:44:32.000Z","volume":5000,"label":" ","price":2.3},{"type":"A","date":"2018-03-19T06:45:40.000Z","volume":2000,"label":" ","price":2.3},{"type":"B","date":"2018-03-19T06:45:56.000Z","volume":40000,"label":" ","price":2.29},{"type":"U","date":"2018-03-19T06:45:56.000Z","volume":4000,"label":"X","price":2.29},{"type":"B","date":"2018-03-19T06:45:58.000Z","volume":2000,"label":"Y","price":2.29},{"type":"U","date":"2018-03-19T06:45:58.000Z","volume":4000,"label":"X","price":2.29},{"type":"U","date":"2018-03-19T06:45:58.000Z","volume":2000,"label":"X","price":2.29},{"type":"A","date":"2018-03-19T06:46:02.000Z","volume":2000,"label":"Y","price":2.3},{"type":"A","date":"2018-03-19T06:46:02.000Z","volume":3000,"label":" ","price":2.3},{"type":"B","date":"2018-03-19T06:46:24.000Z","volume":4000,"label":" ","price":2.29},{"type":"A","date":"2018-03-19T06:47:32.000Z","volume":1000,"label":"Y","price":2.3},{"type":"B","date":"2018-03-19T06:48:38.000Z","volume":5000,"label":" ","price":2.29},{"type":"U","date":"2018-03-19T06:48:38.000Z","volume":3000,"label":"X","price":2.29},{"type":"U","date":"2018-03-19T06:48:38.000Z","volume":2000,"label":"X","price":2.29},{"type":"A","date":"2018-03-19T06:48:40.000Z","volume":1000,"label":" ","price":2.3},{"type":"A","date":"2018-03-19T06:51:17.000Z","volume":4000,"label":"Y","price":2.3},{"type":"A","date":"2018-03-19T06:51:17.000Z","volume":1000,"label":"Y","price":2.3},{"type":"A","date":"2018-03-19T06:51:40.000Z","volume":1000,"label":" ","price":2.3},{"type":"A","date":"2018-03-19T06:52:28.000Z","volume":4000,"label":" ","price":2.3},{"type":"U","date":"2018-03-19T06:52:28.000Z","volume":4000,"label":"X","price":2.29},{"type":"A","date":"2018-03-19T06:53:56.000Z","volume":26000,"label":" ","price":2.3},{"type":"U","date":"2018-03-19T06:53:56.000Z","volume":3000,"label":"X","price":2.29},{"type":"U","date":"2018-03-19T06:53:56.000Z","volume":2000,"label":"X","price":2.29},{"type":"U","date":"2018-03-19T06:54:19.000Z","volume":2000,"label":"X","price":2.3},{"type":"A","date":"2018-03-19T06:54:25.000Z","volume":5000,"label":" ","price":2.3},{"type":"U","date":"2018-03-19T06:54:29.000Z","volume":1000,"label":"X","price":2.3},{"type":"A","date":"2018-03-19T06:54:45.000Z","volume":2000,"label":" ","price":2.3},{"type":"A","date":"2018-03-19T06:54:47.000Z","volume":1000,"label":"Y","price":2.3},{"type":"A","date":"2018-03-19T06:55:02.000Z","volume":3000,"label":" ","price":2.3},{"type":"U","date":"2018-03-19T06:55:02.000Z","volume":4000,"label":"X","price":2.29},{"type":"A","date":"2018-03-19T06:55:17.000Z","volume":4000,"label":"Y","price":2.3},{"type":"A","date":"2018-03-19T06:55:44.000Z","volume":5000,"label":"Y","price":2.3},{"type":"A","date":"2018-03-19T06:55:44.000Z","volume":794000,"label":" ","price":2.3},{"type":"A","date":"2018-03-19T06:55:44.000Z","volume":114000,"label":" ","price":2.3},{"type":"A","date":"2018-03-19T06:55:44.000Z","volume":28000,"label":" ","price":2.3},{"type":"A","date":"2018-03-19T06:55:44.000Z","volume":35000,"label":" ","price":2.3},{"type":"U","date":"2018-03-19T06:55:44.000Z","volume":1000,"label":"X","price":2.29},{"type":"U","date":"2018-03-19T06:55:44.000Z","volume":1000,"label":"X","price":2.29},{"type":"A","date":"2018-03-19T06:55:45.000Z","volume":1000,"label":" ","price":2.3},{"type":"A","date":"2018-03-19T06:55:45.000Z","volume":10000,"label":"Y","price":2.3},{"type":"A","date":"2018-03-19T06:55:45.000Z","volume":19000,"label":" ","price":2.3},{"type":"B","date":"2018-03-19T06:55:49.000Z","volume":1000,"label":" ","price":2.29},{"type":"B","date":"2018-03-19T06:56:28.000Z","volume":44000,"label":" ","price":2.29},{"type":"B","date":"2018-03-19T06:56:28.000Z","volume":1000,"label":" ","price":2.29},{"type":"A","date":"2018-03-19T06:56:32.000Z","volume":1000,"label":" ","price":2.3},{"type":"U","date":"2018-03-19T06:56:34.000Z","volume":3000,"label":"X","price":2.29},{"type":"U","date":"2018-03-19T06:56:34.000Z","volume":3000,"label":"X","price":2.29},{"type":"A","date":"2018-03-19T06:57:17.000Z","volume":4000,"label":" ","price":2.3},{"type":"B","date":"2018-03-19T06:57:25.000Z","volume":40000,"label":" ","price":2.29},{"type":"B","date":"2018-03-19T06:57:25.000Z","volume":1000,"label":" ","price":2.29},{"type":"A","date":"2018-03-19T06:57:51.000Z","volume":2000,"label":" ","price":2.3},{"type":"B","date":"2018-03-19T06:57:51.000Z","volume":8000,"label":" ","price":2.29},{"type":"A","date":"2018-03-19T07:00:56.000Z","volume":3000,"label":" ","price":2.3},{"type":"A","date":"2018-03-19T07:03:37.000Z","volume":3000,"label":"Y","price":2.3},{"type":"A","date":"2018-03-19T07:03:37.000Z","volume":8000,"label":" ","price":2.3},{"type":"U","date":"2018-03-19T07:03:38.000Z","volume":3000,"label":"X","price":2.29},{"type":"U","date":"2018-03-19T07:03:38.000Z","volume":1000,"label":"X","price":2.29},{"type":"A","date":"2018-03-19T07:03:44.000Z","volume":2000,"label":" ","price":2.3},{"type":"B","date":"2018-03-19T07:03:56.000Z","volume":1000,"label":" ","price":2.29},{"type":"A","date":"2018-03-19T07:04:38.000Z","volume":8000,"label":" ","price":2.3},{"type":"U","date":"2018-03-19T07:04:40.000Z","volume":2000,"label":"X","price":2.29},{"type":"A","date":"2018-03-19T07:04:40.000Z","volume":2000,"label":" ","price":2.3},{"type":"A","date":"2018-03-19T07:04:47.000Z","volume":3000,"label":" ","price":2.3},{"type":"A","date":"2018-03-19T07:05:29.000Z","volume":7000,"label":" ","price":2.3},{"type":"U","date":"2018-03-19T07:05:31.000Z","volume":3000,"label":"X","price":2.29},{"type":"A","date":"2018-03-19T07:05:42.000Z","volume":3000,"label":" ","price":2.3},{"type":"A","date":"2018-03-19T07:06:30.000Z","volume":9000,"label":" ","price":2.3},{"type":"U","date":"2018-03-19T07:06:32.000Z","volume":3000,"label":"X","price":2.29},{"type":"A","date":"2018-03-19T07:06:32.000Z","volume":1000,"label":" ","price":2.3},{"type":"A","date":"2018-03-19T07:06:39.000Z","volume":2000,"label":" ","price":2.3},{"type":"B","date":"2018-03-19T07:06:39.000Z","volume":1000,"label":" ","price":2.29},{"type":"B","date":"2018-03-19T07:06:42.000Z","volume":300000,"label":"Y","price":2.29},{"type":"B","date":"2018-03-19T07:06:42.000Z","volume":135000,"label":" ","price":2.29},{"type":"B","date":"2018-03-19T07:06:42.000Z","volume":1000,"label":" ","price":2.29},{"type":"B","date":"2018-03-19T07:06:42.000Z","volume":11000,"label":" ","price":2.29},{"type":"B","date":"2018-03-19T07:06:42.000Z","volume":7000,"label":" ","price":2.29},{"type":"B","date":"2018-03-19T07:06:43.000Z","volume":14000,"label":"Y","price":2.29},{"type":"B","date":"2018-03-19T07:06:43.000Z","volume":3000,"label":" ","price":2.29},{"type":"B","date":"2018-03-19T07:06:43.000Z","volume":17000,"label":" ","price":2.29},{"type":"U","date":"2018-03-19T07:06:43.000Z","volume":6000,"label":"X","price":2.29},{"type":"U","date":"2018-03-19T07:06:43.000Z","volume":4000,"label":"X","price":2.29},{"type":"B","date":"2018-03-19T07:06:45.000Z","volume":11000,"label":" ","price":2.29},{"type":"B","date":"2018-03-19T07:06:45.000Z","volume":249000,"label":" ","price":2.29},{"type":"B","date":"2018-03-19T07:06:45.000Z","volume":94000,"label":" ","price":2.28},{"type":"U","date":"2018-03-19T07:06:45.000Z","volume":62000,"label":" ","price":2.29},{"type":"U","date":"2018-03-19T07:06:45.000Z","volume":4000,"label":"X","price":2.29},{"type":"B","date":"2018-03-19T07:06:48.000Z","volume":1000,"label":" ","price":2.27},{"type":"B","date":"2018-03-19T07:11:09.000Z","volume":5000,"label":" ","price":2.27},{"type":"B","date":"2018-03-19T07:12:44.000Z","volume":6000,"label":" ","price":2.28},{"type":"B","date":"2018-03-19T07:12:44.000Z","volume":3000,"label":" ","price":2.28},{"type":"B","date":"2018-03-19T07:12:46.000Z","volume":3000,"label":" ","price":2.28},{"type":"U","date":"2018-03-19T07:12:56.000Z","volume":280,"label":"D","price":2.29},{"type":"A","date":"2018-03-19T07:14:45.000Z","volume":2000,"label":" ","price":2.29},{"type":"A","date":"2018-03-19T07:16:02.000Z","volume":4000,"label":" ","price":2.29},{"type":"A","date":"2018-03-19T07:16:02.000Z","volume":4000,"label":" ","price":2.29},{"type":"B","date":"2018-03-19T07:16:04.000Z","volume":14000,"label":"Y","price":2.28},{"type":"B","date":"2018-03-19T07:16:04.000Z","volume":30000,"label":" ","price":2.28},{"type":"B","date":"2018-03-19T07:16:04.000Z","volume":1000,"label":" ","price":2.28},{"type":"U","date":"2018-03-19T07:16:04.000Z","volume":1000,"label":"X","price":2.28},{"type":"U","date":"2018-03-19T07:16:04.000Z","volume":3000,"label":"X","price":2.28},{"type":"A","date":"2018-03-19T07:20:23.000Z","volume":3000,"label":" ","price":2.29},{"type":"A","date":"2018-03-19T07:20:25.000Z","volume":11000,"label":" ","price":2.29},{"type":"B","date":"2018-03-19T07:20:27.000Z","volume":3000,"label":"Y","price":2.28},{"type":"B","date":"2018-03-19T07:20:27.000Z","volume":3000,"label":" ","price":2.28},{"type":"U","date":"2018-03-19T07:20:27.000Z","volume":1000,"label":"X","price":2.28},{"type":"U","date":"2018-03-19T07:20:27.000Z","volume":4000,"label":"X","price":2.28},{"type":"A","date":"2018-03-19T07:21:24.000Z","volume":4000,"label":" ","price":2.29},{"type":"A","date":"2018-03-19T07:21:24.000Z","volume":4000,"label":" ","price":2.29},{"type":"B","date":"2018-03-19T07:21:24.000Z","volume":1000,"label":" ","price":2.28},{"type":"A","date":"2018-03-19T07:22:32.000Z","volume":1000,"label":" ","price":2.29},{"type":"A","date":"2018-03-19T07:22:32.000Z","volume":1000,"label":" ","price":2.29},{"type":"U","date":"2018-03-19T07:22:34.000Z","volume":1000,"label":"X","price":2.28},{"type":"U","date":"2018-03-19T07:22:34.000Z","volume":1000,"label":"X","price":2.28},{"type":"A","date":"2018-03-19T07:22:35.000Z","volume":1000,"label":" ","price":2.29},{"type":"A","date":"2018-03-19T07:22:53.000Z","volume":1000,"label":" ","price":2.29},{"type":"A","date":"2018-03-19T07:23:23.000Z","volume":7000,"label":" ","price":2.29},{"type":"U","date":"2018-03-19T07:23:23.000Z","volume":2000,"label":"X","price":2.28},{"type":"A","date":"2018-03-19T07:23:28.000Z","volume":4000,"label":" ","price":2.29},{"type":"A","date":"2018-03-19T07:24:17.000Z","volume":5000,"label":" ","price":2.29},{"type":"U","date":"2018-03-19T07:24:18.000Z","volume":2000,"label":"X","price":2.28},{"type":"A","date":"2018-03-19T07:24:35.000Z","volume":2000,"label":" ","price":2.29},{"type":"A","date":"2018-03-19T07:24:36.000Z","volume":4000,"label":" ","price":2.29},{"type":"A","date":"2018-03-19T07:25:16.000Z","volume":1000,"label":"Y","price":2.29},{"type":"A","date":"2018-03-19T07:25:16.000Z","volume":5000,"label":" ","price":2.29},{"type":"A","date":"2018-03-19T07:25:16.000Z","volume":3000,"label":"Y","price":2.29},{"type":"A","date":"2018-03-19T07:27:13.000Z","volume":8000,"label":"Y","price":2.29},{"type":"A","date":"2018-03-19T07:27:13.000Z","volume":2000,"label":" ","price":2.29},{"type":"A","date":"2018-03-19T07:27:32.000Z","volume":4000,"label":" ","price":2.29},{"type":"A","date":"2018-03-19T07:27:40.000Z","volume":1000,"label":" ","price":2.29},{"type":"A","date":"2018-03-19T07:28:07.000Z","volume":5000,"label":" ","price":2.29},{"type":"A","date":"2018-03-19T07:28:34.000Z","volume":2000,"label":" ","price":2.29},{"type":"A","date":"2018-03-19T07:29:33.000Z","volume":2000,"label":" ","price":2.29},{"type":"A","date":"2018-03-19T07:30:04.000Z","volume":12000,"label":" ","price":2.29},{"type":"A","date":"2018-03-19T07:30:36.000Z","volume":2000,"label":" ","price":2.29},{"type":"A","date":"2018-03-19T07:30:40.000Z","volume":2000,"label":" ","price":2.29},{"type":"A","date":"2018-03-19T07:31:07.000Z","volume":6000,"label":" ","price":2.29},{"type":"U","date":"2018-03-19T07:31:09.000Z","volume":1000,"label":"X","price":2.28},{"type":"A","date":"2018-03-19T07:31:27.000Z","volume":1000,"label":" ","price":2.29},{"type":"A","date":"2018-03-19T07:31:45.000Z","volume":2000,"label":" ","price":2.29},{"type":"A","date":"2018-03-19T07:32:34.000Z","volume":1000,"label":" ","price":2.29},{"type":"A","date":"2018-03-19T07:32:40.000Z","volume":1000,"label":" ","price":2.29},{"type":"A","date":"2018-03-19T07:32:53.000Z","volume":2000,"label":" ","price":2.29},{"type":"U","date":"2018-03-19T07:32:53.000Z","volume":2000,"label":"X","price":2.28},{"type":"A","date":"2018-03-19T07:32:59.000Z","volume":7000,"label":" ","price":2.29},{"type":"A","date":"2018-03-19T07:32:59.000Z","volume":8000,"label":" ","price":2.29},{"type":"U","date":"2018-03-19T07:33:01.000Z","volume":2000,"label":"X","price":2.285},{"type":"A","date":"2018-03-19T07:34:52.000Z","volume":3000,"label":" ","price":2.29},{"type":"A","date":"2018-03-19T07:34:52.000Z","volume":7000,"label":" ","price":2.29},{"type":"U","date":"2018-03-19T07:34:54.000Z","volume":2000,"label":"X","price":2.28},{"type":"A","date":"2018-03-19T07:35:01.000Z","volume":8000,"label":" ","price":2.29},{"type":"A","date":"2018-03-19T07:35:01.000Z","volume":9000,"label":" ","price":2.29},{"type":"U","date":"2018-03-19T07:35:02.000Z","volume":3000,"label":"X","price":2.28},{"type":"A","date":"2018-03-19T07:35:45.000Z","volume":2000,"label":" ","price":2.29},{"type":"A","date":"2018-03-19T07:36:18.000Z","volume":5000,"label":" ","price":2.29},{"type":"A","date":"2018-03-19T07:36:18.000Z","volume":7000,"label":" ","price":2.29},{"type":"U","date":"2018-03-19T07:36:20.000Z","volume":2000,"label":"X","price":2.28},{"type":"U","date":"2018-03-19T07:36:20.000Z","volume":1000,"label":"X","price":2.28},{"type":"A","date":"2018-03-19T07:36:20.000Z","volume":2000,"label":" ","price":2.29},{"type":"A","date":"2018-03-19T07:36:21.000Z","volume":1000,"label":" ","price":2.29},{"type":"A","date":"2018-03-19T07:37:39.000Z","volume":4000,"label":" ","price":2.29},{"type":"A","date":"2018-03-19T07:37:39.000Z","volume":4000,"label":" ","price":2.29},{"type":"A","date":"2018-03-19T07:37:39.000Z","volume":4000,"label":" ","price":2.29},{"type":"A","date":"2018-03-19T07:37:39.000Z","volume":3000,"label":" ","price":2.29},{"type":"U","date":"2018-03-19T07:37:40.000Z","volume":3000,"label":"X","price":2.28},{"type":"A","date":"2018-03-19T07:37:40.000Z","volume":1000,"label":" ","price":2.29},{"type":"A","date":"2018-03-19T07:37:45.000Z","volume":1000,"label":" ","price":2.29},{"type":"A","date":"2018-03-19T07:37:45.000Z","volume":5000,"label":" ","price":2.29},{"type":"A","date":"2018-03-19T07:37:47.000Z","volume":1000,"label":" ","price":2.29},{"type":"A","date":"2018-03-19T07:37:47.000Z","volume":1000,"label":" ","price":2.29},{"type":"A","date":"2018-03-19T07:37:47.000Z","volume":1000,"label":" ","price":2.29},{"type":"A","date":"2018-03-19T07:37:47.000Z","volume":1000,"label":" ","price":2.29},{"type":"A","date":"2018-03-19T07:37:47.000Z","volume":1000,"label":" ","price":2.29},{"type":"U","date":"2018-03-19T07:37:49.000Z","volume":3000,"label":"X","price":2.28},{"type":"A","date":"2018-03-19T07:37:53.000Z","volume":6000,"label":" ","price":2.29},{"type":"A","date":"2018-03-19T07:37:53.000Z","volume":2000,"label":" ","price":2.29},{"type":"U","date":"2018-03-19T07:37:55.000Z","volume":2000,"label":"X","price":2.28},{"type":"A","date":"2018-03-19T07:38:25.000Z","volume":1000,"label":" ","price":2.29},{"type":"A","date":"2018-03-19T07:38:58.000Z","volume":13000,"label":" ","price":2.29},{"type":"A","date":"2018-03-19T07:39:03.000Z","volume":1000,"label":"Y","price":2.29},{"type":"A","date":"2018-03-19T07:39:03.000Z","volume":13000,"label":" ","price":2.29},{"type":"A","date":"2018-03-19T07:39:03.000Z","volume":8000,"label":" ","price":2.29},{"type":"A","date":"2018-03-19T07:39:03.000Z","volume":3000,"label":"Y","price":2.29},{"type":"A","date":"2018-03-19T07:39:21.000Z","volume":2000,"label":" ","price":2.29},{"type":"A","date":"2018-03-19T07:39:21.000Z","volume":13000,"label":"Y","price":2.29},{"type":"A","date":"2018-03-19T07:39:21.000Z","volume":14000,"label":" ","price":2.29},{"type":"A","date":"2018-03-19T07:39:21.000Z","volume":1000,"label":" ","price":2.29},{"type":"A","date":"2018-03-19T07:39:21.000Z","volume":10000,"label":" ","price":2.29},{"type":"A","date":"2018-03-19T07:39:26.000Z","volume":4000,"label":" ","price":2.29},{"type":"A","date":"2018-03-19T07:39:51.000Z","volume":10000,"label":" ","price":2.29},{"type":"A","date":"2018-03-19T07:39:57.000Z","volume":4000,"label":" ","price":2.29},{"type":"A","date":"2018-03-19T07:40:00.000Z","volume":3000,"label":" ","price":2.29},{"type":"A","date":"2018-03-19T07:40:16.000Z","volume":1000,"label":" ","price":2.29},{"type":"A","date":"2018-03-19T07:40:16.000Z","volume":4000,"label":" ","price":2.29},{"type":"A","date":"2018-03-19T07:40:17.000Z","volume":1000,"label":" ","price":2.29},{"type":"A","date":"2018-03-19T07:40:23.000Z","volume":4000,"label":" ","price":2.29},{"type":"A","date":"2018-03-19T07:40:23.000Z","volume":2000,"label":" ","price":2.29},{"type":"A","date":"2018-03-19T07:40:25.000Z","volume":8000,"label":" ","price":2.29},{"type":"A","date":"2018-03-19T07:40:25.000Z","volume":1000,"label":" ","price":2.29},{"type":"A","date":"2018-03-19T07:40:27.000Z","volume":1000,"label":" ","price":2.29},{"type":"A","date":"2018-03-19T07:40:51.000Z","volume":4000,"label":" ","price":2.29},{"type":"A","date":"2018-03-19T07:40:52.000Z","volume":3000,"label":" ","price":2.29},{"type":"A","date":"2018-03-19T07:40:52.000Z","volume":1000,"label":" ","price":2.29},{"type":"A","date":"2018-03-19T07:40:52.000Z","volume":2000,"label":" ","price":2.29},{"type":"A","date":"2018-03-19T07:40:52.000Z","volume":1000,"label":" ","price":2.29},{"type":"A","date":"2018-03-19T07:41:46.000Z","volume":4000,"label":" ","price":2.29},{"type":"A","date":"2018-03-19T07:41:50.000Z","volume":2000,"label":" ","price":2.29},{"type":"A","date":"2018-03-19T07:42:21.000Z","volume":4000,"label":" ","price":2.29},{"type":"A","date":"2018-03-19T07:42:47.000Z","volume":1000,"label":" ","price":2.29},{"type":"A","date":"2018-03-19T07:42:53.000Z","volume":1000,"label":" ","price":2.29},{"type":"A","date":"2018-03-19T07:42:54.000Z","volume":6000,"label":"Y","price":2.29},{"type":"A","date":"2018-03-19T07:42:54.000Z","volume":3000,"label":" ","price":2.29},{"type":"A","date":"2018-03-19T07:42:54.000Z","volume":1000,"label":" ","price":2.29},{"type":"A","date":"2018-03-19T07:42:54.000Z","volume":2000,"label":" ","price":2.29},{"type":"B","date":"2018-03-19T07:42:55.000Z","volume":1000,"label":" ","price":2.28},{"type":"A","date":"2018-03-19T07:43:00.000Z","volume":2000,"label":" ","price":2.29},{"type":"A","date":"2018-03-19T07:43:00.000Z","volume":4000,"label":" ","price":2.29},{"type":"A","date":"2018-03-19T07:43:01.000Z","volume":1000,"label":" ","price":2.29},{"type":"A","date":"2018-03-19T07:43:24.000Z","volume":3000,"label":" ","price":2.29},{"type":"A","date":"2018-03-19T07:43:38.000Z","volume":1000,"label":" ","price":2.29},{"type":"A","date":"2018-03-19T07:43:40.000Z","volume":1000,"label":" ","price":2.29},{"type":"A","date":"2018-03-19T07:43:46.000Z","volume":4000,"label":" ","price":2.29},{"type":"A","date":"2018-03-19T07:43:51.000Z","volume":1000,"label":" ","price":2.29},{"type":"A","date":"2018-03-19T07:44:04.000Z","volume":1000,"label":" ","price":2.29},{"type":"A","date":"2018-03-19T07:44:08.000Z","volume":1000,"label":" ","price":2.29},{"type":"A","date":"2018-03-19T07:44:21.000Z","volume":4000,"label":" ","price":2.29},{"type":"A","date":"2018-03-19T07:44:21.000Z","volume":6000,"label":" ","price":2.29},{"type":"A","date":"2018-03-19T07:44:21.000Z","volume":1000,"label":" ","price":2.29},{"type":"B","date":"2018-03-19T07:44:21.000Z","volume":1000,"label":" ","price":2.28},{"type":"A","date":"2018-03-19T07:44:36.000Z","volume":3000,"label":" ","price":2.29},{"type":"A","date":"2018-03-19T07:44:37.000Z","volume":8000,"label":" ","price":2.29},{"type":"A","date":"2018-03-19T07:44:39.000Z","volume":5000,"label":" ","price":2.29},{"type":"A","date":"2018-03-19T07:44:57.000Z","volume":1000,"label":" ","price":2.29},{"type":"A","date":"2018-03-19T07:45:15.000Z","volume":2000,"label":" ","price":2.29},{"type":"B","date":"2018-03-19T07:45:15.000Z","volume":1000,"label":" ","price":2.28},{"type":"A","date":"2018-03-19T07:45:16.000Z","volume":4000,"label":" ","price":2.29},{"type":"A","date":"2018-03-19T07:45:44.000Z","volume":4000,"label":" ","price":2.29},{"type":"A","date":"2018-03-19T07:45:51.000Z","volume":1000,"label":" ","price":2.29},{"type":"A","date":"2018-03-19T07:45:52.000Z","volume":1000,"label":" ","price":2.29},{"type":"A","date":"2018-03-19T07:45:55.000Z","volume":2000,"label":" ","price":2.29},{"type":"A","date":"2018-03-19T07:46:07.000Z","volume":3000,"label":" ","price":2.29},{"type":"A","date":"2018-03-19T07:46:07.000Z","volume":2000,"label":" ","price":2.29},{"type":"A","date":"2018-03-19T07:46:07.000Z","volume":7000,"label":" ","price":2.29},{"type":"A","date":"2018-03-19T07:46:07.000Z","volume":3000,"label":" ","price":2.29},{"type":"A","date":"2018-03-19T07:46:21.000Z","volume":2000,"label":" ","price":2.29},{"type":"A","date":"2018-03-19T07:46:22.000Z","volume":4000,"label":" ","price":2.29},{"type":"A","date":"2018-03-19T07:46:27.000Z","volume":3000,"label":" ","price":2.29},{"type":"A","date":"2018-03-19T07:46:27.000Z","volume":1000,"label":" ","price":2.29},{"type":"A","date":"2018-03-19T07:46:27.000Z","volume":1000,"label":" ","price":2.29},{"type":"B","date":"2018-03-19T07:46:28.000Z","volume":1000,"label":" ","price":2.28},{"type":"A","date":"2018-03-19T07:46:53.000Z","volume":1000,"label":" ","price":2.29},{"type":"A","date":"2018-03-19T07:46:53.000Z","volume":3000,"label":" ","price":2.29},{"type":"A","date":"2018-03-19T07:47:27.000Z","volume":3000,"label":" ","price":2.29},{"type":"A","date":"2018-03-19T07:47:31.000Z","volume":1000,"label":" ","price":2.29},{"type":"A","date":"2018-03-19T07:47:31.000Z","volume":3000,"label":" ","price":2.29},{"type":"A","date":"2018-03-19T07:47:31.000Z","volume":2000,"label":" ","price":2.29},{"type":"A","date":"2018-03-19T07:47:31.000Z","volume":3000,"label":" ","price":2.29},{"type":"U","date":"2018-03-19T07:47:31.000Z","volume":9000,"label":"X","price":2.295},{"type":"B","date":"2018-03-19T07:47:31.000Z","volume":1000,"label":" ","price":2.29},{"type":"B","date":"2018-03-19T07:47:31.000Z","volume":1000,"label":" ","price":2.29},{"type":"B","date":"2018-03-19T07:47:31.000Z","volume":3000,"label":"Y","price":2.29},{"type":"B","date":"2018-03-19T07:47:34.000Z","volume":1000,"label":" ","price":2.29},{"type":"B","date":"2018-03-19T07:47:40.000Z","volume":20000,"label":" ","price":2.29},{"type":"B","date":"2018-03-19T07:47:40.000Z","volume":41000,"label":" ","price":2.29},{"type":"B","date":"2018-03-19T07:47:40.000Z","volume":42000,"label":" ","price":2.28},{"type":"B","date":"2018-03-19T07:47:40.000Z","volume":2000,"label":" ","price":2.29},{"type":"U","date":"2018-03-19T07:47:41.000Z","volume":2000,"label":"X","price":2.28},{"type":"B","date":"2018-03-19T07:47:45.000Z","volume":3000,"label":" ","price":2.28},{"type":"A","date":"2018-03-19T07:48:08.000Z","volume":1000,"label":" ","price":2.29},{"type":"A","date":"2018-03-19T07:48:39.000Z","volume":3000,"label":" ","price":2.29},{"type":"B","date":"2018-03-19T07:48:39.000Z","volume":1000,"label":" ","price":2.28},{"type":"A","date":"2018-03-19T07:49:07.000Z","volume":3000,"label":" ","price":2.29},{"type":"A","date":"2018-03-19T07:49:08.000Z","volume":1000,"label":" ","price":2.29},{"type":"B","date":"2018-03-19T07:49:25.000Z","volume":10000,"label":" ","price":2.28},{"type":"A","date":"2018-03-19T07:49:27.000Z","volume":3000,"label":" ","price":2.29},{"type":"B","date":"2018-03-19T07:49:29.000Z","volume":2000,"label":" ","price":2.28},{"type":"A","date":"2018-03-19T07:49:38.000Z","volume":1000,"label":" ","price":2.29},{"type":"A","date":"2018-03-19T07:49:39.000Z","volume":7000,"label":" ","price":2.29},{"type":"A","date":"2018-03-19T07:49:39.000Z","volume":3000,"label":" ","price":2.29},{"type":"B","date":"2018-03-19T07:49:40.000Z","volume":1000,"label":" ","price":2.28},{"type":"U","date":"2018-03-19T07:49:40.000Z","volume":1000,"label":"X","price":2.28},{"type":"B","date":"2018-03-19T07:49:47.000Z","volume":1000,"label":" ","price":2.28},{"type":"A","date":"2018-03-19T07:50:07.000Z","volume":3000,"label":" ","price":2.29},{"type":"A","date":"2018-03-19T07:50:20.000Z","volume":3000,"label":" ","price":2.29},{"type":"A","date":"2018-03-19T07:50:21.000Z","volume":3000,"label":" ","price":2.29},{"type":"U","date":"2018-03-19T07:50:22.000Z","volume":1000,"label":"X","price":2.28},{"type":"A","date":"2018-03-19T07:50:25.000Z","volume":3000,"label":" ","price":2.29},{"type":"A","date":"2018-03-19T07:50:48.000Z","volume":3000,"label":" ","price":2.29},{"type":"B","date":"2018-03-19T07:50:48.000Z","volume":1000,"label":" ","price":2.28},{"type":"A","date":"2018-03-19T07:51:08.000Z","volume":3000,"label":" ","price":2.29},{"type":"A","date":"2018-03-19T07:51:08.000Z","volume":8000,"label":" ","price":2.29},{"type":"U","date":"2018-03-19T07:51:10.000Z","volume":1000,"label":"X","price":2.28},{"type":"A","date":"2018-03-19T07:51:23.000Z","volume":1000,"label":" ","price":2.29},{"type":"A","date":"2018-03-19T07:51:40.000Z","volume":1000,"label":" ","price":2.29},{"type":"A","date":"2018-03-19T07:51:40.000Z","volume":3000,"label":" ","price":2.29},{"type":"A","date":"2018-03-19T07:51:40.000Z","volume":3000,"label":" ","price":2.29},{"type":"U","date":"2018-03-19T07:51:42.000Z","volume":1000,"label":"X","price":2.28},{"type":"A","date":"2018-03-19T07:51:50.000Z","volume":3000,"label":" ","price":2.29},{"type":"A","date":"2018-03-19T07:52:08.000Z","volume":3000,"label":" ","price":2.29},{"type":"A","date":"2018-03-19T07:52:08.000Z","volume":1000,"label":" ","price":2.29},{"type":"A","date":"2018-03-19T07:52:08.000Z","volume":3000,"label":" ","price":2.29},{"type":"A","date":"2018-03-19T07:52:08.000Z","volume":1000,"label":" ","price":2.3},{"type":"B","date":"2018-03-19T07:52:08.000Z","volume":2000,"label":"Y","price":2.29},{"type":"B","date":"2018-03-19T07:52:08.000Z","volume":1000,"label":" ","price":2.29},{"type":"U","date":"2018-03-19T07:52:10.000Z","volume":2000,"label":"X","price":2.28},{"type":"B","date":"2018-03-19T07:52:11.000Z","volume":82000,"label":" ","price":2.28},{"type":"U","date":"2018-03-19T07:53:46.000Z","volume":3000,"label":"X","price":2.3},{"type":"A","date":"2018-03-19T07:53:50.000Z","volume":3000,"label":" ","price":2.29},{"type":"A","date":"2018-03-19T07:54:28.000Z","volume":3000,"label":" ","price":2.29},{"type":"B","date":"2018-03-19T07:54:45.000Z","volume":3000,"label":" ","price":2.28},{"type":"A","date":"2018-03-19T07:54:45.000Z","volume":6000,"label":" ","price":2.29},{"type":"A","date":"2018-03-19T07:54:45.000Z","volume":3000,"label":" ","price":2.29},{"type":"B","date":"2018-03-19T07:54:47.000Z","volume":10000,"label":" ","price":2.28},{"type":"U","date":"2018-03-19T07:54:47.000Z","volume":1000,"label":"X","price":2.28},{"type":"A","date":"2018-03-19T07:54:47.000Z","volume":3000,"label":" ","price":2.29},{"type":"A","date":"2018-03-19T07:54:47.000Z","volume":1000,"label":" ","price":2.29},{"type":"A","date":"2018-03-19T07:55:00.000Z","volume":3000,"label":" ","price":2.29},{"type":"A","date":"2018-03-19T07:55:01.000Z","volume":3000,"label":" ","price":2.29},{"type":"B","date":"2018-03-19T07:55:02.000Z","volume":5000,"label":" ","price":2.28},{"type":"A","date":"2018-03-19T07:55:03.000Z","volume":1000,"label":" ","price":2.29},{"type":"A","date":"2018-03-19T07:55:14.000Z","volume":3000,"label":" ","price":2.29},{"type":"A","date":"2018-03-19T07:55:15.000Z","volume":1000,"label":" ","price":2.29},{"type":"B","date":"2018-03-19T07:55:16.000Z","volume":3000,"label":" ","price":2.28},{"type":"A","date":"2018-03-19T07:55:46.000Z","volume":3000,"label":" ","price":2.29},{"type":"A","date":"2018-03-19T07:56:05.000Z","volume":3000,"label":" ","price":2.29},{"type":"A","date":"2018-03-19T07:56:06.000Z","volume":1000,"label":" ","price":2.29},{"type":"A","date":"2018-03-19T07:56:08.000Z","volume":8000,"label":" ","price":2.29},{"type":"A","date":"2018-03-19T07:56:09.000Z","volume":2000,"label":" ","price":2.29},{"type":"A","date":"2018-03-19T07:56:27.000Z","volume":3000,"label":" ","price":2.29},{"type":"A","date":"2018-03-19T07:56:44.000Z","volume":3000,"label":" ","price":2.29},{"type":"A","date":"2018-03-19T07:56:55.000Z","volume":3000,"label":"Y","price":2.29},{"type":"A","date":"2018-03-19T07:56:56.000Z","volume":1000,"label":"Y","price":2.29},{"type":"A","date":"2018-03-19T07:57:02.000Z","volume":1000,"label":" ","price":2.29},{"type":"A","date":"2018-03-19T07:57:02.000Z","volume":3000,"label":" ","price":2.29},{"type":"A","date":"2018-03-19T07:57:09.000Z","volume":1000,"label":" ","price":2.29},{"type":"A","date":"2018-03-19T07:57:29.000Z","volume":3000,"label":" ","price":2.29},{"type":"B","date":"2018-03-19T07:57:37.000Z","volume":123000,"label":" ","price":2.28},{"type":"A","date":"2018-03-19T07:57:38.000Z","volume":77000,"label":" ","price":2.28},{"type":"B","date":"2018-03-19T07:57:39.000Z","volume":12000,"label":" ","price":2.28},{"type":"B","date":"2018-03-19T07:57:39.000Z","volume":1000,"label":" ","price":2.28},{"type":"A","date":"2018-03-19T07:58:45.000Z","volume":3000,"label":" ","price":2.29},{"type":"A","date":"2018-03-19T07:58:55.000Z","volume":1000,"label":" ","price":2.29},{"type":"A","date":"2018-03-19T07:59:00.000Z","volume":3000,"label":" ","price":2.29},{"type":"A","date":"2018-03-19T07:59:01.000Z","volume":1000,"label":" ","price":2.29},{"type":"B","date":"2018-03-19T07:59:02.000Z","volume":1000,"label":" ","price":2.28},{"type":"A","date":"2018-03-19T07:59:02.000Z","volume":1000,"label":" ","price":2.29},{"type":"B","date":"2018-03-19T07:59:04.000Z","volume":2000,"label":"Y","price":2.28},{"type":"B","date":"2018-03-19T07:59:04.000Z","volume":7000,"label":" ","price":2.28},{"type":"U","date":"2018-03-19T07:59:04.000Z","volume":1000,"label":"X","price":2.28},{"type":"A","date":"2018-03-19T07:59:21.000Z","volume":1000,"label":" ","price":2.29},{"type":"A","date":"2018-03-19T07:59:21.000Z","volume":3000,"label":" ","price":2.29},{"type":"A","date":"2018-03-19T07:59:22.000Z","volume":1000,"label":" ","price":2.29},{"type":"B","date":"2018-03-19T07:59:22.000Z","volume":1000,"label":" ","price":2.28},{"type":"A","date":"2018-03-19T07:59:27.000Z","volume":1000,"label":" ","price":2.29},{"type":"B","date":"2018-03-19T07:59:27.000Z","volume":1000,"label":" ","price":2.28},{"type":"A","date":"2018-03-19T07:59:47.000Z","volume":1000,"label":" ","price":2.29},{"type":"A","date":"2018-03-19T07:59:51.000Z","volume":1000,"label":" ","price":2.29},{"type":"A","date":"2018-03-19T07:59:52.000Z","volume":1000,"label":" ","price":2.29},{"type":"B","date":"2018-03-19T07:59:54.000Z","volume":20000,"label":"Y","price":2.28},{"type":"B","date":"2018-03-19T07:59:54.000Z","volume":3000,"label":" ","price":2.28},{"type":"U","date":"2018-03-19T08:08:17.000Z","volume":437000,"label":"U","price":2.29}]