[{"type":"A","date":"2018-03-16T07:58:34.000Z","volume":47000,"price":8.89,"category":"ubbull"},{"type":"A","date":"2018-03-16T07:49:18.000Z","volume":39000,"price":8.89,"category":"ubbull"},{"type":"A","date":"2018-03-16T07:37:36.000Z","volume":32000,"price":8.9,"category":"ubbull"},{"type":"A","date":"2018-03-16T07:36:15.000Z","volume":60000,"price":8.9,"category":"ubbull"},{"type":"A","date":"2018-03-16T07:11:53.000Z","volume":20000,"price":8.9,"category":"ubbull"},{"type":"A","date":"2018-03-16T06:32:15.000Z","volume":29000,"price":8.91,"category":"ubbull"},{"type":"A","date":"2018-03-16T06:15:36.000Z","volume":22000,"price":8.9,"category":"ubbull"},{"type":"A","date":"2018-03-16T06:13:00.000Z","volume":17000,"price":8.9,"category":"ubbull"},{"type":"A","date":"2018-03-16T05:59:06.000Z","volume":18000,"price":8.9,"category":"ubbull"},{"type":"A","date":"2018-03-16T05:47:30.000Z","volume":18000,"price":8.91,"category":"ubbull"},{"type":"A","date":"2018-03-16T05:38:51.000Z","volume":18000,"price":8.92,"category":"ubbull"},{"type":"A","date":"2018-03-16T05:38:51.000Z","volume":29000,"price":8.92,"category":"ubbull"},{"type":"A","date":"2018-03-16T05:37:25.000Z","volume":22000,"price":8.91,"category":"ubbull"},{"type":"A","date":"2018-03-16T05:37:24.000Z","volume":346000,"price":8.9,"category":"ubbull"},{"type":"A","date":"2018-03-16T05:36:36.000Z","volume":32000,"price":8.9,"category":"ubbull"},{"type":"A","date":"2018-03-16T05:12:47.000Z","volume":18000,"price":8.91,"category":"ubbull"},{"type":"A","date":"2018-03-16T03:47:01.000Z","volume":17000,"price":8.91,"category":"ubbull"},{"type":"A","date":"2018-03-16T03:38:56.000Z","volume":27000,"price":8.9,"category":"ubbull"},{"type":"A","date":"2018-03-16T03:19:34.000Z","volume":16000,"price":8.91,"category":"ubbull"},{"type":"A","date":"2018-03-16T03:10:41.000Z","volume":17000,"price":8.93,"category":"ubbull"},{"type":"A","date":"2018-03-16T03:01:46.000Z","volume":42000,"price":8.93,"category":"ubbull"},{"type":"A","date":"2018-03-16T03:01:46.000Z","volume":18000,"price":8.92,"category":"ubbull"},{"type":"A","date":"2018-03-16T02:41:11.000Z","volume":89000,"price":8.92,"category":"ubbull"},{"type":"A","date":"2018-03-16T02:29:44.000Z","volume":23000,"price":8.9,"category":"ubbull"},{"type":"A","date":"2018-03-16T02:26:36.000Z","volume":33000,"price":8.9,"category":"ubbull"},{"type":"A","date":"2018-03-16T02:21:05.000Z","volume":15000,"price":8.94,"category":"ubbull"},{"type":"A","date":"2018-03-16T02:10:54.000Z","volume":39000,"price":8.95,"category":"ubbull"},{"type":"A","date":"2018-03-16T02:01:45.000Z","volume":190000,"price":8.99,"category":"ubbull"},{"type":"A","date":"2018-03-16T02:01:45.000Z","volume":119000,"price":8.97,"category":"ubbull"},{"type":"A","date":"2018-03-16T02:01:45.000Z","volume":21000,"price":8.95,"category":"ubbull"},{"type":"A","date":"2018-03-16T01:59:43.000Z","volume":21000,"price":8.93,"category":"ubbull"},{"type":"A","date":"2018-03-16T01:59:36.000Z","volume":21000,"price":8.94,"category":"ubbull"},{"type":"A","date":"2018-03-16T01:43:41.000Z","volume":24000,"price":8.98,"category":"ubbull"},{"type":"A","date":"2018-03-16T01:43:41.000Z","volume":31000,"price":8.97,"category":"ubbull"},{"type":"A","date":"2018-03-16T01:32:06.000Z","volume":16000,"price":8.99,"category":"ubbull"},{"type":"A","date":"2018-03-16T01:31:08.000Z","volume":22000,"price":9,"category":"ubbull"},{"type":"A","date":"2018-03-16T01:31:04.000Z","volume":140000,"price":8.99,"category":"ubbull"},{"type":"A","date":"2018-03-16T07:58:44.000Z","volume":14000,"price":8.9,"category":"bbull"},{"type":"A","date":"2018-03-16T07:57:36.000Z","volume":6000,"price":8.89,"category":"bbull"},{"type":"A","date":"2018-03-16T07:49:57.000Z","volume":10000,"price":8.89,"category":"bbull"},{"type":"A","date":"2018-03-16T07:49:18.000Z","volume":11000,"price":8.89,"category":"bbull"},{"type":"A","date":"2018-03-16T07:46:17.000Z","volume":10000,"price":8.9,"category":"bbull"},{"type":"A","date":"2018-03-16T07:16:35.000Z","volume":14000,"price":8.9,"category":"bbull"},{"type":"A","date":"2018-03-16T06:52:17.000Z","volume":9000,"price":8.91,"category":"bbull"},{"type":"A","date":"2018-03-16T06:50:32.000Z","volume":9000,"price":8.91,"category":"bbull"},{"type":"A","date":"2018-03-16T06:49:25.000Z","volume":10000,"price":8.91,"category":"bbull"},{"type":"A","date":"2018-03-16T06:46:47.000Z","volume":12000,"price":8.91,"category":"bbull"},{"type":"A","date":"2018-03-16T06:13:00.000Z","volume":7000,"price":8.9,"category":"bbull"},{"type":"A","date":"2018-03-16T05:38:51.000Z","volume":9000,"price":8.92,"category":"bbull"},{"type":"A","date":"2018-03-16T05:38:40.000Z","volume":10000,"price":8.92,"category":"bbull"},{"type":"A","date":"2018-03-16T05:38:40.000Z","volume":10000,"price":8.92,"category":"bbull"},{"type":"A","date":"2018-03-16T05:38:21.000Z","volume":10000,"price":8.92,"category":"bbull"},{"type":"A","date":"2018-03-16T05:36:08.000Z","volume":10000,"price":8.9,"category":"bbull"},{"type":"A","date":"2018-03-16T05:30:32.000Z","volume":11000,"price":8.9,"category":"bbull"},{"type":"A","date":"2018-03-16T05:12:06.000Z","volume":6000,"price":8.91,"category":"bbull"},{"type":"A","date":"2018-03-16T03:43:26.000Z","volume":10000,"price":8.9,"category":"bbull"},{"type":"A","date":"2018-03-16T02:50:06.000Z","volume":10000,"price":8.92,"category":"bbull"},{"type":"A","date":"2018-03-16T02:40:54.000Z","volume":13000,"price":8.92,"category":"bbull"},{"type":"A","date":"2018-03-16T02:39:13.000Z","volume":14000,"price":8.91,"category":"bbull"},{"type":"A","date":"2018-03-16T02:31:38.000Z","volume":6000,"price":8.9,"category":"bbull"},{"type":"A","date":"2018-03-16T02:29:44.000Z","volume":6000,"price":8.91,"category":"bbull"},{"type":"A","date":"2018-03-16T02:22:03.000Z","volume":9000,"price":8.93,"category":"bbull"},{"type":"A","date":"2018-03-16T02:13:06.000Z","volume":6000,"price":8.95,"category":"bbull"},{"type":"A","date":"2018-03-16T02:10:56.000Z","volume":6000,"price":8.96,"category":"bbull"},{"type":"A","date":"2018-03-16T02:01:45.000Z","volume":12000,"price":8.99,"category":"bbull"},{"type":"A","date":"2018-03-16T02:01:45.000Z","volume":10000,"price":8.98,"category":"bbull"},{"type":"A","date":"2018-03-16T02:01:45.000Z","volume":7000,"price":8.98,"category":"bbull"},{"type":"A","date":"2018-03-16T02:01:45.000Z","volume":10000,"price":8.93,"category":"bbull"},{"type":"A","date":"2018-03-16T02:01:45.000Z","volume":13000,"price":8.92,"category":"bbull"},{"type":"A","date":"2018-03-16T01:43:41.000Z","volume":8000,"price":8.99,"category":"bbull"},{"type":"A","date":"2018-03-16T01:32:06.000Z","volume":9000,"price":8.99,"category":"bbull"},{"type":"A","date":"2018-03-16T01:31:09.000Z","volume":6000,"price":9,"category":"bbull"},{"type":"A","date":"2018-03-16T01:31:06.000Z","volume":12000,"price":9,"category":"bbull"},{"type":"A","date":"2018-03-16T07:59:50.000Z","volume":1000,"price":8.9,"category":"rbull"},{"type":"A","date":"2018-03-16T07:59:43.000Z","volume":1000,"price":8.9,"category":"rbull"},{"type":"A","date":"2018-03-16T07:59:43.000Z","volume":1000,"price":8.9,"category":"rbull"},{"type":"A","date":"2018-03-16T07:59:41.000Z","volume":1000,"price":8.9,"category":"rbull"},{"type":"A","date":"2018-03-16T07:59:40.000Z","volume":1000,"price":8.9,"category":"rbull"},{"type":"A","date":"2018-03-16T07:59:40.000Z","volume":1000,"price":8.9,"category":"rbull"},{"type":"A","date":"2018-03-16T07:59:40.000Z","volume":1000,"price":8.9,"category":"rbull"},{"type":"A","date":"2018-03-16T07:59:32.000Z","volume":1000,"price":8.9,"category":"rbull"},{"type":"A","date":"2018-03-16T07:59:31.000Z","volume":1000,"price":8.9,"category":"rbull"},{"type":"A","date":"2018-03-16T07:59:25.000Z","volume":1000,"price":8.9,"category":"rbull"},{"type":"A","date":"2018-03-16T07:59:25.000Z","volume":1000,"price":8.9,"category":"rbull"},{"type":"A","date":"2018-03-16T07:59:13.000Z","volume":1000,"price":8.9,"category":"rbull"},{"type":"A","date":"2018-03-16T07:59:04.000Z","volume":1000,"price":8.9,"category":"rbull"},{"type":"A","date":"2018-03-16T07:59:02.000Z","volume":1000,"price":8.9,"category":"rbull"},{"type":"A","date":"2018-03-16T07:58:34.000Z","volume":1000,"price":8.9,"category":"rbull"},{"type":"A","date":"2018-03-16T07:58:33.000Z","volume":1000,"price":8.89,"category":"rbull"},{"type":"A","date":"2018-03-16T07:58:04.000Z","volume":1000,"price":8.89,"category":"rbull"},{"type":"A","date":"2018-03-16T07:57:50.000Z","volume":1000,"price":8.89,"category":"rbull"},{"type":"A","date":"2018-03-16T07:57:34.000Z","volume":1000,"price":8.89,"category":"rbull"},{"type":"A","date":"2018-03-16T07:57:31.000Z","volume":1000,"price":8.89,"category":"rbull"},{"type":"A","date":"2018-03-16T07:57:22.000Z","volume":1000,"price":8.89,"category":"rbull"},{"type":"A","date":"2018-03-16T07:57:19.000Z","volume":1000,"price":8.89,"category":"rbull"},{"type":"A","date":"2018-03-16T07:57:12.000Z","volume":1000,"price":8.89,"category":"rbull"},{"type":"A","date":"2018-03-16T07:57:04.000Z","volume":1000,"price":8.89,"category":"rbull"},{"type":"A","date":"2018-03-16T07:56:52.000Z","volume":1000,"price":8.89,"category":"rbull"},{"type":"A","date":"2018-03-16T07:56:49.000Z","volume":1000,"price":8.89,"category":"rbull"},{"type":"A","date":"2018-03-16T07:56:32.000Z","volume":1000,"price":8.89,"category":"rbull"},{"type":"A","date":"2018-03-16T07:56:32.000Z","volume":1000,"price":8.89,"category":"rbull"},{"type":"A","date":"2018-03-16T07:56:04.000Z","volume":1000,"price":8.89,"category":"rbull"},{"type":"A","date":"2018-03-16T07:55:48.000Z","volume":1000,"price":8.89,"category":"rbull"},{"type":"A","date":"2018-03-16T07:55:44.000Z","volume":1000,"price":8.89,"category":"rbull"},{"type":"A","date":"2018-03-16T07:55:42.000Z","volume":1000,"price":8.89,"category":"rbull"},{"type":"A","date":"2018-03-16T07:54:55.000Z","volume":1000,"price":8.89,"category":"rbull"},{"type":"A","date":"2018-03-16T07:54:52.000Z","volume":1000,"price":8.89,"category":"rbull"},{"type":"A","date":"2018-03-16T07:54:02.000Z","volume":1000,"price":8.89,"category":"rbull"},{"type":"A","date":"2018-03-16T07:53:58.000Z","volume":1000,"price":8.89,"category":"rbull"},{"type":"A","date":"2018-03-16T07:53:16.000Z","volume":1000,"price":8.89,"category":"rbull"},{"type":"A","date":"2018-03-16T07:53:12.000Z","volume":1000,"price":8.89,"category":"rbull"},{"type":"A","date":"2018-03-16T07:52:21.000Z","volume":1000,"price":8.89,"category":"rbull"},{"type":"A","date":"2018-03-16T07:52:08.000Z","volume":1000,"price":8.89,"category":"rbull"},{"type":"A","date":"2018-03-16T07:51:30.000Z","volume":1000,"price":8.89,"category":"rbull"},{"type":"A","date":"2018-03-16T07:50:40.000Z","volume":1000,"price":8.89,"category":"rbull"},{"type":"A","date":"2018-03-16T07:49:50.000Z","volume":1000,"price":8.89,"category":"rbull"},{"type":"A","date":"2018-03-16T07:49:18.000Z","volume":1000,"price":8.89,"category":"rbull"},{"type":"A","date":"2018-03-16T07:49:00.000Z","volume":1000,"price":8.89,"category":"rbull"},{"type":"A","date":"2018-03-16T07:48:59.000Z","volume":1000,"price":8.89,"category":"rbull"},{"type":"A","date":"2018-03-16T07:48:40.000Z","volume":1000,"price":8.89,"category":"rbull"},{"type":"A","date":"2018-03-16T07:46:28.000Z","volume":1000,"price":8.9,"category":"rbull"},{"type":"A","date":"2018-03-16T07:46:17.000Z","volume":1000,"price":8.9,"category":"rbull"},{"type":"A","date":"2018-03-16T07:45:53.000Z","volume":1000,"price":8.9,"category":"rbull"},{"type":"A","date":"2018-03-16T07:45:26.000Z","volume":1000,"price":8.9,"category":"rbull"},{"type":"A","date":"2018-03-16T07:44:35.000Z","volume":1000,"price":8.9,"category":"rbull"},{"type":"A","date":"2018-03-16T07:44:15.000Z","volume":1000,"price":8.9,"category":"rbull"},{"type":"A","date":"2018-03-16T07:43:44.000Z","volume":1000,"price":8.9,"category":"rbull"},{"type":"A","date":"2018-03-16T07:43:19.000Z","volume":1000,"price":8.9,"category":"rbull"},{"type":"A","date":"2018-03-16T07:42:44.000Z","volume":1000,"price":8.9,"category":"rbull"},{"type":"A","date":"2018-03-16T07:42:32.000Z","volume":1000,"price":8.9,"category":"rbull"},{"type":"A","date":"2018-03-16T07:42:03.000Z","volume":1000,"price":8.9,"category":"rbull"},{"type":"A","date":"2018-03-16T07:41:43.000Z","volume":1000,"price":8.9,"category":"rbull"},{"type":"A","date":"2018-03-16T07:40:42.000Z","volume":1000,"price":8.9,"category":"rbull"},{"type":"A","date":"2018-03-16T07:39:51.000Z","volume":1000,"price":8.9,"category":"rbull"},{"type":"A","date":"2018-03-16T07:39:51.000Z","volume":1000,"price":8.9,"category":"rbull"},{"type":"A","date":"2018-03-16T07:38:41.000Z","volume":1000,"price":8.9,"category":"rbull"},{"type":"A","date":"2018-03-16T07:38:29.000Z","volume":1000,"price":8.9,"category":"rbull"},{"type":"A","date":"2018-03-16T07:37:40.000Z","volume":1000,"price":8.9,"category":"rbull"},{"type":"A","date":"2018-03-16T07:37:30.000Z","volume":1000,"price":8.9,"category":"rbull"},{"type":"A","date":"2018-03-16T07:36:40.000Z","volume":1000,"price":8.9,"category":"rbull"},{"type":"A","date":"2018-03-16T07:35:47.000Z","volume":1000,"price":8.9,"category":"rbull"},{"type":"A","date":"2018-03-16T07:35:30.000Z","volume":1000,"price":8.9,"category":"rbull"},{"type":"A","date":"2018-03-16T07:35:00.000Z","volume":1000,"price":8.9,"category":"rbull"},{"type":"A","date":"2018-03-16T07:34:20.000Z","volume":1000,"price":8.9,"category":"rbull"},{"type":"A","date":"2018-03-16T07:33:10.000Z","volume":1000,"price":8.9,"category":"rbull"},{"type":"A","date":"2018-03-16T07:32:48.000Z","volume":1000,"price":8.9,"category":"rbull"},{"type":"A","date":"2018-03-16T07:32:31.000Z","volume":1000,"price":8.9,"category":"rbull"},{"type":"A","date":"2018-03-16T07:32:19.000Z","volume":1000,"price":8.9,"category":"rbull"},{"type":"A","date":"2018-03-16T07:32:00.000Z","volume":1000,"price":8.9,"category":"rbull"},{"type":"A","date":"2018-03-16T07:31:04.000Z","volume":1000,"price":8.9,"category":"rbull"},{"type":"A","date":"2018-03-16T07:30:50.000Z","volume":1000,"price":8.9,"category":"rbull"},{"type":"A","date":"2018-03-16T07:29:39.000Z","volume":1000,"price":8.9,"category":"rbull"},{"type":"A","date":"2018-03-16T07:29:38.000Z","volume":1000,"price":8.9,"category":"rbull"},{"type":"A","date":"2018-03-16T07:28:19.000Z","volume":1000,"price":8.9,"category":"rbull"},{"type":"A","date":"2018-03-16T07:27:42.000Z","volume":1000,"price":8.9,"category":"rbull"},{"type":"A","date":"2018-03-16T07:26:59.000Z","volume":1000,"price":8.9,"category":"rbull"},{"type":"A","date":"2018-03-16T07:26:38.000Z","volume":1000,"price":8.9,"category":"rbull"},{"type":"A","date":"2018-03-16T07:26:29.000Z","volume":1000,"price":8.9,"category":"rbull"},{"type":"A","date":"2018-03-16T07:25:56.000Z","volume":1000,"price":8.9,"category":"rbull"},{"type":"A","date":"2018-03-16T07:25:39.000Z","volume":1000,"price":8.9,"category":"rbull"},{"type":"A","date":"2018-03-16T07:24:19.000Z","volume":1000,"price":8.9,"category":"rbull"},{"type":"A","date":"2018-03-16T07:22:57.000Z","volume":1000,"price":8.9,"category":"rbull"},{"type":"A","date":"2018-03-16T07:22:16.000Z","volume":1000,"price":8.9,"category":"rbull"},{"type":"A","date":"2018-03-16T07:19:27.000Z","volume":1000,"price":8.9,"category":"rbull"},{"type":"A","date":"2018-03-16T07:18:54.000Z","volume":1000,"price":8.9,"category":"rbull"},{"type":"A","date":"2018-03-16T07:18:18.000Z","volume":1000,"price":8.9,"category":"rbull"},{"type":"A","date":"2018-03-16T07:18:18.000Z","volume":1000,"price":8.9,"category":"rbull"},{"type":"A","date":"2018-03-16T07:18:18.000Z","volume":1000,"price":8.9,"category":"rbull"},{"type":"A","date":"2018-03-16T07:18:10.000Z","volume":1000,"price":8.9,"category":"rbull"},{"type":"A","date":"2018-03-16T07:18:07.000Z","volume":1000,"price":8.9,"category":"rbull"},{"type":"A","date":"2018-03-16T07:16:08.000Z","volume":1000,"price":8.9,"category":"rbull"},{"type":"A","date":"2018-03-16T07:15:33.000Z","volume":1000,"price":8.9,"category":"rbull"},{"type":"A","date":"2018-03-16T07:13:43.000Z","volume":1000,"price":8.9,"category":"rbull"},{"type":"A","date":"2018-03-16T07:12:02.000Z","volume":1000,"price":8.9,"category":"rbull"},{"type":"A","date":"2018-03-16T07:08:34.000Z","volume":1000,"price":8.9,"category":"rbull"},{"type":"A","date":"2018-03-16T07:08:22.000Z","volume":1000,"price":8.9,"category":"rbull"},{"type":"A","date":"2018-03-16T07:04:50.000Z","volume":1000,"price":8.9,"category":"rbull"},{"type":"A","date":"2018-03-16T07:03:55.000Z","volume":1000,"price":8.9,"category":"rbull"},{"type":"A","date":"2018-03-16T07:02:40.000Z","volume":1000,"price":8.9,"category":"rbull"},{"type":"A","date":"2018-03-16T07:00:55.000Z","volume":1000,"price":8.9,"category":"rbull"},{"type":"A","date":"2018-03-16T06:59:55.000Z","volume":1000,"price":8.91,"category":"rbull"},{"type":"A","date":"2018-03-16T06:58:51.000Z","volume":1000,"price":8.91,"category":"rbull"},{"type":"A","date":"2018-03-16T06:57:26.000Z","volume":1000,"price":8.91,"category":"rbull"},{"type":"A","date":"2018-03-16T06:57:15.000Z","volume":1000,"price":8.91,"category":"rbull"},{"type":"A","date":"2018-03-16T06:54:18.000Z","volume":1000,"price":8.91,"category":"rbull"},{"type":"A","date":"2018-03-16T06:53:48.000Z","volume":1000,"price":8.91,"category":"rbull"},{"type":"A","date":"2018-03-16T06:53:05.000Z","volume":1000,"price":8.91,"category":"rbull"},{"type":"A","date":"2018-03-16T06:52:17.000Z","volume":1000,"price":8.91,"category":"rbull"},{"type":"A","date":"2018-03-16T06:51:15.000Z","volume":1000,"price":8.91,"category":"rbull"},{"type":"A","date":"2018-03-16T06:51:14.000Z","volume":1000,"price":8.91,"category":"rbull"},{"type":"A","date":"2018-03-16T06:50:55.000Z","volume":1000,"price":8.91,"category":"rbull"},{"type":"A","date":"2018-03-16T06:50:55.000Z","volume":1000,"price":8.91,"category":"rbull"},{"type":"A","date":"2018-03-16T06:50:32.000Z","volume":1000,"price":8.91,"category":"rbull"},{"type":"A","date":"2018-03-16T06:50:25.000Z","volume":1000,"price":8.91,"category":"rbull"},{"type":"A","date":"2018-03-16T06:50:21.000Z","volume":1000,"price":8.91,"category":"rbull"},{"type":"A","date":"2018-03-16T06:49:57.000Z","volume":1000,"price":8.91,"category":"rbull"},{"type":"A","date":"2018-03-16T06:46:05.000Z","volume":1000,"price":8.92,"category":"rbull"},{"type":"A","date":"2018-03-16T06:45:18.000Z","volume":1000,"price":8.92,"category":"rbull"},{"type":"A","date":"2018-03-16T06:42:04.000Z","volume":1000,"price":8.92,"category":"rbull"},{"type":"A","date":"2018-03-16T06:38:53.000Z","volume":1000,"price":8.92,"category":"rbull"},{"type":"A","date":"2018-03-16T06:33:42.000Z","volume":1000,"price":8.92,"category":"rbull"},{"type":"A","date":"2018-03-16T06:33:27.000Z","volume":1000,"price":8.92,"category":"rbull"},{"type":"A","date":"2018-03-16T06:32:30.000Z","volume":1000,"price":8.92,"category":"rbull"},{"type":"A","date":"2018-03-16T06:30:47.000Z","volume":1000,"price":8.91,"category":"rbull"},{"type":"A","date":"2018-03-16T06:29:20.000Z","volume":1000,"price":8.91,"category":"rbull"},{"type":"A","date":"2018-03-16T06:26:15.000Z","volume":1000,"price":8.91,"category":"rbull"},{"type":"A","date":"2018-03-16T06:24:59.000Z","volume":1000,"price":8.91,"category":"rbull"},{"type":"A","date":"2018-03-16T06:21:14.000Z","volume":1000,"price":8.91,"category":"rbull"},{"type":"A","date":"2018-03-16T06:20:59.000Z","volume":1000,"price":8.91,"category":"rbull"},{"type":"A","date":"2018-03-16T06:19:16.000Z","volume":1000,"price":8.91,"category":"rbull"},{"type":"A","date":"2018-03-16T06:15:44.000Z","volume":1000,"price":8.91,"category":"rbull"},{"type":"A","date":"2018-03-16T06:15:44.000Z","volume":1000,"price":8.91,"category":"rbull"},{"type":"A","date":"2018-03-16T06:15:31.000Z","volume":1000,"price":8.9,"category":"rbull"},{"type":"A","date":"2018-03-16T06:12:45.000Z","volume":1000,"price":8.9,"category":"rbull"},{"type":"A","date":"2018-03-16T06:08:05.000Z","volume":1000,"price":8.91,"category":"rbull"},{"type":"A","date":"2018-03-16T06:07:58.000Z","volume":1000,"price":8.91,"category":"rbull"},{"type":"A","date":"2018-03-16T06:07:55.000Z","volume":1000,"price":8.91,"category":"rbull"},{"type":"A","date":"2018-03-16T06:06:53.000Z","volume":1000,"price":8.91,"category":"rbull"},{"type":"A","date":"2018-03-16T06:06:31.000Z","volume":1000,"price":8.91,"category":"rbull"},{"type":"A","date":"2018-03-16T06:03:53.000Z","volume":1000,"price":8.91,"category":"rbull"},{"type":"A","date":"2018-03-16T06:00:31.000Z","volume":1000,"price":8.91,"category":"rbull"},{"type":"A","date":"2018-03-16T05:58:55.000Z","volume":1000,"price":8.9,"category":"rbull"},{"type":"A","date":"2018-03-16T05:58:36.000Z","volume":1000,"price":8.91,"category":"rbull"},{"type":"A","date":"2018-03-16T05:53:58.000Z","volume":1000,"price":8.92,"category":"rbull"},{"type":"A","date":"2018-03-16T05:53:28.000Z","volume":1000,"price":8.92,"category":"rbull"},{"type":"A","date":"2018-03-16T05:52:53.000Z","volume":1000,"price":8.92,"category":"rbull"},{"type":"A","date":"2018-03-16T05:49:05.000Z","volume":1000,"price":8.92,"category":"rbull"},{"type":"A","date":"2018-03-16T05:47:34.000Z","volume":1000,"price":8.91,"category":"rbull"},{"type":"A","date":"2018-03-16T05:47:28.000Z","volume":1000,"price":8.9,"category":"rbull"},{"type":"A","date":"2018-03-16T05:44:34.000Z","volume":1000,"price":8.91,"category":"rbull"},{"type":"A","date":"2018-03-16T05:42:23.000Z","volume":1000,"price":8.91,"category":"rbull"},{"type":"A","date":"2018-03-16T05:40:06.000Z","volume":1000,"price":8.92,"category":"rbull"},{"type":"A","date":"2018-03-16T05:39:58.000Z","volume":1000,"price":8.92,"category":"rbull"},{"type":"A","date":"2018-03-16T05:39:38.000Z","volume":1000,"price":8.93,"category":"rbull"},{"type":"A","date":"2018-03-16T05:38:51.000Z","volume":1000,"price":8.92,"category":"rbull"},{"type":"A","date":"2018-03-16T05:38:00.000Z","volume":1000,"price":8.92,"category":"rbull"},{"type":"A","date":"2018-03-16T05:37:24.000Z","volume":1000,"price":8.9,"category":"rbull"},{"type":"A","date":"2018-03-16T05:34:47.000Z","volume":1000,"price":8.9,"category":"rbull"},{"type":"A","date":"2018-03-16T05:33:58.000Z","volume":1000,"price":8.9,"category":"rbull"},{"type":"A","date":"2018-03-16T05:33:53.000Z","volume":1000,"price":8.9,"category":"rbull"},{"type":"A","date":"2018-03-16T05:28:55.000Z","volume":1000,"price":8.9,"category":"rbull"},{"type":"A","date":"2018-03-16T05:28:55.000Z","volume":1000,"price":8.9,"category":"rbull"},{"type":"A","date":"2018-03-16T05:28:55.000Z","volume":1000,"price":8.9,"category":"rbull"},{"type":"A","date":"2018-03-16T05:28:55.000Z","volume":1000,"price":8.9,"category":"rbull"},{"type":"A","date":"2018-03-16T05:28:55.000Z","volume":1000,"price":8.9,"category":"rbull"},{"type":"A","date":"2018-03-16T05:28:46.000Z","volume":1000,"price":8.9,"category":"rbull"},{"type":"A","date":"2018-03-16T05:27:40.000Z","volume":1000,"price":8.91,"category":"rbull"},{"type":"A","date":"2018-03-16T05:20:48.000Z","volume":1000,"price":8.91,"category":"rbull"},{"type":"A","date":"2018-03-16T05:18:50.000Z","volume":1000,"price":8.92,"category":"rbull"},{"type":"A","date":"2018-03-16T05:18:25.000Z","volume":1000,"price":8.92,"category":"rbull"},{"type":"A","date":"2018-03-16T05:13:27.000Z","volume":1000,"price":8.92,"category":"rbull"},{"type":"A","date":"2018-03-16T05:12:54.000Z","volume":1000,"price":8.92,"category":"rbull"},{"type":"A","date":"2018-03-16T05:12:47.000Z","volume":1000,"price":8.91,"category":"rbull"},{"type":"A","date":"2018-03-16T05:12:06.000Z","volume":1000,"price":8.91,"category":"rbull"},{"type":"A","date":"2018-03-16T05:10:55.000Z","volume":1000,"price":8.91,"category":"rbull"},{"type":"A","date":"2018-03-16T05:09:44.000Z","volume":1000,"price":8.91,"category":"rbull"},{"type":"A","date":"2018-03-16T05:08:24.000Z","volume":1000,"price":8.91,"category":"rbull"},{"type":"A","date":"2018-03-16T05:08:24.000Z","volume":1000,"price":8.91,"category":"rbull"},{"type":"A","date":"2018-03-16T05:08:24.000Z","volume":1000,"price":8.91,"category":"rbull"},{"type":"A","date":"2018-03-16T05:08:23.000Z","volume":1000,"price":8.91,"category":"rbull"},{"type":"A","date":"2018-03-16T05:06:42.000Z","volume":1000,"price":8.91,"category":"rbull"},{"type":"A","date":"2018-03-16T05:04:29.000Z","volume":1000,"price":8.91,"category":"rbull"},{"type":"A","date":"2018-03-16T05:00:08.000Z","volume":1000,"price":8.91,"category":"rbull"},{"type":"A","date":"2018-03-16T05:00:01.000Z","volume":1000,"price":8.91,"category":"rbull"},{"type":"A","date":"2018-03-16T03:57:16.000Z","volume":1000,"price":8.91,"category":"rbull"},{"type":"A","date":"2018-03-16T03:55:35.000Z","volume":1000,"price":8.91,"category":"rbull"},{"type":"A","date":"2018-03-16T03:53:52.000Z","volume":1000,"price":8.91,"category":"rbull"},{"type":"A","date":"2018-03-16T03:53:08.000Z","volume":1000,"price":8.91,"category":"rbull"},{"type":"A","date":"2018-03-16T03:52:04.000Z","volume":1000,"price":8.91,"category":"rbull"},{"type":"A","date":"2018-03-16T03:50:59.000Z","volume":1000,"price":8.91,"category":"rbull"},{"type":"A","date":"2018-03-16T03:50:42.000Z","volume":1000,"price":8.91,"category":"rbull"},{"type":"A","date":"2018-03-16T03:46:52.000Z","volume":1000,"price":8.91,"category":"rbull"},{"type":"A","date":"2018-03-16T03:46:22.000Z","volume":1000,"price":8.91,"category":"rbull"},{"type":"A","date":"2018-03-16T03:42:48.000Z","volume":1000,"price":8.9,"category":"rbull"},{"type":"A","date":"2018-03-16T03:41:36.000Z","volume":1000,"price":8.9,"category":"rbull"},{"type":"A","date":"2018-03-16T03:41:02.000Z","volume":1000,"price":8.9,"category":"rbull"},{"type":"A","date":"2018-03-16T03:37:07.000Z","volume":1000,"price":8.9,"category":"rbull"},{"type":"A","date":"2018-03-16T03:35:53.000Z","volume":1000,"price":8.9,"category":"rbull"},{"type":"A","date":"2018-03-16T03:32:58.000Z","volume":1000,"price":8.91,"category":"rbull"},{"type":"A","date":"2018-03-16T03:32:09.000Z","volume":1000,"price":8.92,"category":"rbull"},{"type":"A","date":"2018-03-16T03:29:28.000Z","volume":1000,"price":8.92,"category":"rbull"},{"type":"A","date":"2018-03-16T03:26:43.000Z","volume":1000,"price":8.92,"category":"rbull"},{"type":"A","date":"2018-03-16T03:21:43.000Z","volume":1000,"price":8.92,"category":"rbull"},{"type":"A","date":"2018-03-16T03:21:37.000Z","volume":1000,"price":8.92,"category":"rbull"},{"type":"A","date":"2018-03-16T03:20:53.000Z","volume":1000,"price":8.92,"category":"rbull"},{"type":"A","date":"2018-03-16T03:19:23.000Z","volume":1000,"price":8.91,"category":"rbull"},{"type":"A","date":"2018-03-16T03:15:13.000Z","volume":1000,"price":8.92,"category":"rbull"},{"type":"A","date":"2018-03-16T03:10:50.000Z","volume":1000,"price":8.94,"category":"rbull"},{"type":"A","date":"2018-03-16T03:08:06.000Z","volume":1000,"price":8.94,"category":"rbull"},{"type":"A","date":"2018-03-16T03:08:04.000Z","volume":1000,"price":8.94,"category":"rbull"},{"type":"A","date":"2018-03-16T03:05:06.000Z","volume":1000,"price":8.94,"category":"rbull"},{"type":"A","date":"2018-03-16T03:01:46.000Z","volume":1000,"price":8.93,"category":"rbull"},{"type":"A","date":"2018-03-16T03:00:55.000Z","volume":1000,"price":8.92,"category":"rbull"},{"type":"A","date":"2018-03-16T02:59:32.000Z","volume":1000,"price":8.93,"category":"rbull"},{"type":"A","date":"2018-03-16T02:54:29.000Z","volume":1000,"price":8.93,"category":"rbull"},{"type":"A","date":"2018-03-16T02:52:00.000Z","volume":1000,"price":8.93,"category":"rbull"},{"type":"A","date":"2018-03-16T02:48:29.000Z","volume":1000,"price":8.93,"category":"rbull"},{"type":"A","date":"2018-03-16T02:42:19.000Z","volume":1000,"price":8.94,"category":"rbull"},{"type":"A","date":"2018-03-16T02:41:11.000Z","volume":1000,"price":8.92,"category":"rbull"},{"type":"A","date":"2018-03-16T02:38:26.000Z","volume":1000,"price":8.91,"category":"rbull"},{"type":"A","date":"2018-03-16T02:32:56.000Z","volume":1000,"price":8.92,"category":"rbull"},{"type":"A","date":"2018-03-16T02:27:44.000Z","volume":1000,"price":8.9,"category":"rbull"},{"type":"A","date":"2018-03-16T02:25:28.000Z","volume":1000,"price":8.9,"category":"rbull"},{"type":"A","date":"2018-03-16T02:22:03.000Z","volume":1000,"price":8.93,"category":"rbull"},{"type":"A","date":"2018-03-16T02:22:03.000Z","volume":1000,"price":8.93,"category":"rbull"},{"type":"A","date":"2018-03-16T02:21:53.000Z","volume":1000,"price":8.93,"category":"rbull"},{"type":"A","date":"2018-03-16T02:21:36.000Z","volume":1000,"price":8.94,"category":"rbull"},{"type":"A","date":"2018-03-16T02:15:47.000Z","volume":1000,"price":8.95,"category":"rbull"},{"type":"A","date":"2018-03-16T02:13:06.000Z","volume":1000,"price":8.95,"category":"rbull"},{"type":"A","date":"2018-03-16T02:10:54.000Z","volume":1000,"price":8.95,"category":"rbull"},{"type":"A","date":"2018-03-16T02:10:36.000Z","volume":1000,"price":8.95,"category":"rbull"},{"type":"A","date":"2018-03-16T02:05:36.000Z","volume":1000,"price":8.98,"category":"rbull"},{"type":"A","date":"2018-03-16T01:56:16.000Z","volume":1000,"price":8.95,"category":"rbull"},{"type":"A","date":"2018-03-16T01:53:12.000Z","volume":1000,"price":8.98,"category":"rbull"},{"type":"A","date":"2018-03-16T01:53:12.000Z","volume":1000,"price":8.98,"category":"rbull"},{"type":"A","date":"2018-03-16T01:51:26.000Z","volume":1000,"price":8.98,"category":"rbull"},{"type":"A","date":"2018-03-16T01:51:02.000Z","volume":1000,"price":8.98,"category":"rbull"},{"type":"A","date":"2018-03-16T01:50:13.000Z","volume":1000,"price":8.98,"category":"rbull"},{"type":"A","date":"2018-03-16T01:41:33.000Z","volume":1000,"price":8.97,"category":"rbull"},{"type":"A","date":"2018-03-16T01:38:18.000Z","volume":1000,"price":8.97,"category":"rbull"},{"type":"A","date":"2018-03-16T01:35:10.000Z","volume":1000,"price":9,"category":"rbull"},{"type":"A","date":"2018-03-16T01:31:31.000Z","volume":1000,"price":9,"category":"rbull"},{"type":"A","date":"2018-03-16T01:31:25.000Z","volume":1000,"price":9,"category":"rbull"},{"type":"A","date":"2018-03-16T01:31:24.000Z","volume":1000,"price":9,"category":"rbull"},{"type":"A","date":"2018-03-16T01:31:17.000Z","volume":1000,"price":9,"category":"rbull"},{"type":"A","date":"2018-03-16T01:31:17.000Z","volume":1000,"price":9,"category":"rbull"},{"type":"A","date":"2018-03-16T01:31:12.000Z","volume":1000,"price":9,"category":"rbull"},{"type":"A","date":"2018-03-16T01:31:04.000Z","volume":1000,"price":8.99,"category":"rbull"},{"type":"B","date":"2018-03-16T07:59:44.000Z","volume":1000,"price":8.89,"category":"rbear"},{"type":"B","date":"2018-03-16T07:58:11.000Z","volume":1000,"price":8.88,"category":"rbear"},{"type":"B","date":"2018-03-16T07:57:57.000Z","volume":1000,"price":8.88,"category":"rbear"},{"type":"B","date":"2018-03-16T07:57:46.000Z","volume":1000,"price":8.88,"category":"rbear"},{"type":"B","date":"2018-03-16T07:57:31.000Z","volume":1000,"price":8.88,"category":"rbear"},{"type":"B","date":"2018-03-16T07:57:21.000Z","volume":1000,"price":8.88,"category":"rbear"},{"type":"B","date":"2018-03-16T07:57:01.000Z","volume":1000,"price":8.88,"category":"rbear"},{"type":"B","date":"2018-03-16T07:56:48.000Z","volume":1000,"price":8.88,"category":"rbear"},{"type":"B","date":"2018-03-16T07:56:17.000Z","volume":1000,"price":8.88,"category":"rbear"},{"type":"B","date":"2018-03-16T07:56:11.000Z","volume":1000,"price":8.88,"category":"rbear"},{"type":"B","date":"2018-03-16T07:56:06.000Z","volume":1000,"price":8.88,"category":"rbear"},{"type":"B","date":"2018-03-16T07:55:29.000Z","volume":1000,"price":8.88,"category":"rbear"},{"type":"B","date":"2018-03-16T07:55:29.000Z","volume":1000,"price":8.88,"category":"rbear"},{"type":"B","date":"2018-03-16T07:54:50.000Z","volume":1000,"price":8.88,"category":"rbear"},{"type":"B","date":"2018-03-16T07:54:10.000Z","volume":1000,"price":8.88,"category":"rbear"},{"type":"B","date":"2018-03-16T07:53:32.000Z","volume":1000,"price":8.88,"category":"rbear"},{"type":"B","date":"2018-03-16T07:53:16.000Z","volume":1000,"price":8.88,"category":"rbear"},{"type":"B","date":"2018-03-16T07:52:31.000Z","volume":1000,"price":8.88,"category":"rbear"},{"type":"B","date":"2018-03-16T07:51:41.000Z","volume":1000,"price":8.88,"category":"rbear"},{"type":"B","date":"2018-03-16T07:50:01.000Z","volume":1000,"price":8.88,"category":"rbear"},{"type":"B","date":"2018-03-16T07:48:46.000Z","volume":1000,"price":8.88,"category":"rbear"},{"type":"B","date":"2018-03-16T07:47:53.000Z","volume":1000,"price":8.88,"category":"rbear"},{"type":"B","date":"2018-03-16T07:47:51.000Z","volume":1000,"price":8.88,"category":"rbear"},{"type":"B","date":"2018-03-16T07:47:27.000Z","volume":1000,"price":8.89,"category":"rbear"},{"type":"B","date":"2018-03-16T07:46:46.000Z","volume":1000,"price":8.89,"category":"rbear"},{"type":"B","date":"2018-03-16T07:46:06.000Z","volume":1000,"price":8.89,"category":"rbear"},{"type":"B","date":"2018-03-16T07:46:03.000Z","volume":1000,"price":8.89,"category":"rbear"},{"type":"B","date":"2018-03-16T07:45:25.000Z","volume":1000,"price":8.89,"category":"rbear"},{"type":"B","date":"2018-03-16T07:44:35.000Z","volume":1000,"price":8.89,"category":"rbear"},{"type":"B","date":"2018-03-16T07:43:42.000Z","volume":1000,"price":8.89,"category":"rbear"},{"type":"B","date":"2018-03-16T07:42:44.000Z","volume":1000,"price":8.89,"category":"rbear"},{"type":"B","date":"2018-03-16T07:42:01.000Z","volume":1000,"price":8.89,"category":"rbear"},{"type":"B","date":"2018-03-16T07:41:46.000Z","volume":1000,"price":8.89,"category":"rbear"},{"type":"B","date":"2018-03-16T07:41:18.000Z","volume":1000,"price":8.89,"category":"rbear"},{"type":"B","date":"2018-03-16T07:40:31.000Z","volume":1000,"price":8.89,"category":"rbear"},{"type":"B","date":"2018-03-16T07:39:38.000Z","volume":1000,"price":8.89,"category":"rbear"},{"type":"B","date":"2018-03-16T07:38:44.000Z","volume":1000,"price":8.89,"category":"rbear"},{"type":"B","date":"2018-03-16T07:38:16.000Z","volume":1000,"price":8.89,"category":"rbear"},{"type":"B","date":"2018-03-16T07:37:30.000Z","volume":1000,"price":8.89,"category":"rbear"},{"type":"B","date":"2018-03-16T07:37:23.000Z","volume":1000,"price":8.89,"category":"rbear"},{"type":"B","date":"2018-03-16T07:35:46.000Z","volume":1000,"price":8.89,"category":"rbear"},{"type":"B","date":"2018-03-16T07:34:51.000Z","volume":1000,"price":8.89,"category":"rbear"},{"type":"B","date":"2018-03-16T07:34:15.000Z","volume":1000,"price":8.89,"category":"rbear"},{"type":"B","date":"2018-03-16T07:33:51.000Z","volume":1000,"price":8.89,"category":"rbear"},{"type":"B","date":"2018-03-16T07:33:32.000Z","volume":1000,"price":8.89,"category":"rbear"},{"type":"B","date":"2018-03-16T07:32:41.000Z","volume":1000,"price":8.89,"category":"rbear"},{"type":"B","date":"2018-03-16T07:31:31.000Z","volume":1000,"price":8.89,"category":"rbear"},{"type":"B","date":"2018-03-16T07:31:01.000Z","volume":1000,"price":8.89,"category":"rbear"},{"type":"B","date":"2018-03-16T07:30:44.000Z","volume":1000,"price":8.89,"category":"rbear"},{"type":"B","date":"2018-03-16T07:30:01.000Z","volume":1000,"price":8.89,"category":"rbear"},{"type":"B","date":"2018-03-16T07:29:35.000Z","volume":1000,"price":8.89,"category":"rbear"},{"type":"B","date":"2018-03-16T07:29:18.000Z","volume":1000,"price":8.89,"category":"rbear"},{"type":"B","date":"2018-03-16T07:28:29.000Z","volume":1000,"price":8.89,"category":"rbear"},{"type":"B","date":"2018-03-16T07:28:23.000Z","volume":1000,"price":8.89,"category":"rbear"},{"type":"B","date":"2018-03-16T07:28:06.000Z","volume":1000,"price":8.89,"category":"rbear"},{"type":"B","date":"2018-03-16T07:27:36.000Z","volume":1000,"price":8.89,"category":"rbear"},{"type":"B","date":"2018-03-16T07:27:04.000Z","volume":1000,"price":8.89,"category":"rbear"},{"type":"B","date":"2018-03-16T07:26:59.000Z","volume":1000,"price":8.89,"category":"rbear"},{"type":"B","date":"2018-03-16T07:26:19.000Z","volume":1000,"price":8.89,"category":"rbear"},{"type":"B","date":"2018-03-16T07:26:00.000Z","volume":1000,"price":8.89,"category":"rbear"},{"type":"B","date":"2018-03-16T07:26:00.000Z","volume":1000,"price":8.89,"category":"rbear"},{"type":"B","date":"2018-03-16T07:24:41.000Z","volume":1000,"price":8.89,"category":"rbear"},{"type":"B","date":"2018-03-16T07:24:05.000Z","volume":1000,"price":8.89,"category":"rbear"},{"type":"B","date":"2018-03-16T07:22:46.000Z","volume":1000,"price":8.89,"category":"rbear"},{"type":"B","date":"2018-03-16T07:21:46.000Z","volume":1000,"price":8.89,"category":"rbear"},{"type":"B","date":"2018-03-16T07:21:34.000Z","volume":1000,"price":8.89,"category":"rbear"},{"type":"B","date":"2018-03-16T07:17:33.000Z","volume":1000,"price":8.89,"category":"rbear"},{"type":"B","date":"2018-03-16T07:16:26.000Z","volume":1000,"price":8.89,"category":"rbear"},{"type":"B","date":"2018-03-16T07:15:37.000Z","volume":1000,"price":8.89,"category":"rbear"},{"type":"B","date":"2018-03-16T07:15:11.000Z","volume":1000,"price":8.89,"category":"rbear"},{"type":"B","date":"2018-03-16T07:14:16.000Z","volume":1000,"price":8.89,"category":"rbear"},{"type":"B","date":"2018-03-16T07:14:02.000Z","volume":1000,"price":8.89,"category":"rbear"},{"type":"B","date":"2018-03-16T07:13:23.000Z","volume":1000,"price":8.89,"category":"rbear"},{"type":"B","date":"2018-03-16T07:13:20.000Z","volume":1000,"price":8.89,"category":"rbear"},{"type":"B","date":"2018-03-16T07:11:40.000Z","volume":1000,"price":8.89,"category":"rbear"},{"type":"B","date":"2018-03-16T07:11:31.000Z","volume":1000,"price":8.89,"category":"rbear"},{"type":"B","date":"2018-03-16T07:10:26.000Z","volume":1000,"price":8.89,"category":"rbear"},{"type":"B","date":"2018-03-16T07:09:16.000Z","volume":1000,"price":8.89,"category":"rbear"},{"type":"B","date":"2018-03-16T07:08:11.000Z","volume":1000,"price":8.89,"category":"rbear"},{"type":"B","date":"2018-03-16T07:06:56.000Z","volume":1000,"price":8.89,"category":"rbear"},{"type":"B","date":"2018-03-16T07:06:30.000Z","volume":1000,"price":8.89,"category":"rbear"},{"type":"B","date":"2018-03-16T07:05:51.000Z","volume":1000,"price":8.89,"category":"rbear"},{"type":"B","date":"2018-03-16T07:03:57.000Z","volume":1000,"price":8.89,"category":"rbear"},{"type":"B","date":"2018-03-16T07:02:00.000Z","volume":1000,"price":8.89,"category":"rbear"},{"type":"B","date":"2018-03-16T07:00:21.000Z","volume":1000,"price":8.9,"category":"rbear"},{"type":"B","date":"2018-03-16T06:55:27.000Z","volume":1000,"price":8.9,"category":"rbear"},{"type":"B","date":"2018-03-16T06:46:07.000Z","volume":1000,"price":8.91,"category":"rbear"},{"type":"B","date":"2018-03-16T06:45:41.000Z","volume":1000,"price":8.9,"category":"rbear"},{"type":"B","date":"2018-03-16T06:44:36.000Z","volume":1000,"price":8.9,"category":"rbear"},{"type":"B","date":"2018-03-16T06:44:24.000Z","volume":1000,"price":8.9,"category":"rbear"},{"type":"B","date":"2018-03-16T06:44:16.000Z","volume":1000,"price":8.91,"category":"rbear"},{"type":"B","date":"2018-03-16T06:44:16.000Z","volume":1000,"price":8.91,"category":"rbear"},{"type":"B","date":"2018-03-16T06:42:15.000Z","volume":1000,"price":8.91,"category":"rbear"},{"type":"B","date":"2018-03-16T06:41:36.000Z","volume":1000,"price":8.91,"category":"rbear"},{"type":"B","date":"2018-03-16T06:40:09.000Z","volume":1000,"price":8.9,"category":"rbear"},{"type":"B","date":"2018-03-16T06:38:26.000Z","volume":1000,"price":8.9,"category":"rbear"},{"type":"B","date":"2018-03-16T06:38:00.000Z","volume":1000,"price":8.9,"category":"rbear"},{"type":"B","date":"2018-03-16T06:37:46.000Z","volume":1000,"price":8.9,"category":"rbear"},{"type":"B","date":"2018-03-16T06:33:52.000Z","volume":1000,"price":8.91,"category":"rbear"},{"type":"B","date":"2018-03-16T06:30:46.000Z","volume":1000,"price":8.9,"category":"rbear"},{"type":"B","date":"2018-03-16T06:28:19.000Z","volume":1000,"price":8.9,"category":"rbear"},{"type":"B","date":"2018-03-16T06:27:17.000Z","volume":1000,"price":8.9,"category":"rbear"},{"type":"B","date":"2018-03-16T06:26:01.000Z","volume":1000,"price":8.9,"category":"rbear"},{"type":"B","date":"2018-03-16T06:24:51.000Z","volume":1000,"price":8.9,"category":"rbear"},{"type":"B","date":"2018-03-16T06:23:01.000Z","volume":1000,"price":8.9,"category":"rbear"},{"type":"B","date":"2018-03-16T06:22:48.000Z","volume":1000,"price":8.9,"category":"rbear"},{"type":"B","date":"2018-03-16T06:21:26.000Z","volume":1000,"price":8.9,"category":"rbear"},{"type":"B","date":"2018-03-16T06:14:23.000Z","volume":1000,"price":8.89,"category":"rbear"},{"type":"B","date":"2018-03-16T06:12:18.000Z","volume":1000,"price":8.89,"category":"rbear"},{"type":"B","date":"2018-03-16T06:11:45.000Z","volume":1000,"price":8.89,"category":"rbear"},{"type":"B","date":"2018-03-16T06:11:36.000Z","volume":1000,"price":8.9,"category":"rbear"},{"type":"B","date":"2018-03-16T06:11:15.000Z","volume":1000,"price":8.9,"category":"rbear"},{"type":"B","date":"2018-03-16T06:10:05.000Z","volume":1000,"price":8.9,"category":"rbear"},{"type":"B","date":"2018-03-16T06:09:50.000Z","volume":1000,"price":8.9,"category":"rbear"},{"type":"B","date":"2018-03-16T06:08:41.000Z","volume":1000,"price":8.9,"category":"rbear"},{"type":"B","date":"2018-03-16T06:07:26.000Z","volume":1000,"price":8.9,"category":"rbear"},{"type":"B","date":"2018-03-16T06:06:41.000Z","volume":1000,"price":8.9,"category":"rbear"},{"type":"B","date":"2018-03-16T06:00:42.000Z","volume":1000,"price":8.9,"category":"rbear"},{"type":"B","date":"2018-03-16T05:58:36.000Z","volume":1000,"price":8.9,"category":"rbear"},{"type":"B","date":"2018-03-16T05:58:02.000Z","volume":1000,"price":8.9,"category":"rbear"},{"type":"B","date":"2018-03-16T05:57:08.000Z","volume":1000,"price":8.91,"category":"rbear"},{"type":"B","date":"2018-03-16T05:57:08.000Z","volume":1000,"price":8.91,"category":"rbear"},{"type":"B","date":"2018-03-16T05:56:06.000Z","volume":1000,"price":8.91,"category":"rbear"},{"type":"B","date":"2018-03-16T05:55:11.000Z","volume":1000,"price":8.91,"category":"rbear"},{"type":"B","date":"2018-03-16T05:54:16.000Z","volume":1000,"price":8.91,"category":"rbear"},{"type":"B","date":"2018-03-16T05:53:01.000Z","volume":1000,"price":8.91,"category":"rbear"},{"type":"B","date":"2018-03-16T05:50:09.000Z","volume":1000,"price":8.91,"category":"rbear"},{"type":"B","date":"2018-03-16T05:47:30.000Z","volume":1000,"price":8.9,"category":"rbear"},{"type":"B","date":"2018-03-16T05:47:30.000Z","volume":1000,"price":8.9,"category":"rbear"},{"type":"B","date":"2018-03-16T05:46:04.000Z","volume":1000,"price":8.9,"category":"rbear"},{"type":"B","date":"2018-03-16T05:45:31.000Z","volume":1000,"price":8.9,"category":"rbear"},{"type":"B","date":"2018-03-16T05:42:34.000Z","volume":1000,"price":8.9,"category":"rbear"},{"type":"B","date":"2018-03-16T05:40:39.000Z","volume":1000,"price":8.91,"category":"rbear"},{"type":"B","date":"2018-03-16T05:39:50.000Z","volume":1000,"price":8.92,"category":"rbear"},{"type":"B","date":"2018-03-16T05:39:06.000Z","volume":1000,"price":8.92,"category":"rbear"},{"type":"B","date":"2018-03-16T05:38:51.000Z","volume":1000,"price":8.91,"category":"rbear"},{"type":"B","date":"2018-03-16T05:36:46.000Z","volume":1000,"price":8.89,"category":"rbear"},{"type":"B","date":"2018-03-16T05:35:51.000Z","volume":1000,"price":8.89,"category":"rbear"},{"type":"B","date":"2018-03-16T05:34:26.000Z","volume":1000,"price":8.89,"category":"rbear"},{"type":"B","date":"2018-03-16T05:32:46.000Z","volume":1000,"price":8.89,"category":"rbear"},{"type":"B","date":"2018-03-16T05:31:13.000Z","volume":1000,"price":8.89,"category":"rbear"},{"type":"B","date":"2018-03-16T05:29:46.000Z","volume":1000,"price":8.89,"category":"rbear"},{"type":"B","date":"2018-03-16T05:29:37.000Z","volume":1000,"price":8.89,"category":"rbear"},{"type":"B","date":"2018-03-16T05:28:21.000Z","volume":1000,"price":8.9,"category":"rbear"},{"type":"B","date":"2018-03-16T05:28:11.000Z","volume":1000,"price":8.9,"category":"rbear"},{"type":"B","date":"2018-03-16T05:28:03.000Z","volume":1000,"price":8.9,"category":"rbear"},{"type":"B","date":"2018-03-16T05:27:01.000Z","volume":1000,"price":8.9,"category":"rbear"},{"type":"B","date":"2018-03-16T05:25:31.000Z","volume":1000,"price":8.9,"category":"rbear"},{"type":"B","date":"2018-03-16T05:25:31.000Z","volume":1000,"price":8.9,"category":"rbear"},{"type":"B","date":"2018-03-16T05:24:46.000Z","volume":1000,"price":8.9,"category":"rbear"},{"type":"B","date":"2018-03-16T05:23:11.000Z","volume":1000,"price":8.9,"category":"rbear"},{"type":"B","date":"2018-03-16T05:21:31.000Z","volume":1000,"price":8.9,"category":"rbear"},{"type":"B","date":"2018-03-16T05:21:01.000Z","volume":1000,"price":8.9,"category":"rbear"},{"type":"B","date":"2018-03-16T05:20:16.000Z","volume":1000,"price":8.9,"category":"rbear"},{"type":"B","date":"2018-03-16T05:17:29.000Z","volume":1000,"price":8.91,"category":"rbear"},{"type":"B","date":"2018-03-16T05:13:06.000Z","volume":1000,"price":8.91,"category":"rbear"},{"type":"B","date":"2018-03-16T05:12:06.000Z","volume":1000,"price":8.9,"category":"rbear"},{"type":"B","date":"2018-03-16T05:09:07.000Z","volume":1000,"price":8.9,"category":"rbear"},{"type":"B","date":"2018-03-16T05:06:47.000Z","volume":1000,"price":8.9,"category":"rbear"},{"type":"B","date":"2018-03-16T05:06:36.000Z","volume":1000,"price":8.9,"category":"rbear"},{"type":"B","date":"2018-03-16T05:06:26.000Z","volume":1000,"price":8.9,"category":"rbear"},{"type":"B","date":"2018-03-16T05:05:38.000Z","volume":1000,"price":8.9,"category":"rbear"},{"type":"B","date":"2018-03-16T05:04:56.000Z","volume":1000,"price":8.9,"category":"rbear"},{"type":"B","date":"2018-03-16T05:04:11.000Z","volume":1000,"price":8.9,"category":"rbear"},{"type":"B","date":"2018-03-16T05:02:56.000Z","volume":1000,"price":8.9,"category":"rbear"},{"type":"B","date":"2018-03-16T05:02:06.000Z","volume":1000,"price":8.9,"category":"rbear"},{"type":"B","date":"2018-03-16T05:01:48.000Z","volume":1000,"price":8.9,"category":"rbear"},{"type":"B","date":"2018-03-16T05:01:16.000Z","volume":1000,"price":8.9,"category":"rbear"},{"type":"B","date":"2018-03-16T05:00:41.000Z","volume":1000,"price":8.9,"category":"rbear"},{"type":"B","date":"2018-03-16T05:00:26.000Z","volume":1000,"price":8.9,"category":"rbear"},{"type":"B","date":"2018-03-16T05:00:22.000Z","volume":1000,"price":8.9,"category":"rbear"},{"type":"B","date":"2018-03-16T05:00:00.000Z","volume":1000,"price":8.9,"category":"rbear"},{"type":"B","date":"2018-03-16T05:00:00.000Z","volume":1000,"price":8.9,"category":"rbear"},{"type":"B","date":"2018-03-16T03:58:16.000Z","volume":1000,"price":8.9,"category":"rbear"},{"type":"B","date":"2018-03-16T03:55:23.000Z","volume":1000,"price":8.9,"category":"rbear"},{"type":"B","date":"2018-03-16T03:44:20.000Z","volume":1000,"price":8.9,"category":"rbear"},{"type":"B","date":"2018-03-16T03:38:21.000Z","volume":1000,"price":8.89,"category":"rbear"},{"type":"B","date":"2018-03-16T03:37:25.000Z","volume":1000,"price":8.89,"category":"rbear"},{"type":"B","date":"2018-03-16T03:37:01.000Z","volume":1000,"price":8.89,"category":"rbear"},{"type":"B","date":"2018-03-16T03:36:01.000Z","volume":1000,"price":8.89,"category":"rbear"},{"type":"B","date":"2018-03-16T03:35:31.000Z","volume":1000,"price":8.89,"category":"rbear"},{"type":"B","date":"2018-03-16T03:34:55.000Z","volume":1000,"price":8.89,"category":"rbear"},{"type":"B","date":"2018-03-16T03:34:53.000Z","volume":1000,"price":8.89,"category":"rbear"},{"type":"B","date":"2018-03-16T03:34:06.000Z","volume":1000,"price":8.89,"category":"rbear"},{"type":"B","date":"2018-03-16T03:33:48.000Z","volume":1000,"price":8.89,"category":"rbear"},{"type":"B","date":"2018-03-16T03:33:31.000Z","volume":1000,"price":8.9,"category":"rbear"},{"type":"B","date":"2018-03-16T03:32:31.000Z","volume":1000,"price":8.9,"category":"rbear"},{"type":"B","date":"2018-03-16T03:31:26.000Z","volume":1000,"price":8.9,"category":"rbear"},{"type":"B","date":"2018-03-16T03:30:06.000Z","volume":1000,"price":8.9,"category":"rbear"},{"type":"B","date":"2018-03-16T03:28:39.000Z","volume":1000,"price":8.9,"category":"rbear"},{"type":"B","date":"2018-03-16T03:27:41.000Z","volume":1000,"price":8.9,"category":"rbear"},{"type":"B","date":"2018-03-16T03:26:26.000Z","volume":1000,"price":8.9,"category":"rbear"},{"type":"B","date":"2018-03-16T03:25:16.000Z","volume":1000,"price":8.9,"category":"rbear"},{"type":"B","date":"2018-03-16T03:22:45.000Z","volume":1000,"price":8.91,"category":"rbear"},{"type":"B","date":"2018-03-16T03:18:56.000Z","volume":1000,"price":8.91,"category":"rbear"},{"type":"B","date":"2018-03-16T03:17:36.000Z","volume":1000,"price":8.91,"category":"rbear"},{"type":"B","date":"2018-03-16T03:11:41.000Z","volume":1000,"price":8.93,"category":"rbear"},{"type":"B","date":"2018-03-16T03:10:00.000Z","volume":1000,"price":8.92,"category":"rbear"},{"type":"B","date":"2018-03-16T03:08:26.000Z","volume":1000,"price":8.92,"category":"rbear"},{"type":"B","date":"2018-03-16T03:06:46.000Z","volume":1000,"price":8.92,"category":"rbear"},{"type":"B","date":"2018-03-16T03:05:36.000Z","volume":1000,"price":8.92,"category":"rbear"},{"type":"B","date":"2018-03-16T03:00:39.000Z","volume":1000,"price":8.92,"category":"rbear"},{"type":"B","date":"2018-03-16T02:59:01.000Z","volume":1000,"price":8.92,"category":"rbear"},{"type":"B","date":"2018-03-16T02:57:46.000Z","volume":1000,"price":8.92,"category":"rbear"},{"type":"B","date":"2018-03-16T02:56:21.000Z","volume":1000,"price":8.92,"category":"rbear"},{"type":"B","date":"2018-03-16T02:55:11.000Z","volume":1000,"price":8.92,"category":"rbear"},{"type":"B","date":"2018-03-16T02:54:06.000Z","volume":1000,"price":8.92,"category":"rbear"},{"type":"B","date":"2018-03-16T02:49:46.000Z","volume":1000,"price":8.91,"category":"rbear"},{"type":"B","date":"2018-03-16T02:48:56.000Z","volume":1000,"price":8.91,"category":"rbear"},{"type":"B","date":"2018-03-16T02:47:55.000Z","volume":1000,"price":8.91,"category":"rbear"},{"type":"B","date":"2018-03-16T02:47:26.000Z","volume":1000,"price":8.91,"category":"rbear"},{"type":"B","date":"2018-03-16T02:46:46.000Z","volume":1000,"price":8.91,"category":"rbear"},{"type":"B","date":"2018-03-16T02:46:26.000Z","volume":1000,"price":8.91,"category":"rbear"},{"type":"B","date":"2018-03-16T02:45:31.000Z","volume":1000,"price":8.92,"category":"rbear"},{"type":"B","date":"2018-03-16T02:45:31.000Z","volume":1000,"price":8.92,"category":"rbear"},{"type":"B","date":"2018-03-16T02:42:01.000Z","volume":1000,"price":8.93,"category":"rbear"},{"type":"B","date":"2018-03-16T02:38:26.000Z","volume":1000,"price":8.9,"category":"rbear"},{"type":"B","date":"2018-03-16T02:37:16.000Z","volume":1000,"price":8.9,"category":"rbear"},{"type":"B","date":"2018-03-16T02:36:06.000Z","volume":1000,"price":8.9,"category":"rbear"},{"type":"B","date":"2018-03-16T02:35:06.000Z","volume":1000,"price":8.91,"category":"rbear"},{"type":"B","date":"2018-03-16T02:28:11.000Z","volume":1000,"price":8.89,"category":"rbear"},{"type":"B","date":"2018-03-16T02:27:51.000Z","volume":1000,"price":8.89,"category":"rbear"},{"type":"B","date":"2018-03-16T02:25:28.000Z","volume":1000,"price":8.89,"category":"rbear"},{"type":"B","date":"2018-03-16T02:25:28.000Z","volume":1000,"price":8.89,"category":"rbear"},{"type":"B","date":"2018-03-16T02:24:16.000Z","volume":1000,"price":8.92,"category":"rbear"},{"type":"B","date":"2018-03-16T02:23:29.000Z","volume":1000,"price":8.92,"category":"rbear"},{"type":"B","date":"2018-03-16T02:21:00.000Z","volume":1000,"price":8.93,"category":"rbear"},{"type":"B","date":"2018-03-16T02:18:24.000Z","volume":1000,"price":8.93,"category":"rbear"},{"type":"B","date":"2018-03-16T02:18:24.000Z","volume":1000,"price":8.93,"category":"rbear"},{"type":"B","date":"2018-03-16T02:17:36.000Z","volume":1000,"price":8.94,"category":"rbear"},{"type":"B","date":"2018-03-16T02:10:41.000Z","volume":1000,"price":8.94,"category":"rbear"},{"type":"B","date":"2018-03-16T02:09:36.000Z","volume":1000,"price":8.93,"category":"rbear"},{"type":"B","date":"2018-03-16T02:08:29.000Z","volume":1000,"price":8.93,"category":"rbear"},{"type":"B","date":"2018-03-16T02:08:11.000Z","volume":1000,"price":8.93,"category":"rbear"},{"type":"B","date":"2018-03-16T02:07:17.000Z","volume":1000,"price":8.94,"category":"rbear"},{"type":"B","date":"2018-03-16T02:06:44.000Z","volume":1000,"price":8.95,"category":"rbear"},{"type":"B","date":"2018-03-16T02:04:01.000Z","volume":1000,"price":8.96,"category":"rbear"},{"type":"B","date":"2018-03-16T02:04:01.000Z","volume":1000,"price":8.96,"category":"rbear"},{"type":"B","date":"2018-03-16T02:01:36.000Z","volume":1000,"price":8.91,"category":"rbear"},{"type":"B","date":"2018-03-16T01:59:16.000Z","volume":1000,"price":8.93,"category":"rbear"},{"type":"B","date":"2018-03-16T01:59:02.000Z","volume":1000,"price":8.93,"category":"rbear"},{"type":"B","date":"2018-03-16T01:58:21.000Z","volume":1000,"price":8.93,"category":"rbear"},{"type":"B","date":"2018-03-16T01:57:21.000Z","volume":1000,"price":8.93,"category":"rbear"},{"type":"B","date":"2018-03-16T01:56:24.000Z","volume":1000,"price":8.93,"category":"rbear"},{"type":"B","date":"2018-03-16T01:55:39.000Z","volume":1000,"price":8.94,"category":"rbear"},{"type":"B","date":"2018-03-16T01:54:55.000Z","volume":1000,"price":8.95,"category":"rbear"},{"type":"B","date":"2018-03-16T01:53:59.000Z","volume":1000,"price":8.95,"category":"rbear"},{"type":"B","date":"2018-03-16T01:53:41.000Z","volume":1000,"price":8.95,"category":"rbear"},{"type":"B","date":"2018-03-16T01:53:01.000Z","volume":1000,"price":8.95,"category":"rbear"},{"type":"B","date":"2018-03-16T01:52:21.000Z","volume":1000,"price":8.95,"category":"rbear"},{"type":"B","date":"2018-03-16T01:51:41.000Z","volume":1000,"price":8.95,"category":"rbear"},{"type":"B","date":"2018-03-16T01:51:22.000Z","volume":1000,"price":8.96,"category":"rbear"},{"type":"B","date":"2018-03-16T01:51:01.000Z","volume":1000,"price":8.96,"category":"rbear"},{"type":"B","date":"2018-03-16T01:50:31.000Z","volume":1000,"price":8.96,"category":"rbear"},{"type":"B","date":"2018-03-16T01:50:00.000Z","volume":1000,"price":8.96,"category":"rbear"},{"type":"B","date":"2018-03-16T01:49:01.000Z","volume":1000,"price":8.96,"category":"rbear"},{"type":"B","date":"2018-03-16T01:48:21.000Z","volume":1000,"price":8.96,"category":"rbear"},{"type":"B","date":"2018-03-16T01:47:36.000Z","volume":1000,"price":8.95,"category":"rbear"},{"type":"B","date":"2018-03-16T01:46:46.000Z","volume":1000,"price":8.95,"category":"rbear"},{"type":"B","date":"2018-03-16T01:46:21.000Z","volume":1000,"price":8.95,"category":"rbear"},{"type":"B","date":"2018-03-16T01:45:41.000Z","volume":1000,"price":8.96,"category":"rbear"},{"type":"B","date":"2018-03-16T01:43:01.000Z","volume":1000,"price":8.94,"category":"rbear"},{"type":"B","date":"2018-03-16T01:42:11.000Z","volume":1000,"price":8.94,"category":"rbear"},{"type":"B","date":"2018-03-16T01:41:21.000Z","volume":1000,"price":8.94,"category":"rbear"},{"type":"B","date":"2018-03-16T01:40:56.000Z","volume":1000,"price":8.93,"category":"rbear"},{"type":"B","date":"2018-03-16T01:39:50.000Z","volume":1000,"price":8.93,"category":"rbear"},{"type":"B","date":"2018-03-16T01:39:26.000Z","volume":1000,"price":8.93,"category":"rbear"},{"type":"B","date":"2018-03-16T01:39:26.000Z","volume":1000,"price":8.93,"category":"rbear"},{"type":"B","date":"2018-03-16T01:38:43.000Z","volume":1000,"price":8.95,"category":"rbear"},{"type":"B","date":"2018-03-16T01:38:41.000Z","volume":1000,"price":8.95,"category":"rbear"},{"type":"B","date":"2018-03-16T01:37:56.000Z","volume":1000,"price":8.95,"category":"rbear"},{"type":"B","date":"2018-03-16T01:37:39.000Z","volume":1000,"price":8.96,"category":"rbear"},{"type":"B","date":"2018-03-16T01:37:23.000Z","volume":1000,"price":8.95,"category":"rbear"},{"type":"B","date":"2018-03-16T01:36:46.000Z","volume":1000,"price":8.97,"category":"rbear"},{"type":"B","date":"2018-03-16T01:35:33.000Z","volume":1000,"price":8.98,"category":"rbear"},{"type":"B","date":"2018-03-16T01:35:31.000Z","volume":1000,"price":8.98,"category":"rbear"},{"type":"B","date":"2018-03-16T01:33:56.000Z","volume":1000,"price":8.98,"category":"rbear"},{"type":"B","date":"2018-03-16T01:33:56.000Z","volume":1000,"price":8.98,"category":"rbear"},{"type":"B","date":"2018-03-16T01:32:45.000Z","volume":1000,"price":8.97,"category":"rbear"},{"type":"B","date":"2018-03-16T01:31:38.000Z","volume":1000,"price":8.97,"category":"rbear"},{"type":"B","date":"2018-03-16T01:31:06.000Z","volume":1000,"price":8.97,"category":"rbear"},{"type":"B","date":"2018-03-16T01:30:49.000Z","volume":1000,"price":8.96,"category":"rbear"},{"type":"B","date":"2018-03-16T07:59:45.000Z","volume":8000,"price":8.89,"category":"bbear"},{"type":"B","date":"2018-03-16T07:58:34.000Z","volume":8000,"price":8.88,"category":"bbear"},{"type":"B","date":"2018-03-16T07:58:04.000Z","volume":8000,"price":8.88,"category":"bbear"},{"type":"B","date":"2018-03-16T07:57:34.000Z","volume":6000,"price":8.88,"category":"bbear"},{"type":"B","date":"2018-03-16T07:57:04.000Z","volume":9000,"price":8.88,"category":"bbear"},{"type":"B","date":"2018-03-16T07:47:34.000Z","volume":7000,"price":8.89,"category":"bbear"},{"type":"B","date":"2018-03-16T07:38:36.000Z","volume":10000,"price":8.89,"category":"bbear"},{"type":"B","date":"2018-03-16T07:36:15.000Z","volume":13000,"price":8.89,"category":"bbear"},{"type":"B","date":"2018-03-16T07:00:21.000Z","volume":12000,"price":8.9,"category":"bbear"},{"type":"B","date":"2018-03-16T06:59:48.000Z","volume":6000,"price":8.9,"category":"bbear"},{"type":"B","date":"2018-03-16T06:54:32.000Z","volume":10000,"price":8.9,"category":"bbear"},{"type":"B","date":"2018-03-16T06:42:04.000Z","volume":6000,"price":8.91,"category":"bbear"},{"type":"B","date":"2018-03-16T06:42:01.000Z","volume":10000,"price":8.91,"category":"bbear"},{"type":"B","date":"2018-03-16T06:40:52.000Z","volume":7000,"price":8.91,"category":"bbear"},{"type":"B","date":"2018-03-16T06:34:22.000Z","volume":10000,"price":8.91,"category":"bbear"},{"type":"B","date":"2018-03-16T06:32:22.000Z","volume":10000,"price":8.91,"category":"bbear"},{"type":"B","date":"2018-03-16T06:11:36.000Z","volume":13000,"price":8.9,"category":"bbear"},{"type":"B","date":"2018-03-16T05:58:03.000Z","volume":12000,"price":8.91,"category":"bbear"},{"type":"B","date":"2018-03-16T05:47:28.000Z","volume":8000,"price":8.9,"category":"bbear"},{"type":"B","date":"2018-03-16T05:40:39.000Z","volume":10000,"price":8.91,"category":"bbear"},{"type":"B","date":"2018-03-16T05:39:50.000Z","volume":7000,"price":8.91,"category":"bbear"},{"type":"B","date":"2018-03-16T05:38:51.000Z","volume":8000,"price":8.91,"category":"bbear"},{"type":"B","date":"2018-03-16T05:27:51.000Z","volume":13000,"price":8.9,"category":"bbear"},{"type":"B","date":"2018-03-16T05:21:46.000Z","volume":8000,"price":8.9,"category":"bbear"},{"type":"B","date":"2018-03-16T03:19:17.000Z","volume":10000,"price":8.91,"category":"bbear"},{"type":"B","date":"2018-03-16T03:13:06.000Z","volume":9000,"price":8.92,"category":"bbear"},{"type":"B","date":"2018-03-16T03:10:10.000Z","volume":10000,"price":8.92,"category":"bbear"},{"type":"B","date":"2018-03-16T02:45:31.000Z","volume":10000,"price":8.92,"category":"bbear"},{"type":"B","date":"2018-03-16T02:43:26.000Z","volume":14000,"price":8.93,"category":"bbear"},{"type":"B","date":"2018-03-16T02:25:23.000Z","volume":7000,"price":8.9,"category":"bbear"},{"type":"B","date":"2018-03-16T02:25:23.000Z","volume":7000,"price":8.9,"category":"bbear"},{"type":"B","date":"2018-03-16T02:25:23.000Z","volume":8000,"price":8.91,"category":"bbear"},{"type":"B","date":"2018-03-16T02:21:39.000Z","volume":11000,"price":8.93,"category":"bbear"},{"type":"B","date":"2018-03-16T02:21:31.000Z","volume":14000,"price":8.94,"category":"bbear"},{"type":"B","date":"2018-03-16T02:18:18.000Z","volume":9000,"price":8.94,"category":"bbear"},{"type":"B","date":"2018-03-16T02:12:33.000Z","volume":10000,"price":8.94,"category":"bbear"},{"type":"B","date":"2018-03-16T02:11:31.000Z","volume":13000,"price":8.95,"category":"bbear"},{"type":"B","date":"2018-03-16T02:08:01.000Z","volume":7000,"price":8.94,"category":"bbear"},{"type":"B","date":"2018-03-16T02:07:13.000Z","volume":8000,"price":8.95,"category":"bbear"},{"type":"B","date":"2018-03-16T02:01:56.000Z","volume":8000,"price":8.96,"category":"bbear"},{"type":"B","date":"2018-03-16T01:59:16.000Z","volume":12000,"price":8.93,"category":"bbear"},{"type":"B","date":"2018-03-16T01:55:24.000Z","volume":11000,"price":8.95,"category":"bbear"},{"type":"B","date":"2018-03-16T01:51:26.000Z","volume":11000,"price":8.96,"category":"bbear"},{"type":"B","date":"2018-03-16T01:48:21.000Z","volume":10000,"price":8.96,"category":"bbear"},{"type":"B","date":"2018-03-16T01:45:41.000Z","volume":14000,"price":8.96,"category":"bbear"},{"type":"B","date":"2018-03-16T01:38:43.000Z","volume":9000,"price":8.95,"category":"bbear"},{"type":"B","date":"2018-03-16T01:36:01.000Z","volume":7000,"price":8.98,"category":"bbear"},{"type":"B","date":"2018-03-16T01:30:48.000Z","volume":10000,"price":8.95,"category":"bbear"},{"type":"B","date":"2018-03-16T07:47:34.000Z","volume":28000,"price":8.89,"category":"ubbear"},{"type":"B","date":"2018-03-16T07:47:34.000Z","volume":37000,"price":8.89,"category":"ubbear"},{"type":"B","date":"2018-03-16T07:47:08.000Z","volume":20000,"price":8.89,"category":"ubbear"},{"type":"B","date":"2018-03-16T07:47:08.000Z","volume":80000,"price":8.89,"category":"ubbear"},{"type":"B","date":"2018-03-16T07:47:08.000Z","volume":30000,"price":8.89,"category":"ubbear"},{"type":"B","date":"2018-03-16T06:54:32.000Z","volume":26000,"price":8.9,"category":"ubbear"},{"type":"B","date":"2018-03-16T06:46:07.000Z","volume":15000,"price":8.91,"category":"ubbear"},{"type":"B","date":"2018-03-16T06:18:29.000Z","volume":22000,"price":8.9,"category":"ubbear"},{"type":"B","date":"2018-03-16T06:15:30.000Z","volume":60000,"price":8.89,"category":"ubbear"},{"type":"B","date":"2018-03-16T05:58:50.000Z","volume":42000,"price":8.9,"category":"ubbear"},{"type":"B","date":"2018-03-16T05:58:50.000Z","volume":60000,"price":8.9,"category":"ubbear"},{"type":"B","date":"2018-03-16T05:54:40.000Z","volume":22000,"price":8.91,"category":"ubbear"},{"type":"B","date":"2018-03-16T05:47:28.000Z","volume":32000,"price":8.9,"category":"ubbear"},{"type":"B","date":"2018-03-16T05:39:50.000Z","volume":35000,"price":8.92,"category":"ubbear"},{"type":"B","date":"2018-03-16T05:28:46.000Z","volume":22000,"price":8.9,"category":"ubbear"},{"type":"B","date":"2018-03-16T05:19:16.000Z","volume":25000,"price":8.91,"category":"ubbear"},{"type":"B","date":"2018-03-16T03:39:22.000Z","volume":15000,"price":8.9,"category":"ubbear"},{"type":"B","date":"2018-03-16T03:34:48.000Z","volume":43000,"price":8.89,"category":"ubbear"},{"type":"B","date":"2018-03-16T03:33:31.000Z","volume":369000,"price":8.9,"category":"ubbear"},{"type":"B","date":"2018-03-16T03:32:31.000Z","volume":17000,"price":8.91,"category":"ubbear"},{"type":"B","date":"2018-03-16T03:11:44.000Z","volume":27000,"price":8.93,"category":"ubbear"},{"type":"B","date":"2018-03-16T03:10:45.000Z","volume":52000,"price":8.93,"category":"ubbear"},{"type":"B","date":"2018-03-16T02:35:03.000Z","volume":16000,"price":8.91,"category":"ubbear"},{"type":"B","date":"2018-03-16T02:33:57.000Z","volume":16000,"price":8.91,"category":"ubbear"},{"type":"B","date":"2018-03-16T02:29:45.000Z","volume":17000,"price":8.89,"category":"ubbear"},{"type":"B","date":"2018-03-16T02:29:45.000Z","volume":19000,"price":8.89,"category":"ubbear"},{"type":"B","date":"2018-03-16T02:25:23.000Z","volume":141000,"price":8.9,"category":"ubbear"},{"type":"B","date":"2018-03-16T02:25:23.000Z","volume":34000,"price":8.92,"category":"ubbear"},{"type":"B","date":"2018-03-16T02:13:45.000Z","volume":27000,"price":8.93,"category":"ubbear"},{"type":"B","date":"2018-03-16T02:01:05.000Z","volume":15000,"price":8.92,"category":"ubbear"},{"type":"B","date":"2018-03-16T01:59:44.000Z","volume":24000,"price":8.92,"category":"ubbear"},{"type":"B","date":"2018-03-16T01:59:40.000Z","volume":16000,"price":8.93,"category":"ubbear"},{"type":"B","date":"2018-03-16T01:59:31.000Z","volume":51000,"price":8.93,"category":"ubbear"},{"type":"B","date":"2018-03-16T01:56:19.000Z","volume":17000,"price":8.94,"category":"ubbear"},{"type":"B","date":"2018-03-16T01:40:23.000Z","volume":15000,"price":8.93,"category":"ubbear"}]