[{"type":"B","date":"2018-04-12T01:39:01.000Z","volume":6000,"label":" ","price":1.79},{"type":"A","date":"2018-04-12T01:43:25.000Z","volume":3000,"label":" ","price":1.8},{"type":"U","date":"2018-04-12T01:43:42.000Z","volume":2000,"label":" ","price":1.79},{"type":"B","date":"2018-04-12T01:48:05.000Z","volume":181000,"label":" ","price":1.77},{"type":"B","date":"2018-04-12T01:48:05.000Z","volume":4000,"label":" ","price":1.77},{"type":"A","date":"2018-04-12T01:50:49.000Z","volume":14000,"label":" ","price":1.77},{"type":"B","date":"2018-04-12T01:58:17.000Z","volume":140000,"label":" ","price":1.77},{"type":"B","date":"2018-04-12T01:58:17.000Z","volume":2000,"label":"Y","price":1.77},{"type":"B","date":"2018-04-12T01:58:17.000Z","volume":7000,"label":" ","price":1.77},{"type":"B","date":"2018-04-12T01:59:10.000Z","volume":92000,"label":" ","price":1.76},{"type":"B","date":"2018-04-12T02:00:02.000Z","volume":85000,"label":" ","price":1.76},{"type":"B","date":"2018-04-12T02:00:57.000Z","volume":11000,"label":" ","price":1.77},{"type":"A","date":"2018-04-12T02:02:00.000Z","volume":150000,"label":" ","price":1.78},{"type":"B","date":"2018-04-12T02:03:32.000Z","volume":10000,"label":" ","price":1.77},{"type":"B","date":"2018-04-12T02:03:58.000Z","volume":10000,"label":" ","price":1.77},{"type":"B","date":"2018-04-12T02:07:08.000Z","volume":42000,"label":" ","price":1.77},{"type":"B","date":"2018-04-12T02:08:19.000Z","volume":19000,"label":"Y","price":1.76},{"type":"A","date":"2018-04-12T02:12:46.000Z","volume":10000,"label":" ","price":1.77},{"type":"A","date":"2018-04-12T02:15:51.000Z","volume":1000,"label":" ","price":1.77},{"type":"B","date":"2018-04-12T02:16:06.000Z","volume":70000,"label":" ","price":1.76},{"type":"A","date":"2018-04-12T02:18:51.000Z","volume":10000,"label":" ","price":1.77},{"type":"A","date":"2018-04-12T02:22:37.000Z","volume":30000,"label":" ","price":1.77},{"type":"B","date":"2018-04-12T02:27:37.000Z","volume":100000,"label":" ","price":1.76},{"type":"A","date":"2018-04-12T02:33:33.000Z","volume":5000,"label":" ","price":1.77},{"type":"B","date":"2018-04-12T02:33:48.000Z","volume":100000,"label":" ","price":1.76},{"type":"A","date":"2018-04-12T02:33:54.000Z","volume":14000,"label":" ","price":1.77},{"type":"B","date":"2018-04-12T02:35:12.000Z","volume":13000,"label":" ","price":1.77},{"type":"A","date":"2018-04-12T02:38:09.000Z","volume":8000,"label":" ","price":1.77},{"type":"A","date":"2018-04-12T02:38:41.000Z","volume":20000,"label":" ","price":1.77},{"type":"B","date":"2018-04-12T02:44:21.000Z","volume":20000,"label":" ","price":1.76},{"type":"B","date":"2018-04-12T02:47:37.000Z","volume":37000,"label":" ","price":1.76},{"type":"B","date":"2018-04-12T02:52:54.000Z","volume":30000,"label":" ","price":1.76},{"type":"B","date":"2018-04-12T02:56:19.000Z","volume":40000,"label":" ","price":1.76},{"type":"B","date":"2018-04-12T02:56:46.000Z","volume":5000,"label":" ","price":1.76},{"type":"B","date":"2018-04-12T02:57:41.000Z","volume":134000,"label":" ","price":1.76},{"type":"B","date":"2018-04-12T02:57:41.000Z","volume":38000,"label":" ","price":1.76},{"type":"B","date":"2018-04-12T02:58:10.000Z","volume":400000,"label":" ","price":1.75},{"type":"B","date":"2018-04-12T02:58:25.000Z","volume":50000,"label":" ","price":1.75},{"type":"B","date":"2018-04-12T02:59:28.000Z","volume":23000,"label":" ","price":1.75},{"type":"B","date":"2018-04-12T02:59:53.000Z","volume":27000,"label":" ","price":1.74},{"type":"A","date":"2018-04-12T03:01:25.000Z","volume":6000,"label":" ","price":1.75},{"type":"A","date":"2018-04-12T03:02:10.000Z","volume":10000,"label":" ","price":1.75},{"type":"A","date":"2018-04-12T03:02:32.000Z","volume":90000,"label":" ","price":1.75},{"type":"B","date":"2018-04-12T03:03:46.000Z","volume":30000,"label":" ","price":1.74},{"type":"B","date":"2018-04-12T03:05:11.000Z","volume":60000,"label":" ","price":1.74},{"type":"B","date":"2018-04-12T03:05:23.000Z","volume":1000,"label":" ","price":1.74},{"type":"B","date":"2018-04-12T03:05:41.000Z","volume":18000,"label":" ","price":1.74},{"type":"A","date":"2018-04-12T03:05:51.000Z","volume":6000,"label":" ","price":1.74},{"type":"A","date":"2018-04-12T03:06:21.000Z","volume":40000,"label":" ","price":1.74},{"type":"B","date":"2018-04-12T03:06:22.000Z","volume":100000,"label":" ","price":1.73},{"type":"B","date":"2018-04-12T03:06:44.000Z","volume":200000,"label":" ","price":1.73},{"type":"B","date":"2018-04-12T03:06:51.000Z","volume":59000,"label":" ","price":1.73},{"type":"A","date":"2018-04-12T03:06:56.000Z","volume":41000,"label":" ","price":1.73},{"type":"A","date":"2018-04-12T03:09:15.000Z","volume":4000,"label":" ","price":1.74},{"type":"A","date":"2018-04-12T03:11:56.000Z","volume":20000,"label":" ","price":1.74},{"type":"A","date":"2018-04-12T03:12:44.000Z","volume":5000,"label":" ","price":1.74},{"type":"A","date":"2018-04-12T03:14:56.000Z","volume":2000,"label":" ","price":1.74},{"type":"A","date":"2018-04-12T03:17:21.000Z","volume":50000,"label":" ","price":1.75},{"type":"B","date":"2018-04-12T03:17:44.000Z","volume":200000,"label":" ","price":1.74},{"type":"A","date":"2018-04-12T03:21:24.000Z","volume":243000,"label":" ","price":1.74},{"type":"A","date":"2018-04-12T03:21:24.000Z","volume":3000,"label":" ","price":1.74},{"type":"A","date":"2018-04-12T03:25:09.000Z","volume":4000,"label":" ","price":1.74},{"type":"A","date":"2018-04-12T03:27:21.000Z","volume":3000,"label":" ","price":1.74},{"type":"B","date":"2018-04-12T03:31:26.000Z","volume":20000,"label":" ","price":1.73},{"type":"B","date":"2018-04-12T03:32:51.000Z","volume":50000,"label":"Y","price":1.73},{"type":"B","date":"2018-04-12T03:32:51.000Z","volume":117000,"label":" ","price":1.73},{"type":"A","date":"2018-04-12T03:33:05.000Z","volume":33000,"label":"Y","price":1.73},{"type":"B","date":"2018-04-12T03:33:37.000Z","volume":120000,"label":" ","price":1.73},{"type":"B","date":"2018-04-12T03:34:02.000Z","volume":50000,"label":" ","price":1.73},{"type":"B","date":"2018-04-12T03:34:23.000Z","volume":50000,"label":" ","price":1.73},{"type":"B","date":"2018-04-12T03:35:22.000Z","volume":13000,"label":"Y","price":1.73},{"type":"B","date":"2018-04-12T03:35:22.000Z","volume":47000,"label":" ","price":1.73},{"type":"A","date":"2018-04-12T03:39:07.000Z","volume":130000,"label":" ","price":1.74},{"type":"B","date":"2018-04-12T03:39:34.000Z","volume":70000,"label":" ","price":1.74},{"type":"B","date":"2018-04-12T03:39:34.000Z","volume":130000,"label":" ","price":1.73},{"type":"A","date":"2018-04-12T03:42:34.000Z","volume":80000,"label":" ","price":1.74},{"type":"A","date":"2018-04-12T03:48:43.000Z","volume":150000,"label":" ","price":1.75},{"type":"B","date":"2018-04-12T03:48:45.000Z","volume":45000,"label":" ","price":1.74},{"type":"B","date":"2018-04-12T03:50:06.000Z","volume":30000,"label":" ","price":1.74},{"type":"B","date":"2018-04-12T03:53:55.000Z","volume":55000,"label":" ","price":1.74},{"type":"B","date":"2018-04-12T03:54:32.000Z","volume":30000,"label":" ","price":1.73},{"type":"A","date":"2018-04-12T03:54:46.000Z","volume":10000,"label":" ","price":1.74},{"type":"B","date":"2018-04-12T03:55:03.000Z","volume":30000,"label":" ","price":1.73},{"type":"B","date":"2018-04-12T03:55:49.000Z","volume":40000,"label":" ","price":1.73},{"type":"B","date":"2018-04-12T03:56:39.000Z","volume":100000,"label":" ","price":1.73},{"type":"B","date":"2018-04-12T03:56:39.000Z","volume":3000,"label":" ","price":1.73},{"type":"B","date":"2018-04-12T03:57:07.000Z","volume":20000,"label":" ","price":1.73},{"type":"B","date":"2018-04-12T03:57:58.000Z","volume":20000,"label":" ","price":1.73},{"type":"B","date":"2018-04-12T03:59:54.000Z","volume":37000,"label":" ","price":1.73},{"type":"B","date":"2018-04-12T05:03:37.000Z","volume":39000,"label":" ","price":1.73},{"type":"B","date":"2018-04-12T05:05:41.000Z","volume":40000,"label":" ","price":1.73},{"type":"B","date":"2018-04-12T05:05:50.000Z","volume":14000,"label":" ","price":1.73},{"type":"B","date":"2018-04-12T05:06:31.000Z","volume":5000,"label":" ","price":1.73},{"type":"B","date":"2018-04-12T05:07:33.000Z","volume":44000,"label":" ","price":1.73},{"type":"B","date":"2018-04-12T05:10:28.000Z","volume":36000,"label":" ","price":1.73},{"type":"B","date":"2018-04-12T05:12:18.000Z","volume":30000,"label":" ","price":1.73},{"type":"A","date":"2018-04-12T05:13:00.000Z","volume":18000,"label":" ","price":1.74},{"type":"A","date":"2018-04-12T05:13:48.000Z","volume":12000,"label":" ","price":1.74},{"type":"B","date":"2018-04-12T05:13:50.000Z","volume":43000,"label":" ","price":1.73},{"type":"B","date":"2018-04-12T05:15:43.000Z","volume":39000,"label":" ","price":1.73},{"type":"B","date":"2018-04-12T05:18:14.000Z","volume":31000,"label":"Y","price":1.73},{"type":"B","date":"2018-04-12T05:18:36.000Z","volume":42000,"label":" ","price":1.73},{"type":"B","date":"2018-04-12T05:21:17.000Z","volume":29000,"label":" ","price":1.73},{"type":"B","date":"2018-04-12T05:24:12.000Z","volume":37000,"label":" ","price":1.73},{"type":"B","date":"2018-04-12T05:26:54.000Z","volume":34000,"label":" ","price":1.73},{"type":"A","date":"2018-04-12T05:27:11.000Z","volume":1000,"label":" ","price":1.74},{"type":"B","date":"2018-04-12T05:29:20.000Z","volume":36000,"label":" ","price":1.73},{"type":"B","date":"2018-04-12T05:30:21.000Z","volume":200000,"label":"Y","price":1.73},{"type":"B","date":"2018-04-12T05:30:21.000Z","volume":100000,"label":" ","price":1.73},{"type":"A","date":"2018-04-12T05:31:10.000Z","volume":100000,"label":"Y","price":1.73},{"type":"A","date":"2018-04-12T05:31:10.000Z","volume":38000,"label":" ","price":1.73},{"type":"B","date":"2018-04-12T05:32:03.000Z","volume":50000,"label":" ","price":1.73},{"type":"B","date":"2018-04-12T05:33:38.000Z","volume":6000,"label":" ","price":1.73},{"type":"B","date":"2018-04-12T05:34:56.000Z","volume":24000,"label":" ","price":1.73},{"type":"B","date":"2018-04-12T05:37:57.000Z","volume":33000,"label":" ","price":1.73},{"type":"A","date":"2018-04-12T05:38:10.000Z","volume":5000,"label":" ","price":1.74},{"type":"A","date":"2018-04-12T05:38:27.000Z","volume":2000,"label":" ","price":1.74},{"type":"B","date":"2018-04-12T05:38:45.000Z","volume":34000,"label":" ","price":1.73},{"type":"B","date":"2018-04-12T05:38:46.000Z","volume":650000,"label":" ","price":1.72},{"type":"B","date":"2018-04-12T05:42:40.000Z","volume":5000,"label":" ","price":1.72},{"type":"A","date":"2018-04-12T05:45:19.000Z","volume":64000,"label":" ","price":1.73},{"type":"B","date":"2018-04-12T05:45:21.000Z","volume":1000,"label":" ","price":1.73},{"type":"B","date":"2018-04-12T05:45:36.000Z","volume":10000,"label":" ","price":1.73},{"type":"B","date":"2018-04-12T05:45:39.000Z","volume":25000,"label":" ","price":1.73},{"type":"B","date":"2018-04-12T05:48:00.000Z","volume":14000,"label":" ","price":1.72},{"type":"B","date":"2018-04-12T05:48:05.000Z","volume":100000,"label":" ","price":1.72},{"type":"B","date":"2018-04-12T05:51:09.000Z","volume":246000,"label":" ","price":1.72},{"type":"A","date":"2018-04-12T05:51:58.000Z","volume":50000,"label":" ","price":1.72},{"type":"B","date":"2018-04-12T05:53:36.000Z","volume":45000,"label":" ","price":1.71},{"type":"B","date":"2018-04-12T05:54:10.000Z","volume":1000,"label":" ","price":1.71},{"type":"B","date":"2018-04-12T05:55:14.000Z","volume":30000,"label":" ","price":1.71},{"type":"A","date":"2018-04-12T05:55:58.000Z","volume":4000,"label":" ","price":1.72},{"type":"B","date":"2018-04-12T06:02:09.000Z","volume":2000,"label":" ","price":1.72},{"type":"B","date":"2018-04-12T06:08:38.000Z","volume":293000,"label":" ","price":1.72},{"type":"B","date":"2018-04-12T06:08:52.000Z","volume":74000,"label":" ","price":1.72},{"type":"B","date":"2018-04-12T06:09:21.000Z","volume":14000,"label":" ","price":1.71},{"type":"B","date":"2018-04-12T06:09:21.000Z","volume":66000,"label":" ","price":1.71},{"type":"B","date":"2018-04-12T06:10:19.000Z","volume":10000,"label":"Y","price":1.71},{"type":"B","date":"2018-04-12T06:10:19.000Z","volume":94000,"label":" ","price":1.71},{"type":"A","date":"2018-04-12T06:10:19.000Z","volume":5000,"label":" ","price":1.71},{"type":"A","date":"2018-04-12T06:11:09.000Z","volume":100000,"label":" ","price":1.71},{"type":"A","date":"2018-04-12T06:11:23.000Z","volume":142000,"label":" ","price":1.71},{"type":"A","date":"2018-04-12T06:12:16.000Z","volume":300000,"label":" ","price":1.72},{"type":"A","date":"2018-04-12T06:12:47.000Z","volume":1000,"label":" ","price":1.72},{"type":"B","date":"2018-04-12T06:18:33.000Z","volume":3000,"label":" ","price":1.71},{"type":"B","date":"2018-04-12T06:20:57.000Z","volume":22000,"label":" ","price":1.71},{"type":"B","date":"2018-04-12T06:23:52.000Z","volume":100000,"label":" ","price":1.71},{"type":"B","date":"2018-04-12T06:25:20.000Z","volume":5000,"label":" ","price":1.71},{"type":"A","date":"2018-04-12T06:28:19.000Z","volume":68000,"label":" ","price":1.72},{"type":"A","date":"2018-04-12T06:28:20.000Z","volume":8000,"label":" ","price":1.72},{"type":"B","date":"2018-04-12T06:32:33.000Z","volume":50000,"label":" ","price":1.71},{"type":"A","date":"2018-04-12T06:32:34.000Z","volume":5000,"label":" ","price":1.72},{"type":"A","date":"2018-04-12T06:32:56.000Z","volume":10000,"label":" ","price":1.72},{"type":"B","date":"2018-04-12T06:33:21.000Z","volume":300000,"label":"Y","price":1.71},{"type":"B","date":"2018-04-12T06:33:21.000Z","volume":318000,"label":" ","price":1.71},{"type":"B","date":"2018-04-12T06:33:21.000Z","volume":10000,"label":"Y","price":1.7},{"type":"B","date":"2018-04-12T06:33:21.000Z","volume":734000,"label":" ","price":1.7},{"type":"A","date":"2018-04-12T06:33:21.000Z","volume":60000,"label":" ","price":1.7},{"type":"A","date":"2018-04-12T06:33:51.000Z","volume":52000,"label":" ","price":1.7},{"type":"A","date":"2018-04-12T06:33:51.000Z","volume":438000,"label":" ","price":1.7},{"type":"A","date":"2018-04-12T06:33:51.000Z","volume":88000,"label":" ","price":1.7},{"type":"B","date":"2018-04-12T06:34:50.000Z","volume":5000,"label":" ","price":1.7},{"type":"A","date":"2018-04-12T06:36:07.000Z","volume":36000,"label":" ","price":1.71},{"type":"B","date":"2018-04-12T06:36:18.000Z","volume":2000,"label":" ","price":1.7},{"type":"A","date":"2018-04-12T06:36:41.000Z","volume":3000,"label":" ","price":1.71},{"type":"A","date":"2018-04-12T06:37:03.000Z","volume":3000,"label":" ","price":1.71},{"type":"A","date":"2018-04-12T06:38:15.000Z","volume":50000,"label":" ","price":1.71},{"type":"A","date":"2018-04-12T06:41:55.000Z","volume":36000,"label":" ","price":1.71},{"type":"B","date":"2018-04-12T06:41:58.000Z","volume":22000,"label":" ","price":1.7},{"type":"A","date":"2018-04-12T06:42:51.000Z","volume":20000,"label":" ","price":1.71},{"type":"A","date":"2018-04-12T06:44:08.000Z","volume":70000,"label":" ","price":1.71},{"type":"A","date":"2018-04-12T06:45:18.000Z","volume":8000,"label":" ","price":1.71},{"type":"B","date":"2018-04-12T06:47:55.000Z","volume":20000,"label":" ","price":1.7},{"type":"B","date":"2018-04-12T06:51:04.000Z","volume":60000,"label":" ","price":1.7},{"type":"B","date":"2018-04-12T06:51:07.000Z","volume":121000,"label":" ","price":1.7},{"type":"A","date":"2018-04-12T06:51:09.000Z","volume":36000,"label":" ","price":1.71},{"type":"B","date":"2018-04-12T06:51:42.000Z","volume":140000,"label":" ","price":1.7},{"type":"B","date":"2018-04-12T06:53:46.000Z","volume":20000,"label":" ","price":1.7},{"type":"B","date":"2018-04-12T06:54:10.000Z","volume":50000,"label":" ","price":1.7},{"type":"A","date":"2018-04-12T06:56:28.000Z","volume":36000,"label":" ","price":1.71},{"type":"A","date":"2018-04-12T06:56:39.000Z","volume":100000,"label":" ","price":1.71},{"type":"A","date":"2018-04-12T06:57:16.000Z","volume":530000,"label":" ","price":1.71},{"type":"B","date":"2018-04-12T06:57:16.000Z","volume":10000,"label":" ","price":1.71},{"type":"B","date":"2018-04-12T06:58:35.000Z","volume":100000,"label":" ","price":1.71},{"type":"A","date":"2018-04-12T07:00:03.000Z","volume":36000,"label":" ","price":1.72},{"type":"B","date":"2018-04-12T07:00:33.000Z","volume":6000,"label":" ","price":1.71},{"type":"B","date":"2018-04-12T07:02:17.000Z","volume":16000,"label":" ","price":1.71},{"type":"B","date":"2018-04-12T07:04:12.000Z","volume":100000,"label":" ","price":1.71},{"type":"B","date":"2018-04-12T07:04:17.000Z","volume":258000,"label":"Y","price":1.71},{"type":"B","date":"2018-04-12T07:04:17.000Z","volume":242000,"label":" ","price":1.71},{"type":"B","date":"2018-04-12T07:04:30.000Z","volume":86000,"label":" ","price":1.71},{"type":"A","date":"2018-04-12T07:04:37.000Z","volume":36000,"label":" ","price":1.72},{"type":"B","date":"2018-04-12T07:04:41.000Z","volume":60000,"label":" ","price":1.71},{"type":"B","date":"2018-04-12T07:04:51.000Z","volume":80000,"label":" ","price":1.71},{"type":"B","date":"2018-04-12T07:04:52.000Z","volume":100000,"label":" ","price":1.71},{"type":"B","date":"2018-04-12T07:05:15.000Z","volume":40000,"label":" ","price":1.71},{"type":"B","date":"2018-04-12T07:08:41.000Z","volume":40000,"label":" ","price":1.71},{"type":"A","date":"2018-04-12T07:15:11.000Z","volume":22000,"label":" ","price":1.72},{"type":"A","date":"2018-04-12T07:23:27.000Z","volume":10000,"label":" ","price":1.72},{"type":"A","date":"2018-04-12T07:23:51.000Z","volume":29000,"label":" ","price":1.72},{"type":"A","date":"2018-04-12T07:25:26.000Z","volume":20000,"label":" ","price":1.72},{"type":"A","date":"2018-04-12T07:26:24.000Z","volume":212000,"label":" ","price":1.72},{"type":"A","date":"2018-04-12T07:27:55.000Z","volume":11000,"label":" ","price":1.73},{"type":"A","date":"2018-04-12T07:27:58.000Z","volume":13000,"label":" ","price":1.74},{"type":"A","date":"2018-04-12T07:28:38.000Z","volume":20000,"label":" ","price":1.73},{"type":"A","date":"2018-04-12T07:30:08.000Z","volume":35000,"label":" ","price":1.73},{"type":"A","date":"2018-04-12T07:30:25.000Z","volume":50000,"label":" ","price":1.74},{"type":"B","date":"2018-04-12T07:30:48.000Z","volume":52000,"label":" ","price":1.72},{"type":"A","date":"2018-04-12T07:35:26.000Z","volume":3000,"label":" ","price":1.73},{"type":"B","date":"2018-04-12T07:35:37.000Z","volume":15000,"label":" ","price":1.72},{"type":"A","date":"2018-04-12T07:37:20.000Z","volume":26000,"label":" ","price":1.73},{"type":"B","date":"2018-04-12T07:38:11.000Z","volume":20000,"label":" ","price":1.72},{"type":"A","date":"2018-04-12T07:39:34.000Z","volume":1000,"label":" ","price":1.73},{"type":"A","date":"2018-04-12T07:40:17.000Z","volume":13000,"label":" ","price":1.73},{"type":"A","date":"2018-04-12T07:41:51.000Z","volume":99000,"label":" ","price":1.73},{"type":"A","date":"2018-04-12T07:42:24.000Z","volume":1000,"label":" ","price":1.74},{"type":"B","date":"2018-04-12T07:42:50.000Z","volume":46000,"label":" ","price":1.73},{"type":"A","date":"2018-04-12T07:44:27.000Z","volume":29000,"label":" ","price":1.73},{"type":"B","date":"2018-04-12T07:44:53.000Z","volume":66000,"label":" ","price":1.73},{"type":"A","date":"2018-04-12T07:45:18.000Z","volume":2000,"label":" ","price":1.73},{"type":"A","date":"2018-04-12T07:46:57.000Z","volume":24000,"label":" ","price":1.73},{"type":"A","date":"2018-04-12T07:47:11.000Z","volume":29000,"label":" ","price":1.73},{"type":"A","date":"2018-04-12T07:47:23.000Z","volume":1000,"label":" ","price":1.74},{"type":"B","date":"2018-04-12T07:47:55.000Z","volume":24000,"label":" ","price":1.73},{"type":"B","date":"2018-04-12T07:47:55.000Z","volume":11000,"label":" ","price":1.73},{"type":"A","date":"2018-04-12T07:48:23.000Z","volume":28000,"label":" ","price":1.74},{"type":"B","date":"2018-04-12T07:48:54.000Z","volume":41000,"label":" ","price":1.73},{"type":"A","date":"2018-04-12T07:49:05.000Z","volume":1000,"label":" ","price":1.74},{"type":"A","date":"2018-04-12T07:51:25.000Z","volume":5000,"label":" ","price":1.74},{"type":"A","date":"2018-04-12T07:51:48.000Z","volume":5000,"label":" ","price":1.74},{"type":"B","date":"2018-04-12T07:51:58.000Z","volume":10000,"label":" ","price":1.73},{"type":"A","date":"2018-04-12T07:52:39.000Z","volume":2000,"label":" ","price":1.74},{"type":"B","date":"2018-04-12T07:54:27.000Z","volume":10000,"label":" ","price":1.73},{"type":"B","date":"2018-04-12T07:54:58.000Z","volume":2000,"label":" ","price":1.73},{"type":"A","date":"2018-04-12T07:55:20.000Z","volume":3000,"label":" ","price":1.74},{"type":"B","date":"2018-04-12T07:55:38.000Z","volume":8000,"label":" ","price":1.72},{"type":"B","date":"2018-04-12T07:56:00.000Z","volume":29000,"label":" ","price":1.73},{"type":"A","date":"2018-04-12T07:56:14.000Z","volume":1000,"label":" ","price":1.74},{"type":"B","date":"2018-04-12T07:57:53.000Z","volume":100000,"label":" ","price":1.73},{"type":"A","date":"2018-04-12T07:59:08.000Z","volume":3000,"label":" ","price":1.74},{"type":"A","date":"2018-04-12T07:59:27.000Z","volume":300000,"label":" ","price":1.74},{"type":"A","date":"2018-04-12T07:59:28.000Z","volume":24000,"label":" ","price":1.74},{"type":"A","date":"2018-04-12T07:59:28.000Z","volume":1000,"label":" ","price":1.75},{"type":"A","date":"2018-04-12T07:59:29.000Z","volume":7000,"label":" ","price":1.75}]