[{"type":"A","date":"2018-03-15T07:58:07.000Z","volume":62500,"price":1.59,"category":"ubbull"},{"type":"A","date":"2018-03-15T07:50:27.000Z","volume":137500,"price":1.59,"category":"ubbull"},{"type":"A","date":"2018-03-15T07:48:25.000Z","volume":90000,"price":1.59,"category":"ubbull"},{"type":"A","date":"2018-03-15T07:47:17.000Z","volume":57500,"price":1.59,"category":"ubbull"},{"type":"A","date":"2018-03-15T07:42:29.000Z","volume":100000,"price":1.59,"category":"ubbull"},{"type":"A","date":"2018-03-15T07:41:39.000Z","volume":80000,"price":1.59,"category":"ubbull"},{"type":"A","date":"2018-03-15T07:37:20.000Z","volume":100000,"price":1.59,"category":"ubbull"},{"type":"A","date":"2018-03-15T07:35:24.000Z","volume":80000,"price":1.59,"category":"ubbull"},{"type":"A","date":"2018-03-15T07:17:19.000Z","volume":67500,"price":1.6,"category":"ubbull"},{"type":"A","date":"2018-03-15T06:38:05.000Z","volume":150000,"price":1.59,"category":"ubbull"},{"type":"A","date":"2018-03-15T06:24:50.000Z","volume":80000,"price":1.59,"category":"ubbull"},{"type":"A","date":"2018-03-15T06:22:12.000Z","volume":100000,"price":1.59,"category":"ubbull"},{"type":"A","date":"2018-03-15T03:48:13.000Z","volume":87500,"price":1.62,"category":"ubbull"},{"type":"A","date":"2018-03-15T01:31:34.000Z","volume":70000,"price":1.63,"category":"ubbull"},{"type":"A","date":"2018-03-15T07:50:27.000Z","volume":25000,"price":1.58,"category":"bbull"},{"type":"A","date":"2018-03-15T07:45:54.000Z","volume":40000,"price":1.59,"category":"bbull"},{"type":"A","date":"2018-03-15T07:44:11.000Z","volume":35000,"price":1.59,"category":"bbull"},{"type":"A","date":"2018-03-15T07:43:01.000Z","volume":50000,"price":1.59,"category":"bbull"},{"type":"A","date":"2018-03-15T07:37:26.000Z","volume":30000,"price":1.59,"category":"bbull"},{"type":"A","date":"2018-03-15T07:36:18.000Z","volume":50000,"price":1.59,"category":"bbull"},{"type":"A","date":"2018-03-15T07:20:57.000Z","volume":25000,"price":1.6,"category":"bbull"},{"type":"A","date":"2018-03-15T07:20:44.000Z","volume":37500,"price":1.6,"category":"bbull"},{"type":"A","date":"2018-03-15T07:10:29.000Z","volume":30000,"price":1.6,"category":"bbull"},{"type":"A","date":"2018-03-15T07:04:29.000Z","volume":50000,"price":1.6,"category":"bbull"},{"type":"A","date":"2018-03-15T06:43:23.000Z","volume":42500,"price":1.6,"category":"bbull"},{"type":"A","date":"2018-03-15T06:38:05.000Z","volume":47500,"price":1.6,"category":"bbull"},{"type":"A","date":"2018-03-15T05:35:06.000Z","volume":45000,"price":1.61,"category":"bbull"},{"type":"A","date":"2018-03-15T05:34:01.000Z","volume":27500,"price":1.6,"category":"bbull"},{"type":"A","date":"2018-03-15T03:48:13.000Z","volume":52500,"price":1.61,"category":"bbull"},{"type":"A","date":"2018-03-15T03:48:13.000Z","volume":37500,"price":1.6,"category":"bbull"},{"type":"A","date":"2018-03-15T02:34:24.000Z","volume":25000,"price":1.56,"category":"bbull"},{"type":"A","date":"2018-03-15T01:40:01.000Z","volume":25000,"price":1.63,"category":"bbull"},{"type":"A","date":"2018-03-15T01:35:45.000Z","volume":30000,"price":1.62,"category":"bbull"},{"type":"A","date":"2018-03-15T01:31:34.000Z","volume":40000,"price":1.62,"category":"bbull"},{"type":"A","date":"2018-03-15T01:31:34.000Z","volume":50000,"price":1.6,"category":"bbull"},{"type":"A","date":"2018-03-15T01:31:34.000Z","volume":30000,"price":1.59,"category":"bbull"},{"type":"A","date":"2018-03-15T07:52:42.000Z","volume":2500,"price":1.6,"category":"rbull"},{"type":"A","date":"2018-03-15T07:50:27.000Z","volume":2500,"price":1.6,"category":"rbull"},{"type":"A","date":"2018-03-15T07:49:25.000Z","volume":2500,"price":1.58,"category":"rbull"},{"type":"A","date":"2018-03-15T07:20:57.000Z","volume":2500,"price":1.61,"category":"rbull"},{"type":"A","date":"2018-03-15T07:19:53.000Z","volume":2500,"price":1.6,"category":"rbull"},{"type":"A","date":"2018-03-15T06:51:57.000Z","volume":2500,"price":1.6,"category":"rbull"},{"type":"A","date":"2018-03-15T06:38:05.000Z","volume":2500,"price":1.61,"category":"rbull"},{"type":"A","date":"2018-03-15T06:03:02.000Z","volume":2500,"price":1.62,"category":"rbull"},{"type":"A","date":"2018-03-15T06:00:22.000Z","volume":2500,"price":1.62,"category":"rbull"},{"type":"A","date":"2018-03-15T05:46:52.000Z","volume":2500,"price":1.62,"category":"rbull"},{"type":"A","date":"2018-03-15T05:37:59.000Z","volume":2500,"price":1.62,"category":"rbull"},{"type":"A","date":"2018-03-15T05:35:06.000Z","volume":2500,"price":1.62,"category":"rbull"},{"type":"A","date":"2018-03-15T05:34:01.000Z","volume":2500,"price":1.61,"category":"rbull"},{"type":"A","date":"2018-03-15T03:56:16.000Z","volume":2500,"price":1.63,"category":"rbull"},{"type":"A","date":"2018-03-15T03:55:13.000Z","volume":2500,"price":1.63,"category":"rbull"},{"type":"A","date":"2018-03-15T03:49:21.000Z","volume":2500,"price":1.63,"category":"rbull"},{"type":"A","date":"2018-03-15T03:48:13.000Z","volume":2500,"price":1.63,"category":"rbull"},{"type":"A","date":"2018-03-15T03:48:13.000Z","volume":2500,"price":1.6,"category":"rbull"},{"type":"A","date":"2018-03-15T03:42:36.000Z","volume":2500,"price":1.6,"category":"rbull"},{"type":"A","date":"2018-03-15T03:38:29.000Z","volume":2500,"price":1.6,"category":"rbull"},{"type":"A","date":"2018-03-15T03:35:14.000Z","volume":2500,"price":1.6,"category":"rbull"},{"type":"A","date":"2018-03-15T03:34:51.000Z","volume":2500,"price":1.6,"category":"rbull"},{"type":"A","date":"2018-03-15T03:34:33.000Z","volume":2500,"price":1.59,"category":"rbull"},{"type":"A","date":"2018-03-15T03:13:34.000Z","volume":2500,"price":1.6,"category":"rbull"},{"type":"A","date":"2018-03-15T03:13:34.000Z","volume":2500,"price":1.58,"category":"rbull"},{"type":"A","date":"2018-03-15T02:37:37.000Z","volume":2500,"price":1.61,"category":"rbull"},{"type":"A","date":"2018-03-15T02:37:09.000Z","volume":2500,"price":1.6,"category":"rbull"},{"type":"A","date":"2018-03-15T02:36:26.000Z","volume":2500,"price":1.58,"category":"rbull"},{"type":"A","date":"2018-03-15T02:34:25.000Z","volume":2500,"price":1.59,"category":"rbull"},{"type":"A","date":"2018-03-15T02:13:58.000Z","volume":2500,"price":1.62,"category":"rbull"},{"type":"A","date":"2018-03-15T01:53:53.000Z","volume":2500,"price":1.63,"category":"rbull"},{"type":"A","date":"2018-03-15T01:42:13.000Z","volume":2500,"price":1.62,"category":"rbull"},{"type":"A","date":"2018-03-15T01:41:40.000Z","volume":2500,"price":1.63,"category":"rbull"},{"type":"A","date":"2018-03-15T01:39:27.000Z","volume":2500,"price":1.63,"category":"rbull"},{"type":"A","date":"2018-03-15T01:36:30.000Z","volume":2500,"price":1.63,"category":"rbull"},{"type":"A","date":"2018-03-15T01:36:06.000Z","volume":2500,"price":1.62,"category":"rbull"},{"type":"A","date":"2018-03-15T01:35:45.000Z","volume":2500,"price":1.62,"category":"rbull"},{"type":"A","date":"2018-03-15T01:32:39.000Z","volume":2500,"price":1.64,"category":"rbull"},{"type":"B","date":"2018-03-15T06:51:10.000Z","volume":2500,"price":1.58,"category":"rbear"},{"type":"B","date":"2018-03-15T06:51:10.000Z","volume":2500,"price":1.59,"category":"rbear"},{"type":"B","date":"2018-03-15T06:20:43.000Z","volume":2500,"price":1.59,"category":"rbear"},{"type":"B","date":"2018-03-15T06:19:39.000Z","volume":2500,"price":1.59,"category":"rbear"},{"type":"B","date":"2018-03-15T02:33:23.000Z","volume":2500,"price":1.57,"category":"rbear"},{"type":"B","date":"2018-03-15T02:25:57.000Z","volume":2500,"price":1.59,"category":"rbear"},{"type":"B","date":"2018-03-15T02:24:11.000Z","volume":2500,"price":1.6,"category":"rbear"},{"type":"B","date":"2018-03-15T02:13:31.000Z","volume":2500,"price":1.61,"category":"rbear"},{"type":"B","date":"2018-03-15T01:35:11.000Z","volume":2500,"price":1.61,"category":"rbear"},{"type":"B","date":"2018-03-15T02:34:24.000Z","volume":25000,"price":1.56,"category":"bbear"},{"type":"B","date":"2018-03-15T01:53:25.000Z","volume":30000,"price":1.62,"category":"bbear"},{"type":"B","date":"2018-03-15T03:34:27.000Z","volume":437500,"price":1.56,"category":"ubbear"}]