[{"type":"U","date":"2018-04-23T01:02:11.000Z","volume":31000,"label":"P","price":46.27},{"type":"U","date":"2018-04-23T01:02:11.000Z","volume":31000,"label":"P","price":46.269},{"type":"U","date":"2018-04-23T01:20:00.000Z","volume":1100,"label":"U","price":46.1},{"type":"B","date":"2018-04-23T01:30:12.000Z","volume":200,"label":" ","price":46.1},{"type":"B","date":"2018-04-23T01:32:17.000Z","volume":1000,"label":" ","price":46.1},{"type":"B","date":"2018-04-23T01:32:17.000Z","volume":200,"label":" ","price":46.1},{"type":"B","date":"2018-04-23T01:32:17.000Z","volume":900,"label":" ","price":46.1},{"type":"U","date":"2018-04-23T01:32:47.000Z","volume":100,"label":" ","price":46.05},{"type":"A","date":"2018-04-23T01:32:47.000Z","volume":100,"label":" ","price":46.1},{"type":"A","date":"2018-04-23T01:32:47.000Z","volume":100,"label":" ","price":46.1},{"type":"B","date":"2018-04-23T01:34:32.000Z","volume":100,"label":" ","price":45.95},{"type":"B","date":"2018-04-23T01:34:47.000Z","volume":100,"label":" ","price":45.95},{"type":"B","date":"2018-04-23T01:36:13.000Z","volume":200,"label":" ","price":45.95},{"type":"B","date":"2018-04-23T01:36:17.000Z","volume":100,"label":" ","price":45.95},{"type":"B","date":"2018-04-23T01:36:17.000Z","volume":200,"label":" ","price":45.95},{"type":"B","date":"2018-04-23T01:36:17.000Z","volume":400,"label":" ","price":45.95},{"type":"B","date":"2018-04-23T01:36:17.000Z","volume":200,"label":" ","price":45.95},{"type":"B","date":"2018-04-23T01:36:17.000Z","volume":100,"label":"Y","price":45.95},{"type":"B","date":"2018-04-23T01:36:17.000Z","volume":100,"label":"Y","price":45.95},{"type":"B","date":"2018-04-23T01:36:17.000Z","volume":500,"label":" ","price":45.95},{"type":"U","date":"2018-04-23T01:36:17.000Z","volume":100,"label":" ","price":46},{"type":"U","date":"2018-04-23T01:36:17.000Z","volume":400,"label":" ","price":46},{"type":"B","date":"2018-04-23T01:36:18.000Z","volume":1800,"label":" ","price":45.95},{"type":"A","date":"2018-04-23T01:40:02.000Z","volume":100,"label":"Y","price":46.05},{"type":"A","date":"2018-04-23T01:40:02.000Z","volume":300,"label":" ","price":46.05},{"type":"A","date":"2018-04-23T01:40:02.000Z","volume":300,"label":"Y","price":46.05},{"type":"A","date":"2018-04-23T01:40:02.000Z","volume":100,"label":" ","price":46.05},{"type":"A","date":"2018-04-23T01:40:02.000Z","volume":400,"label":" ","price":46.05},{"type":"A","date":"2018-04-23T01:40:02.000Z","volume":600,"label":" ","price":46.05},{"type":"B","date":"2018-04-23T01:40:32.000Z","volume":200,"label":"Y","price":46.1},{"type":"B","date":"2018-04-23T01:40:32.000Z","volume":400,"label":"Y","price":46.1},{"type":"B","date":"2018-04-23T01:41:19.000Z","volume":500,"label":" ","price":46.1},{"type":"B","date":"2018-04-23T01:41:19.000Z","volume":100,"label":" ","price":46.1},{"type":"B","date":"2018-04-23T01:41:58.000Z","volume":400,"label":" ","price":46.1},{"type":"A","date":"2018-04-23T01:43:10.000Z","volume":100,"label":" ","price":46.1},{"type":"A","date":"2018-04-23T01:45:47.000Z","volume":100,"label":" ","price":46.1},{"type":"A","date":"2018-04-23T01:47:53.000Z","volume":100,"label":" ","price":46},{"type":"B","date":"2018-04-23T01:48:16.000Z","volume":200,"label":" ","price":45.95},{"type":"A","date":"2018-04-23T01:48:42.000Z","volume":200,"label":" ","price":46},{"type":"B","date":"2018-04-23T01:48:43.000Z","volume":400,"label":" ","price":45.95},{"type":"A","date":"2018-04-23T01:48:43.000Z","volume":500,"label":" ","price":46},{"type":"B","date":"2018-04-23T01:49:47.000Z","volume":500,"label":" ","price":45.95},{"type":"B","date":"2018-04-23T01:49:47.000Z","volume":500,"label":" ","price":45.95},{"type":"B","date":"2018-04-23T01:49:51.000Z","volume":4900,"label":" ","price":45.95},{"type":"B","date":"2018-04-23T01:49:58.000Z","volume":600,"label":" ","price":45.9},{"type":"B","date":"2018-04-23T01:53:47.000Z","volume":600,"label":" ","price":45.9},{"type":"B","date":"2018-04-23T01:53:47.000Z","volume":700,"label":" ","price":45.9},{"type":"B","date":"2018-04-23T01:53:47.000Z","volume":100,"label":" ","price":45.9},{"type":"B","date":"2018-04-23T01:53:48.000Z","volume":300,"label":" ","price":45.9},{"type":"B","date":"2018-04-23T01:54:18.000Z","volume":200,"label":" ","price":45.9},{"type":"A","date":"2018-04-23T01:54:47.000Z","volume":600,"label":" ","price":45.95},{"type":"A","date":"2018-04-23T01:54:47.000Z","volume":200,"label":" ","price":45.95},{"type":"A","date":"2018-04-23T01:54:47.000Z","volume":400,"label":" ","price":45.95},{"type":"A","date":"2018-04-23T01:56:44.000Z","volume":200,"label":" ","price":45.95},{"type":"B","date":"2018-04-23T01:58:04.000Z","volume":500,"label":" ","price":45.9},{"type":"A","date":"2018-04-23T01:58:32.000Z","volume":600,"label":" ","price":45.95},{"type":"A","date":"2018-04-23T01:58:32.000Z","volume":400,"label":"Y","price":45.95},{"type":"A","date":"2018-04-23T01:58:32.000Z","volume":100,"label":" ","price":45.95},{"type":"A","date":"2018-04-23T01:58:58.000Z","volume":100,"label":" ","price":45.95},{"type":"B","date":"2018-04-23T02:00:19.000Z","volume":200,"label":" ","price":45.9},{"type":"A","date":"2018-04-23T02:00:19.000Z","volume":100,"label":" ","price":45.95},{"type":"B","date":"2018-04-23T02:00:27.000Z","volume":100,"label":" ","price":45.9},{"type":"B","date":"2018-04-23T02:01:02.000Z","volume":400,"label":" ","price":45.9},{"type":"B","date":"2018-04-23T02:01:02.000Z","volume":600,"label":" ","price":45.9},{"type":"A","date":"2018-04-23T02:01:32.000Z","volume":300,"label":" ","price":45.95},{"type":"A","date":"2018-04-23T02:01:32.000Z","volume":600,"label":" ","price":45.95},{"type":"A","date":"2018-04-23T02:02:56.000Z","volume":400,"label":" ","price":45.95},{"type":"A","date":"2018-04-23T02:03:02.000Z","volume":500,"label":"Y","price":45.95},{"type":"A","date":"2018-04-23T02:03:02.000Z","volume":100,"label":" ","price":45.95},{"type":"A","date":"2018-04-23T02:03:02.000Z","volume":200,"label":" ","price":45.95},{"type":"A","date":"2018-04-23T02:03:02.000Z","volume":500,"label":"Y","price":45.95},{"type":"A","date":"2018-04-23T02:03:02.000Z","volume":300,"label":"Y","price":45.95},{"type":"A","date":"2018-04-23T02:03:03.000Z","volume":100,"label":" ","price":45.95},{"type":"A","date":"2018-04-23T02:03:03.000Z","volume":100,"label":" ","price":45.95},{"type":"B","date":"2018-04-23T02:03:03.000Z","volume":100,"label":" ","price":45.95},{"type":"B","date":"2018-04-23T02:03:33.000Z","volume":200,"label":" ","price":45.9},{"type":"A","date":"2018-04-23T02:05:32.000Z","volume":400,"label":"Y","price":45.95},{"type":"A","date":"2018-04-23T02:05:32.000Z","volume":100,"label":" ","price":45.95},{"type":"A","date":"2018-04-23T02:05:32.000Z","volume":200,"label":" ","price":45.95},{"type":"A","date":"2018-04-23T02:05:32.000Z","volume":300,"label":"Y","price":45.95},{"type":"A","date":"2018-04-23T02:05:33.000Z","volume":300,"label":" ","price":45.95},{"type":"A","date":"2018-04-23T02:05:33.000Z","volume":100,"label":" ","price":45.95},{"type":"A","date":"2018-04-23T02:06:15.000Z","volume":300,"label":" ","price":45.95},{"type":"A","date":"2018-04-23T02:06:57.000Z","volume":500,"label":" ","price":45.95},{"type":"A","date":"2018-04-23T02:08:42.000Z","volume":400,"label":"Y","price":45.95},{"type":"A","date":"2018-04-23T02:08:42.000Z","volume":100,"label":" ","price":45.95},{"type":"B","date":"2018-04-23T02:09:35.000Z","volume":200,"label":" ","price":45.9},{"type":"A","date":"2018-04-23T02:12:24.000Z","volume":300,"label":" ","price":45.95},{"type":"A","date":"2018-04-23T02:13:42.000Z","volume":300,"label":" ","price":45.95},{"type":"A","date":"2018-04-23T02:14:29.000Z","volume":4400,"label":" ","price":45.95},{"type":"A","date":"2018-04-23T02:14:29.000Z","volume":400,"label":" ","price":45.95},{"type":"A","date":"2018-04-23T02:14:29.000Z","volume":200,"label":" ","price":45.95},{"type":"A","date":"2018-04-23T02:14:29.000Z","volume":100,"label":" ","price":45.95},{"type":"A","date":"2018-04-23T02:14:29.000Z","volume":100,"label":" ","price":45.95},{"type":"A","date":"2018-04-23T02:14:32.000Z","volume":500,"label":"Y","price":45.95},{"type":"B","date":"2018-04-23T02:15:17.000Z","volume":1300,"label":" ","price":45.95},{"type":"B","date":"2018-04-23T02:15:37.000Z","volume":200,"label":" ","price":45.95},{"type":"A","date":"2018-04-23T02:18:56.000Z","volume":100,"label":" ","price":46},{"type":"B","date":"2018-04-23T02:20:32.000Z","volume":400,"label":"Y","price":45.95},{"type":"B","date":"2018-04-23T02:21:37.000Z","volume":200,"label":" ","price":45.95},{"type":"A","date":"2018-04-23T02:22:23.000Z","volume":100,"label":" ","price":46},{"type":"B","date":"2018-04-23T02:22:24.000Z","volume":400,"label":" ","price":45.95},{"type":"B","date":"2018-04-23T02:22:24.000Z","volume":2000,"label":" ","price":45.95},{"type":"B","date":"2018-04-23T02:22:26.000Z","volume":1200,"label":" ","price":45.95},{"type":"B","date":"2018-04-23T02:22:26.000Z","volume":100,"label":" ","price":45.95},{"type":"B","date":"2018-04-23T02:22:30.000Z","volume":200,"label":" ","price":45.95},{"type":"B","date":"2018-04-23T02:22:32.000Z","volume":300,"label":"Y","price":45.95},{"type":"A","date":"2018-04-23T02:22:42.000Z","volume":500,"label":"Y","price":45.95},{"type":"A","date":"2018-04-23T02:23:27.000Z","volume":2800,"label":" ","price":45.95},{"type":"A","date":"2018-04-23T02:23:27.000Z","volume":700,"label":" ","price":46},{"type":"A","date":"2018-04-23T02:25:36.000Z","volume":1000,"label":" ","price":46},{"type":"A","date":"2018-04-23T02:25:57.000Z","volume":500,"label":" ","price":46},{"type":"B","date":"2018-04-23T02:27:40.000Z","volume":200,"label":" ","price":45.95},{"type":"A","date":"2018-04-23T02:27:41.000Z","volume":700,"label":" ","price":46.05},{"type":"A","date":"2018-04-23T02:30:22.000Z","volume":200,"label":" ","price":46.1},{"type":"A","date":"2018-04-23T02:30:23.000Z","volume":1000,"label":" ","price":46.1},{"type":"A","date":"2018-04-23T02:31:27.000Z","volume":600,"label":" ","price":46.1},{"type":"A","date":"2018-04-23T02:31:27.000Z","volume":400,"label":" ","price":46.1},{"type":"A","date":"2018-04-23T02:31:40.000Z","volume":200,"label":" ","price":46.15},{"type":"A","date":"2018-04-23T02:31:47.000Z","volume":100,"label":" ","price":46.15},{"type":"A","date":"2018-04-23T02:32:11.000Z","volume":400,"label":" ","price":46.15},{"type":"A","date":"2018-04-23T02:32:16.000Z","volume":100,"label":" ","price":46.15},{"type":"A","date":"2018-04-23T02:32:18.000Z","volume":100,"label":" ","price":46.15},{"type":"A","date":"2018-04-23T02:32:19.000Z","volume":300,"label":" ","price":46.15},{"type":"B","date":"2018-04-23T02:33:40.000Z","volume":200,"label":" ","price":46.1},{"type":"A","date":"2018-04-23T02:33:40.000Z","volume":300,"label":" ","price":46.2},{"type":"A","date":"2018-04-23T02:33:44.000Z","volume":200,"label":" ","price":46.2},{"type":"A","date":"2018-04-23T02:34:35.000Z","volume":400,"label":" ","price":46.2},{"type":"A","date":"2018-04-23T02:35:00.000Z","volume":400,"label":" ","price":46.25},{"type":"B","date":"2018-04-23T02:35:11.000Z","volume":500,"label":" ","price":46.2},{"type":"B","date":"2018-04-23T02:35:11.000Z","volume":300,"label":" ","price":46.2},{"type":"B","date":"2018-04-23T02:36:09.000Z","volume":900,"label":" ","price":46.15},{"type":"U","date":"2018-04-23T02:36:17.000Z","volume":100,"label":" ","price":46.25},{"type":"B","date":"2018-04-23T02:36:37.000Z","volume":500,"label":" ","price":46.25},{"type":"B","date":"2018-04-23T02:36:37.000Z","volume":500,"label":" ","price":46.25},{"type":"A","date":"2018-04-23T02:36:44.000Z","volume":100,"label":" ","price":46.25},{"type":"A","date":"2018-04-23T02:37:15.000Z","volume":500,"label":" ","price":46.25},{"type":"A","date":"2018-04-23T02:37:32.000Z","volume":300,"label":" ","price":46.25},{"type":"A","date":"2018-04-23T02:37:45.000Z","volume":500,"label":" ","price":46.25},{"type":"A","date":"2018-04-23T02:37:52.000Z","volume":100,"label":" ","price":46.25},{"type":"A","date":"2018-04-23T02:38:15.000Z","volume":400,"label":" ","price":46.25},{"type":"B","date":"2018-04-23T02:38:17.000Z","volume":300,"label":" ","price":46.15},{"type":"B","date":"2018-04-23T02:38:17.000Z","volume":300,"label":" ","price":46.15},{"type":"A","date":"2018-04-23T02:38:32.000Z","volume":300,"label":" ","price":46.25},{"type":"A","date":"2018-04-23T02:38:32.000Z","volume":200,"label":" ","price":46.25},{"type":"A","date":"2018-04-23T02:38:47.000Z","volume":100,"label":"Y","price":46.25},{"type":"A","date":"2018-04-23T02:38:47.000Z","volume":100,"label":" ","price":46.25},{"type":"A","date":"2018-04-23T02:38:53.000Z","volume":100,"label":" ","price":46.25},{"type":"A","date":"2018-04-23T02:39:17.000Z","volume":300,"label":" ","price":46.25},{"type":"A","date":"2018-04-23T02:39:26.000Z","volume":100,"label":" ","price":46.25},{"type":"B","date":"2018-04-23T02:39:42.000Z","volume":200,"label":" ","price":46.15},{"type":"A","date":"2018-04-23T02:39:47.000Z","volume":100,"label":" ","price":46.25},{"type":"A","date":"2018-04-23T02:39:47.000Z","volume":300,"label":" ","price":46.25},{"type":"A","date":"2018-04-23T02:40:02.000Z","volume":300,"label":" ","price":46.25},{"type":"A","date":"2018-04-23T02:40:02.000Z","volume":100,"label":"Y","price":46.25},{"type":"A","date":"2018-04-23T02:40:02.000Z","volume":100,"label":" ","price":46.25},{"type":"A","date":"2018-04-23T02:40:17.000Z","volume":100,"label":" ","price":46.25},{"type":"B","date":"2018-04-23T02:40:57.000Z","volume":2700,"label":" ","price":46.25},{"type":"U","date":"2018-04-23T02:40:57.000Z","volume":400,"label":" ","price":46.25},{"type":"A","date":"2018-04-23T02:40:58.000Z","volume":1800,"label":" ","price":46.2},{"type":"B","date":"2018-04-23T02:41:02.000Z","volume":400,"label":" ","price":46.15},{"type":"B","date":"2018-04-23T02:41:02.000Z","volume":300,"label":" ","price":46.15},{"type":"A","date":"2018-04-23T02:41:24.000Z","volume":100,"label":" ","price":46.2},{"type":"A","date":"2018-04-23T02:43:50.000Z","volume":1800,"label":" ","price":46.2},{"type":"B","date":"2018-04-23T02:44:32.000Z","volume":300,"label":" ","price":46.15},{"type":"B","date":"2018-04-23T02:44:32.000Z","volume":300,"label":" ","price":46.15},{"type":"B","date":"2018-04-23T02:44:32.000Z","volume":300,"label":" ","price":46.15},{"type":"A","date":"2018-04-23T02:44:32.000Z","volume":100,"label":" ","price":46.2},{"type":"B","date":"2018-04-23T02:45:42.000Z","volume":200,"label":" ","price":46.15},{"type":"B","date":"2018-04-23T02:45:51.000Z","volume":1000,"label":" ","price":46.15},{"type":"B","date":"2018-04-23T02:46:16.000Z","volume":5800,"label":" ","price":46.15},{"type":"B","date":"2018-04-23T02:46:17.000Z","volume":700,"label":" ","price":46.15},{"type":"B","date":"2018-04-23T02:46:17.000Z","volume":100,"label":" ","price":46.1},{"type":"B","date":"2018-04-23T02:46:17.000Z","volume":600,"label":" ","price":46.05},{"type":"B","date":"2018-04-23T02:46:32.000Z","volume":200,"label":" ","price":46},{"type":"B","date":"2018-04-23T02:46:32.000Z","volume":400,"label":" ","price":45.95},{"type":"B","date":"2018-04-23T02:47:25.000Z","volume":300,"label":" ","price":45.9},{"type":"U","date":"2018-04-23T02:48:23.000Z","volume":100,"label":" ","price":45.95},{"type":"B","date":"2018-04-23T02:50:02.000Z","volume":300,"label":" ","price":45.9},{"type":"B","date":"2018-04-23T02:50:03.000Z","volume":500,"label":" ","price":45.9},{"type":"A","date":"2018-04-23T02:51:06.000Z","volume":5300,"label":" ","price":46},{"type":"A","date":"2018-04-23T02:51:13.000Z","volume":3800,"label":" ","price":46.05},{"type":"A","date":"2018-04-23T02:51:13.000Z","volume":600,"label":" ","price":46.1},{"type":"A","date":"2018-04-23T02:51:13.000Z","volume":400,"label":" ","price":46.05},{"type":"B","date":"2018-04-23T02:51:30.000Z","volume":4500,"label":" ","price":46.05},{"type":"B","date":"2018-04-23T02:51:43.000Z","volume":200,"label":" ","price":46.05},{"type":"B","date":"2018-04-23T02:51:43.000Z","volume":200,"label":" ","price":46.05},{"type":"B","date":"2018-04-23T02:51:48.000Z","volume":100,"label":" ","price":46.05},{"type":"A","date":"2018-04-23T02:52:18.000Z","volume":100,"label":" ","price":46.15},{"type":"A","date":"2018-04-23T02:53:13.000Z","volume":1800,"label":" ","price":46.15},{"type":"A","date":"2018-04-23T02:54:03.000Z","volume":100,"label":"Y","price":46.15},{"type":"A","date":"2018-04-23T02:54:18.000Z","volume":200,"label":"Y","price":46.15},{"type":"A","date":"2018-04-23T02:54:18.000Z","volume":1300,"label":" ","price":46.15},{"type":"A","date":"2018-04-23T02:55:03.000Z","volume":300,"label":" ","price":46.15},{"type":"A","date":"2018-04-23T02:55:03.000Z","volume":300,"label":" ","price":46.15},{"type":"U","date":"2018-04-23T02:55:22.000Z","volume":67,"label":"D","price":45.589},{"type":"A","date":"2018-04-23T02:55:30.000Z","volume":200,"label":" ","price":46.15},{"type":"A","date":"2018-04-23T02:55:30.000Z","volume":100,"label":" ","price":46.2},{"type":"A","date":"2018-04-23T02:55:57.000Z","volume":100,"label":" ","price":46.15},{"type":"A","date":"2018-04-23T02:56:03.000Z","volume":100,"label":" ","price":46.15},{"type":"B","date":"2018-04-23T02:56:34.000Z","volume":200,"label":"Y","price":46.15},{"type":"B","date":"2018-04-23T02:56:34.000Z","volume":100,"label":" ","price":46.15},{"type":"B","date":"2018-04-23T02:56:34.000Z","volume":300,"label":"Y","price":46.15},{"type":"B","date":"2018-04-23T02:56:34.000Z","volume":200,"label":" ","price":46.15},{"type":"B","date":"2018-04-23T02:56:34.000Z","volume":200,"label":" ","price":46.15},{"type":"A","date":"2018-04-23T02:56:41.000Z","volume":100,"label":" ","price":46.2},{"type":"B","date":"2018-04-23T02:57:45.000Z","volume":200,"label":" ","price":46.15},{"type":"A","date":"2018-04-23T02:57:49.000Z","volume":100,"label":" ","price":46.2},{"type":"B","date":"2018-04-23T02:58:04.000Z","volume":700,"label":" ","price":46.15},{"type":"B","date":"2018-04-23T02:59:04.000Z","volume":300,"label":" ","price":46.15},{"type":"A","date":"2018-04-23T03:01:04.000Z","volume":3100,"label":" ","price":46.2},{"type":"A","date":"2018-04-23T03:02:13.000Z","volume":400,"label":" ","price":46.2},{"type":"U","date":"2018-04-23T03:02:19.000Z","volume":200,"label":"X","price":46.2},{"type":"A","date":"2018-04-23T03:03:04.000Z","volume":200,"label":" ","price":46.2},{"type":"A","date":"2018-04-23T03:03:31.000Z","volume":9700,"label":" ","price":46.2},{"type":"A","date":"2018-04-23T03:03:31.000Z","volume":300,"label":" ","price":46.25},{"type":"B","date":"2018-04-23T03:03:46.000Z","volume":200,"label":" ","price":46.15},{"type":"B","date":"2018-04-23T03:04:34.000Z","volume":400,"label":"Y","price":46.25},{"type":"B","date":"2018-04-23T03:04:34.000Z","volume":100,"label":" ","price":46.25},{"type":"B","date":"2018-04-23T03:04:34.000Z","volume":400,"label":"Y","price":46.25},{"type":"B","date":"2018-04-23T03:04:34.000Z","volume":200,"label":"Y","price":46.25},{"type":"B","date":"2018-04-23T03:04:34.000Z","volume":200,"label":" ","price":46.25},{"type":"A","date":"2018-04-23T03:04:48.000Z","volume":300,"label":" ","price":46.25},{"type":"A","date":"2018-04-23T03:04:56.000Z","volume":200,"label":" ","price":46.25},{"type":"U","date":"2018-04-23T03:05:04.000Z","volume":200,"label":"X","price":46.225},{"type":"A","date":"2018-04-23T03:05:07.000Z","volume":300,"label":" ","price":46.25},{"type":"A","date":"2018-04-23T03:05:07.000Z","volume":400,"label":" ","price":46.25},{"type":"U","date":"2018-04-23T03:05:08.000Z","volume":200,"label":" ","price":46.25},{"type":"A","date":"2018-04-23T03:06:09.000Z","volume":1400,"label":" ","price":46.3},{"type":"A","date":"2018-04-23T03:06:09.000Z","volume":700,"label":" ","price":46.3},{"type":"A","date":"2018-04-23T03:06:18.000Z","volume":100,"label":"Y","price":46.35},{"type":"A","date":"2018-04-23T03:06:18.000Z","volume":100,"label":" ","price":46.35},{"type":"B","date":"2018-04-23T03:06:20.000Z","volume":1600,"label":" ","price":46.35},{"type":"B","date":"2018-04-23T03:06:20.000Z","volume":200,"label":" ","price":46.35},{"type":"B","date":"2018-04-23T03:06:20.000Z","volume":200,"label":" ","price":46.35},{"type":"B","date":"2018-04-23T03:06:20.000Z","volume":100,"label":" ","price":46.35},{"type":"B","date":"2018-04-23T03:06:20.000Z","volume":200,"label":" ","price":46.35},{"type":"B","date":"2018-04-23T03:06:44.000Z","volume":1200,"label":" ","price":46.35},{"type":"A","date":"2018-04-23T03:06:45.000Z","volume":600,"label":" ","price":46.35},{"type":"A","date":"2018-04-23T03:06:45.000Z","volume":1000,"label":" ","price":46.4},{"type":"B","date":"2018-04-23T03:06:46.000Z","volume":2200,"label":" ","price":46.4},{"type":"B","date":"2018-04-23T03:06:46.000Z","volume":900,"label":" ","price":46.4},{"type":"B","date":"2018-04-23T03:06:46.000Z","volume":300,"label":" ","price":46.3},{"type":"B","date":"2018-04-23T03:07:06.000Z","volume":700,"label":" ","price":46.3},{"type":"B","date":"2018-04-23T03:09:49.000Z","volume":200,"label":" ","price":46.25},{"type":"A","date":"2018-04-23T03:11:01.000Z","volume":100,"label":" ","price":46.35},{"type":"A","date":"2018-04-23T03:13:16.000Z","volume":100,"label":" ","price":46.3},{"type":"B","date":"2018-04-23T03:13:32.000Z","volume":200,"label":" ","price":46.25},{"type":"B","date":"2018-04-23T03:13:32.000Z","volume":200,"label":" ","price":46.25},{"type":"B","date":"2018-04-23T03:13:32.000Z","volume":200,"label":" ","price":46.25},{"type":"A","date":"2018-04-23T03:13:32.000Z","volume":300,"label":" ","price":46.3},{"type":"A","date":"2018-04-23T03:13:44.000Z","volume":100,"label":" ","price":46.3},{"type":"A","date":"2018-04-23T03:15:03.000Z","volume":400,"label":" ","price":46.3},{"type":"A","date":"2018-04-23T03:15:03.000Z","volume":200,"label":"Y","price":46.3},{"type":"A","date":"2018-04-23T03:15:03.000Z","volume":1900,"label":" ","price":46.3},{"type":"A","date":"2018-04-23T03:15:48.000Z","volume":100,"label":" ","price":46.3},{"type":"A","date":"2018-04-23T03:15:48.000Z","volume":500,"label":" ","price":46.3},{"type":"B","date":"2018-04-23T03:15:49.000Z","volume":200,"label":" ","price":46.25},{"type":"A","date":"2018-04-23T03:16:11.000Z","volume":100,"label":" ","price":46.3},{"type":"A","date":"2018-04-23T03:16:21.000Z","volume":100,"label":" ","price":46.3},{"type":"A","date":"2018-04-23T03:16:42.000Z","volume":100,"label":" ","price":46.3},{"type":"B","date":"2018-04-23T03:17:03.000Z","volume":200,"label":" ","price":46.25},{"type":"B","date":"2018-04-23T03:17:03.000Z","volume":3600,"label":" ","price":46.25},{"type":"B","date":"2018-04-23T03:17:32.000Z","volume":300,"label":" ","price":46.15},{"type":"B","date":"2018-04-23T03:17:32.000Z","volume":300,"label":" ","price":46.15},{"type":"B","date":"2018-04-23T03:19:47.000Z","volume":700,"label":" ","price":46.15},{"type":"A","date":"2018-04-23T03:20:20.000Z","volume":1100,"label":" ","price":46.2},{"type":"A","date":"2018-04-23T03:21:46.000Z","volume":100,"label":" ","price":46.2},{"type":"A","date":"2018-04-23T03:21:47.000Z","volume":700,"label":" ","price":46.2},{"type":"B","date":"2018-04-23T03:21:53.000Z","volume":200,"label":" ","price":46.15},{"type":"A","date":"2018-04-23T03:22:18.000Z","volume":300,"label":" ","price":46.2},{"type":"B","date":"2018-04-23T03:22:49.000Z","volume":600,"label":" ","price":46.15},{"type":"A","date":"2018-04-23T03:23:18.000Z","volume":400,"label":" ","price":46.2},{"type":"A","date":"2018-04-23T03:23:18.000Z","volume":600,"label":" ","price":46.2},{"type":"A","date":"2018-04-23T03:24:33.000Z","volume":400,"label":" ","price":46.2},{"type":"A","date":"2018-04-23T03:24:33.000Z","volume":700,"label":" ","price":46.2},{"type":"A","date":"2018-04-23T03:26:25.000Z","volume":300,"label":"Y","price":46.2},{"type":"A","date":"2018-04-23T03:26:25.000Z","volume":600,"label":" ","price":46.2},{"type":"A","date":"2018-04-23T03:26:47.000Z","volume":100,"label":" ","price":46.2},{"type":"A","date":"2018-04-23T03:27:18.000Z","volume":100,"label":"Y","price":46.2},{"type":"A","date":"2018-04-23T03:27:18.000Z","volume":300,"label":" ","price":46.2},{"type":"A","date":"2018-04-23T03:27:18.000Z","volume":400,"label":" ","price":46.2},{"type":"A","date":"2018-04-23T03:27:18.000Z","volume":100,"label":"Y","price":46.2},{"type":"A","date":"2018-04-23T03:27:18.000Z","volume":100,"label":" ","price":46.2},{"type":"A","date":"2018-04-23T03:27:44.000Z","volume":500,"label":" ","price":46.25},{"type":"B","date":"2018-04-23T03:27:53.000Z","volume":200,"label":" ","price":46.2},{"type":"A","date":"2018-04-23T03:29:43.000Z","volume":100,"label":" ","price":46.25},{"type":"A","date":"2018-04-23T03:29:43.000Z","volume":200,"label":" ","price":46.25},{"type":"A","date":"2018-04-23T03:30:03.000Z","volume":100,"label":" ","price":46.25},{"type":"B","date":"2018-04-23T03:30:04.000Z","volume":200,"label":"Y","price":46.2},{"type":"B","date":"2018-04-23T03:30:04.000Z","volume":100,"label":" ","price":46.2},{"type":"B","date":"2018-04-23T03:30:04.000Z","volume":400,"label":" ","price":46.2},{"type":"B","date":"2018-04-23T03:30:04.000Z","volume":100,"label":"Y","price":46.2},{"type":"B","date":"2018-04-23T03:30:04.000Z","volume":700,"label":" ","price":46.2},{"type":"A","date":"2018-04-23T03:30:33.000Z","volume":500,"label":" ","price":46.25},{"type":"B","date":"2018-04-23T03:31:20.000Z","volume":1400,"label":" ","price":46.2},{"type":"B","date":"2018-04-23T03:32:00.000Z","volume":100,"label":" ","price":46.2},{"type":"A","date":"2018-04-23T03:32:40.000Z","volume":1200,"label":" ","price":46.25},{"type":"B","date":"2018-04-23T03:33:54.000Z","volume":200,"label":" ","price":46.2},{"type":"A","date":"2018-04-23T03:34:00.000Z","volume":100,"label":"Y","price":46.25},{"type":"A","date":"2018-04-23T03:34:00.000Z","volume":1100,"label":" ","price":46.25},{"type":"A","date":"2018-04-23T03:36:03.000Z","volume":300,"label":" ","price":46.25},{"type":"B","date":"2018-04-23T03:36:43.000Z","volume":5000,"label":" ","price":46.2},{"type":"B","date":"2018-04-23T03:36:43.000Z","volume":700,"label":" ","price":46.2},{"type":"B","date":"2018-04-23T03:36:43.000Z","volume":400,"label":" ","price":46.2},{"type":"B","date":"2018-04-23T03:36:43.000Z","volume":100,"label":" ","price":46.2},{"type":"B","date":"2018-04-23T03:36:50.000Z","volume":700,"label":" ","price":46.2},{"type":"B","date":"2018-04-23T03:37:17.000Z","volume":300,"label":" ","price":46.15},{"type":"B","date":"2018-04-23T03:37:17.000Z","volume":300,"label":" ","price":46.15},{"type":"B","date":"2018-04-23T03:37:17.000Z","volume":100,"label":"Y","price":46.15},{"type":"B","date":"2018-04-23T03:37:17.000Z","volume":200,"label":" ","price":46.15},{"type":"B","date":"2018-04-23T03:37:18.000Z","volume":100,"label":" ","price":46.15},{"type":"B","date":"2018-04-23T03:38:32.000Z","volume":200,"label":" ","price":46.15},{"type":"B","date":"2018-04-23T03:39:55.000Z","volume":200,"label":" ","price":46.15},{"type":"B","date":"2018-04-23T03:41:02.000Z","volume":300,"label":" ","price":46.15},{"type":"B","date":"2018-04-23T03:41:02.000Z","volume":300,"label":" ","price":46.15},{"type":"B","date":"2018-04-23T03:44:17.000Z","volume":300,"label":" ","price":46.15},{"type":"B","date":"2018-04-23T03:44:17.000Z","volume":300,"label":" ","price":46.15},{"type":"A","date":"2018-04-23T03:45:03.000Z","volume":300,"label":" ","price":46.2},{"type":"A","date":"2018-04-23T03:45:42.000Z","volume":2000,"label":" ","price":46.2},{"type":"B","date":"2018-04-23T03:45:42.000Z","volume":100,"label":" ","price":46.15},{"type":"B","date":"2018-04-23T03:45:56.000Z","volume":200,"label":" ","price":46.15},{"type":"A","date":"2018-04-23T03:46:43.000Z","volume":100,"label":"Y","price":46.2},{"type":"A","date":"2018-04-23T03:46:43.000Z","volume":200,"label":" ","price":46.2},{"type":"B","date":"2018-04-23T03:47:32.000Z","volume":300,"label":" ","price":46.15},{"type":"B","date":"2018-04-23T03:47:32.000Z","volume":300,"label":" ","price":46.15},{"type":"A","date":"2018-04-23T03:48:13.000Z","volume":400,"label":" ","price":46.2},{"type":"B","date":"2018-04-23T03:48:13.000Z","volume":300,"label":" ","price":46.15},{"type":"A","date":"2018-04-23T03:48:44.000Z","volume":1200,"label":" ","price":46.2},{"type":"A","date":"2018-04-23T03:49:32.000Z","volume":400,"label":" ","price":46.2},{"type":"A","date":"2018-04-23T03:50:04.000Z","volume":100,"label":" ","price":46.2},{"type":"A","date":"2018-04-23T03:50:23.000Z","volume":100,"label":" ","price":46.2},{"type":"A","date":"2018-04-23T03:50:46.000Z","volume":300,"label":"Y","price":46.2},{"type":"A","date":"2018-04-23T03:50:46.000Z","volume":700,"label":" ","price":46.2},{"type":"B","date":"2018-04-23T03:51:47.000Z","volume":400,"label":" ","price":46.15},{"type":"B","date":"2018-04-23T03:51:47.000Z","volume":300,"label":"Y","price":46.15},{"type":"B","date":"2018-04-23T03:51:47.000Z","volume":100,"label":" ","price":46.15},{"type":"B","date":"2018-04-23T03:51:58.000Z","volume":200,"label":" ","price":46.15},{"type":"B","date":"2018-04-23T03:51:58.000Z","volume":100,"label":" ","price":46.15},{"type":"A","date":"2018-04-23T03:52:10.000Z","volume":100,"label":" ","price":46.2},{"type":"A","date":"2018-04-23T03:52:48.000Z","volume":200,"label":"Y","price":46.2},{"type":"A","date":"2018-04-23T03:52:48.000Z","volume":100,"label":" ","price":46.2},{"type":"A","date":"2018-04-23T03:53:19.000Z","volume":200,"label":" ","price":46.2},{"type":"B","date":"2018-04-23T03:53:28.000Z","volume":300,"label":" ","price":46.15},{"type":"A","date":"2018-04-23T03:53:33.000Z","volume":400,"label":" ","price":46.2},{"type":"A","date":"2018-04-23T03:54:33.000Z","volume":400,"label":" ","price":46.2},{"type":"A","date":"2018-04-23T03:54:51.000Z","volume":100,"label":" ","price":46.2},{"type":"B","date":"2018-04-23T03:55:17.000Z","volume":300,"label":" ","price":46.15},{"type":"B","date":"2018-04-23T03:55:17.000Z","volume":300,"label":"Y","price":46.15},{"type":"B","date":"2018-04-23T03:55:17.000Z","volume":200,"label":" ","price":46.15},{"type":"A","date":"2018-04-23T03:56:18.000Z","volume":300,"label":" ","price":46.2},{"type":"A","date":"2018-04-23T03:56:45.000Z","volume":100,"label":" ","price":46.2},{"type":"A","date":"2018-04-23T03:56:59.000Z","volume":100,"label":" ","price":46.2},{"type":"B","date":"2018-04-23T03:57:02.000Z","volume":100,"label":" ","price":46.15},{"type":"B","date":"2018-04-23T03:57:02.000Z","volume":500,"label":" ","price":46.15},{"type":"A","date":"2018-04-23T03:57:03.000Z","volume":100,"label":" ","price":46.2},{"type":"A","date":"2018-04-23T03:57:03.000Z","volume":200,"label":" ","price":46.2},{"type":"B","date":"2018-04-23T03:57:07.000Z","volume":100,"label":" ","price":46.15},{"type":"A","date":"2018-04-23T03:57:16.000Z","volume":200,"label":" ","price":46.2},{"type":"A","date":"2018-04-23T03:57:43.000Z","volume":100,"label":" ","price":46.2},{"type":"B","date":"2018-04-23T03:57:58.000Z","volume":100,"label":" ","price":46.15},{"type":"B","date":"2018-04-23T03:57:59.000Z","volume":200,"label":" ","price":46.15},{"type":"B","date":"2018-04-23T03:57:59.000Z","volume":100,"label":" ","price":46.15},{"type":"A","date":"2018-04-23T03:58:03.000Z","volume":400,"label":" ","price":46.2},{"type":"B","date":"2018-04-23T03:58:12.000Z","volume":200,"label":" ","price":46.15},{"type":"A","date":"2018-04-23T03:59:02.000Z","volume":1900,"label":" ","price":46.2},{"type":"B","date":"2018-04-23T03:59:02.000Z","volume":400,"label":" ","price":46.15},{"type":"B","date":"2018-04-23T03:59:02.000Z","volume":100,"label":" ","price":46.15},{"type":"B","date":"2018-04-23T03:59:12.000Z","volume":200,"label":" ","price":46.15},{"type":"B","date":"2018-04-23T03:59:20.000Z","volume":100,"label":" ","price":46.15},{"type":"B","date":"2018-04-23T03:59:32.000Z","volume":100,"label":" ","price":46.15},{"type":"A","date":"2018-04-23T03:59:57.000Z","volume":100,"label":" ","price":46.2},{"type":"A","date":"2018-04-23T03:59:58.000Z","volume":100,"label":" ","price":46.2},{"type":"B","date":"2018-04-23T03:59:58.000Z","volume":100,"label":" ","price":46.15},{"type":"A","date":"2018-04-23T05:00:35.000Z","volume":500,"label":" ","price":46.2},{"type":"U","date":"2018-04-23T05:01:05.000Z","volume":100,"label":"X","price":46.175},{"type":"A","date":"2018-04-23T05:01:23.000Z","volume":200,"label":" ","price":46.2},{"type":"B","date":"2018-04-23T05:01:23.000Z","volume":1500,"label":"Y","price":46.15},{"type":"B","date":"2018-04-23T05:01:23.000Z","volume":10300,"label":" ","price":46.15},{"type":"B","date":"2018-04-23T05:01:23.000Z","volume":200,"label":" ","price":46.15},{"type":"B","date":"2018-04-23T05:02:17.000Z","volume":1400,"label":" ","price":46.15},{"type":"B","date":"2018-04-23T05:02:17.000Z","volume":2300,"label":" ","price":46.15},{"type":"B","date":"2018-04-23T05:02:23.000Z","volume":100,"label":" ","price":46.05},{"type":"B","date":"2018-04-23T05:02:32.000Z","volume":100,"label":" ","price":46.05},{"type":"B","date":"2018-04-23T05:04:17.000Z","volume":100,"label":" ","price":46.05},{"type":"B","date":"2018-04-23T05:04:17.000Z","volume":100,"label":" ","price":46.05},{"type":"B","date":"2018-04-23T05:04:17.000Z","volume":300,"label":" ","price":46.05},{"type":"A","date":"2018-04-23T05:04:35.000Z","volume":100,"label":" ","price":46.1},{"type":"B","date":"2018-04-23T05:04:45.000Z","volume":1400,"label":" ","price":46.05},{"type":"B","date":"2018-04-23T05:04:45.000Z","volume":100,"label":" ","price":46.05},{"type":"B","date":"2018-04-23T05:04:47.000Z","volume":100,"label":"Y","price":46.05},{"type":"B","date":"2018-04-23T05:05:05.000Z","volume":200,"label":" ","price":46},{"type":"B","date":"2018-04-23T05:05:42.000Z","volume":200,"label":" ","price":46},{"type":"A","date":"2018-04-23T05:06:17.000Z","volume":100,"label":" ","price":46.05},{"type":"A","date":"2018-04-23T05:06:17.000Z","volume":1200,"label":" ","price":46.05},{"type":"A","date":"2018-04-23T05:06:17.000Z","volume":100,"label":" ","price":46.05},{"type":"A","date":"2018-04-23T05:07:05.000Z","volume":600,"label":" ","price":46.05},{"type":"U","date":"2018-04-23T05:08:33.000Z","volume":100,"label":"X","price":46},{"type":"A","date":"2018-04-23T05:09:20.000Z","volume":100,"label":"Y","price":46.05},{"type":"A","date":"2018-04-23T05:09:20.000Z","volume":300,"label":" ","price":46.05},{"type":"B","date":"2018-04-23T05:09:20.000Z","volume":200,"label":"Y","price":46.05},{"type":"B","date":"2018-04-23T05:11:11.000Z","volume":200,"label":" ","price":46},{"type":"B","date":"2018-04-23T05:11:47.000Z","volume":100,"label":" ","price":46},{"type":"B","date":"2018-04-23T05:12:17.000Z","volume":600,"label":" ","price":46},{"type":"B","date":"2018-04-23T05:13:47.000Z","volume":100,"label":" ","price":46},{"type":"B","date":"2018-04-23T05:14:17.000Z","volume":1200,"label":" ","price":46},{"type":"B","date":"2018-04-23T05:14:29.000Z","volume":100,"label":" ","price":46},{"type":"B","date":"2018-04-23T05:14:30.000Z","volume":400,"label":" ","price":46},{"type":"U","date":"2018-04-23T05:14:30.000Z","volume":100,"label":" ","price":46},{"type":"B","date":"2018-04-23T05:17:00.000Z","volume":200,"label":" ","price":45.95},{"type":"A","date":"2018-04-23T05:18:46.000Z","volume":2000,"label":" ","price":46.05},{"type":"A","date":"2018-04-23T05:18:46.000Z","volume":400,"label":" ","price":46.05},{"type":"A","date":"2018-04-23T05:18:46.000Z","volume":400,"label":" ","price":46.05},{"type":"B","date":"2018-04-23T05:21:03.000Z","volume":600,"label":" ","price":46},{"type":"A","date":"2018-04-23T05:22:19.000Z","volume":1700,"label":" ","price":46.05},{"type":"A","date":"2018-04-23T05:22:50.000Z","volume":100,"label":" ","price":46.05},{"type":"B","date":"2018-04-23T05:23:02.000Z","volume":200,"label":" ","price":46},{"type":"A","date":"2018-04-23T05:24:47.000Z","volume":500,"label":" ","price":46.05},{"type":"A","date":"2018-04-23T05:24:47.000Z","volume":500,"label":" ","price":46.05},{"type":"B","date":"2018-04-23T05:25:47.000Z","volume":500,"label":" ","price":46},{"type":"A","date":"2018-04-23T05:25:47.000Z","volume":100,"label":" ","price":46.05},{"type":"A","date":"2018-04-23T05:26:22.000Z","volume":2000,"label":" ","price":46.05},{"type":"A","date":"2018-04-23T05:27:36.000Z","volume":400,"label":" ","price":46.05},{"type":"B","date":"2018-04-23T05:29:06.000Z","volume":200,"label":" ","price":46},{"type":"A","date":"2018-04-23T05:29:06.000Z","volume":100,"label":" ","price":46.05},{"type":"A","date":"2018-04-23T05:29:16.000Z","volume":100,"label":" ","price":46.05},{"type":"B","date":"2018-04-23T05:30:48.000Z","volume":1300,"label":" ","price":46},{"type":"B","date":"2018-04-23T05:31:25.000Z","volume":200,"label":" ","price":46},{"type":"A","date":"2018-04-23T05:31:47.000Z","volume":500,"label":" ","price":46.05},{"type":"A","date":"2018-04-23T05:31:47.000Z","volume":500,"label":" ","price":46.05},{"type":"A","date":"2018-04-23T05:31:51.000Z","volume":300,"label":" ","price":46.05},{"type":"A","date":"2018-04-23T05:32:58.000Z","volume":2500,"label":" ","price":46.05},{"type":"B","date":"2018-04-23T05:32:58.000Z","volume":100,"label":" ","price":46},{"type":"B","date":"2018-04-23T05:33:10.000Z","volume":300,"label":" ","price":46},{"type":"B","date":"2018-04-23T05:33:20.000Z","volume":100,"label":" ","price":46},{"type":"A","date":"2018-04-23T05:34:39.000Z","volume":200,"label":" ","price":46.05},{"type":"B","date":"2018-04-23T05:34:39.000Z","volume":100,"label":" ","price":46},{"type":"B","date":"2018-04-23T05:35:15.000Z","volume":200,"label":" ","price":46},{"type":"A","date":"2018-04-23T05:35:17.000Z","volume":100,"label":"Y","price":46.05},{"type":"A","date":"2018-04-23T05:35:17.000Z","volume":500,"label":" ","price":46.05},{"type":"A","date":"2018-04-23T05:35:17.000Z","volume":500,"label":" ","price":46.05},{"type":"B","date":"2018-04-23T05:36:32.000Z","volume":500,"label":" ","price":46},{"type":"B","date":"2018-04-23T05:38:17.000Z","volume":300,"label":" ","price":46},{"type":"A","date":"2018-04-23T05:38:47.000Z","volume":600,"label":" ","price":46.05},{"type":"A","date":"2018-04-23T05:39:20.000Z","volume":100,"label":" ","price":46.05},{"type":"B","date":"2018-04-23T05:39:32.000Z","volume":500,"label":" ","price":46},{"type":"B","date":"2018-04-23T05:39:35.000Z","volume":200,"label":" ","price":46},{"type":"A","date":"2018-04-23T05:39:52.000Z","volume":100,"label":" ","price":46.05},{"type":"B","date":"2018-04-23T05:39:58.000Z","volume":1700,"label":" ","price":46},{"type":"B","date":"2018-04-23T05:39:58.000Z","volume":100,"label":" ","price":46},{"type":"B","date":"2018-04-23T05:40:10.000Z","volume":100,"label":" ","price":46},{"type":"B","date":"2018-04-23T05:40:53.000Z","volume":2500,"label":" ","price":46},{"type":"B","date":"2018-04-23T05:40:53.000Z","volume":100,"label":" ","price":45.95},{"type":"B","date":"2018-04-23T05:40:59.000Z","volume":6800,"label":" ","price":45.95},{"type":"B","date":"2018-04-23T05:41:01.000Z","volume":600,"label":" ","price":45.9},{"type":"B","date":"2018-04-23T05:41:13.000Z","volume":800,"label":"Y","price":45.9},{"type":"B","date":"2018-04-23T05:41:13.000Z","volume":800,"label":" ","price":45.9},{"type":"B","date":"2018-04-23T05:41:13.000Z","volume":200,"label":"Y","price":45.9},{"type":"B","date":"2018-04-23T05:41:13.000Z","volume":600,"label":" ","price":45.9},{"type":"B","date":"2018-04-23T05:41:21.000Z","volume":100,"label":" ","price":45.9},{"type":"B","date":"2018-04-23T05:42:46.000Z","volume":700,"label":" ","price":45.9},{"type":"A","date":"2018-04-23T05:42:46.000Z","volume":200,"label":" ","price":45.9},{"type":"B","date":"2018-04-23T05:43:44.000Z","volume":100,"label":" ","price":45.85},{"type":"B","date":"2018-04-23T05:43:54.000Z","volume":100,"label":" ","price":45.85},{"type":"B","date":"2018-04-23T05:44:03.000Z","volume":200,"label":" ","price":45.85},{"type":"B","date":"2018-04-23T05:44:03.000Z","volume":100,"label":" ","price":45.85},{"type":"B","date":"2018-04-23T05:44:15.000Z","volume":100,"label":" ","price":45.85},{"type":"B","date":"2018-04-23T05:44:24.000Z","volume":100,"label":" ","price":45.85},{"type":"B","date":"2018-04-23T05:44:55.000Z","volume":200,"label":" ","price":45.85},{"type":"B","date":"2018-04-23T05:44:55.000Z","volume":100,"label":" ","price":45.85},{"type":"B","date":"2018-04-23T05:45:17.000Z","volume":300,"label":" ","price":45.85},{"type":"B","date":"2018-04-23T05:45:17.000Z","volume":700,"label":" ","price":45.85},{"type":"B","date":"2018-04-23T05:45:17.000Z","volume":100,"label":" ","price":45.85},{"type":"B","date":"2018-04-23T05:45:30.000Z","volume":200,"label":" ","price":45.85},{"type":"B","date":"2018-04-23T05:45:45.000Z","volume":100,"label":" ","price":45.85},{"type":"B","date":"2018-04-23T05:45:48.000Z","volume":100,"label":" ","price":45.85},{"type":"B","date":"2018-04-23T05:47:22.000Z","volume":200,"label":" ","price":45.85},{"type":"B","date":"2018-04-23T05:47:22.000Z","volume":100,"label":" ","price":45.85},{"type":"B","date":"2018-04-23T05:47:46.000Z","volume":100,"label":" ","price":45.85},{"type":"A","date":"2018-04-23T05:48:06.000Z","volume":2800,"label":" ","price":45.9},{"type":"B","date":"2018-04-23T05:49:32.000Z","volume":300,"label":" ","price":45.85},{"type":"B","date":"2018-04-23T05:49:34.000Z","volume":200,"label":" ","price":45.85},{"type":"B","date":"2018-04-23T05:49:39.000Z","volume":500,"label":" ","price":45.85},{"type":"A","date":"2018-04-23T05:50:24.000Z","volume":100,"label":" ","price":45.9},{"type":"B","date":"2018-04-23T05:52:17.000Z","volume":200,"label":"Y","price":45.85},{"type":"B","date":"2018-04-23T05:52:17.000Z","volume":200,"label":" ","price":45.85},{"type":"B","date":"2018-04-23T05:52:24.000Z","volume":200,"label":" ","price":45.85},{"type":"B","date":"2018-04-23T05:52:45.000Z","volume":600,"label":" ","price":45.85},{"type":"B","date":"2018-04-23T05:53:31.000Z","volume":100,"label":" ","price":45.85},{"type":"B","date":"2018-04-23T05:53:33.000Z","volume":100,"label":" ","price":45.85},{"type":"B","date":"2018-04-23T05:54:02.000Z","volume":700,"label":" ","price":45.85},{"type":"B","date":"2018-04-23T05:54:19.000Z","volume":200,"label":" ","price":45.85},{"type":"A","date":"2018-04-23T05:55:31.000Z","volume":300,"label":" ","price":45.9},{"type":"B","date":"2018-04-23T05:56:04.000Z","volume":100,"label":" ","price":45.85},{"type":"B","date":"2018-04-23T05:56:36.000Z","volume":400,"label":" ","price":45.85},{"type":"B","date":"2018-04-23T05:57:31.000Z","volume":100,"label":" ","price":45.85},{"type":"B","date":"2018-04-23T05:57:54.000Z","volume":200,"label":" ","price":45.85},{"type":"B","date":"2018-04-23T05:58:02.000Z","volume":400,"label":"Y","price":45.85},{"type":"B","date":"2018-04-23T05:58:02.000Z","volume":300,"label":" ","price":45.85},{"type":"B","date":"2018-04-23T05:58:02.000Z","volume":500,"label":" ","price":45.85},{"type":"B","date":"2018-04-23T05:58:02.000Z","volume":500,"label":" ","price":45.85},{"type":"B","date":"2018-04-23T05:58:02.000Z","volume":300,"label":"Y","price":45.85},{"type":"B","date":"2018-04-23T05:58:02.000Z","volume":100,"label":" ","price":45.85},{"type":"B","date":"2018-04-23T05:58:02.000Z","volume":1100,"label":" ","price":45.85},{"type":"A","date":"2018-04-23T05:58:02.000Z","volume":200,"label":" ","price":45.85},{"type":"B","date":"2018-04-23T05:58:03.000Z","volume":100,"label":" ","price":45.85},{"type":"A","date":"2018-04-23T05:58:06.000Z","volume":100,"label":" ","price":45.85},{"type":"A","date":"2018-04-23T05:58:49.000Z","volume":1600,"label":" ","price":45.85},{"type":"B","date":"2018-04-23T05:59:14.000Z","volume":1100,"label":" ","price":45.8},{"type":"A","date":"2018-04-23T06:01:22.000Z","volume":1300,"label":" ","price":45.85},{"type":"A","date":"2018-04-23T06:01:23.000Z","volume":200,"label":"Y","price":45.85},{"type":"A","date":"2018-04-23T06:01:23.000Z","volume":2800,"label":" ","price":45.85},{"type":"A","date":"2018-04-23T06:02:48.000Z","volume":800,"label":" ","price":45.85},{"type":"A","date":"2018-04-23T06:02:48.000Z","volume":1600,"label":" ","price":45.85},{"type":"A","date":"2018-04-23T06:03:32.000Z","volume":400,"label":" ","price":45.9},{"type":"A","date":"2018-04-23T06:03:32.000Z","volume":500,"label":" ","price":45.9},{"type":"A","date":"2018-04-23T06:03:39.000Z","volume":100,"label":" ","price":45.85},{"type":"A","date":"2018-04-23T06:04:18.000Z","volume":100,"label":" ","price":45.9},{"type":"B","date":"2018-04-23T06:04:23.000Z","volume":200,"label":" ","price":45.8},{"type":"A","date":"2018-04-23T06:06:30.000Z","volume":100,"label":" ","price":45.85},{"type":"A","date":"2018-04-23T06:06:32.000Z","volume":400,"label":" ","price":45.85},{"type":"A","date":"2018-04-23T06:06:32.000Z","volume":600,"label":" ","price":45.85},{"type":"A","date":"2018-04-23T06:06:32.000Z","volume":300,"label":" ","price":45.85},{"type":"A","date":"2018-04-23T06:06:56.000Z","volume":400,"label":" ","price":45.85},{"type":"A","date":"2018-04-23T06:07:05.000Z","volume":400,"label":" ","price":45.85},{"type":"A","date":"2018-04-23T06:07:05.000Z","volume":100,"label":" ","price":45.85},{"type":"A","date":"2018-04-23T06:07:05.000Z","volume":100,"label":" ","price":45.85},{"type":"A","date":"2018-04-23T06:07:16.000Z","volume":100,"label":" ","price":45.85},{"type":"A","date":"2018-04-23T06:07:16.000Z","volume":100,"label":" ","price":45.85},{"type":"A","date":"2018-04-23T06:07:27.000Z","volume":100,"label":" ","price":45.85},{"type":"A","date":"2018-04-23T06:07:57.000Z","volume":500,"label":" ","price":45.85},{"type":"A","date":"2018-04-23T06:08:07.000Z","volume":100,"label":" ","price":45.85},{"type":"A","date":"2018-04-23T06:08:17.000Z","volume":100,"label":" ","price":45.85},{"type":"A","date":"2018-04-23T06:08:28.000Z","volume":100,"label":" ","price":45.85},{"type":"A","date":"2018-04-23T06:08:35.000Z","volume":300,"label":" ","price":45.85},{"type":"A","date":"2018-04-23T06:08:35.000Z","volume":100,"label":" ","price":45.85},{"type":"A","date":"2018-04-23T06:08:45.000Z","volume":300,"label":" ","price":45.85},{"type":"A","date":"2018-04-23T06:08:45.000Z","volume":100,"label":" ","price":45.85},{"type":"A","date":"2018-04-23T06:08:58.000Z","volume":200,"label":" ","price":45.85},{"type":"A","date":"2018-04-23T06:09:28.000Z","volume":500,"label":" ","price":45.85},{"type":"A","date":"2018-04-23T06:09:50.000Z","volume":200,"label":"Y","price":45.85},{"type":"A","date":"2018-04-23T06:09:50.000Z","volume":100,"label":" ","price":45.85},{"type":"A","date":"2018-04-23T06:09:50.000Z","volume":100,"label":" ","price":45.85},{"type":"A","date":"2018-04-23T06:09:50.000Z","volume":100,"label":" ","price":45.85},{"type":"A","date":"2018-04-23T06:09:59.000Z","volume":100,"label":" ","price":45.85},{"type":"B","date":"2018-04-23T06:10:23.000Z","volume":200,"label":" ","price":45.8},{"type":"A","date":"2018-04-23T06:10:23.000Z","volume":400,"label":" ","price":45.85},{"type":"A","date":"2018-04-23T06:10:29.000Z","volume":100,"label":" ","price":45.85},{"type":"A","date":"2018-04-23T06:12:04.000Z","volume":300,"label":" ","price":45.9},{"type":"A","date":"2018-04-23T06:12:27.000Z","volume":100,"label":" ","price":45.9},{"type":"A","date":"2018-04-23T06:12:31.000Z","volume":100,"label":" ","price":45.85},{"type":"A","date":"2018-04-23T06:12:32.000Z","volume":200,"label":" ","price":45.85},{"type":"B","date":"2018-04-23T06:12:32.000Z","volume":100,"label":"Y","price":45.85},{"type":"B","date":"2018-04-23T06:12:32.000Z","volume":200,"label":" ","price":45.85},{"type":"A","date":"2018-04-23T06:12:47.000Z","volume":300,"label":" ","price":45.9},{"type":"B","date":"2018-04-23T06:12:48.000Z","volume":300,"label":" ","price":45.85},{"type":"B","date":"2018-04-23T06:14:48.000Z","volume":300,"label":" ","price":45.85},{"type":"A","date":"2018-04-23T06:16:04.000Z","volume":3200,"label":" ","price":45.9},{"type":"B","date":"2018-04-23T06:16:25.000Z","volume":200,"label":" ","price":45.85},{"type":"A","date":"2018-04-23T06:18:13.000Z","volume":400,"label":" ","price":45.9},{"type":"A","date":"2018-04-23T06:18:13.000Z","volume":6000,"label":" ","price":45.9},{"type":"A","date":"2018-04-23T06:18:45.000Z","volume":100,"label":" ","price":45.9},{"type":"A","date":"2018-04-23T06:19:35.000Z","volume":300,"label":" ","price":45.9},{"type":"A","date":"2018-04-23T06:20:47.000Z","volume":100,"label":" ","price":45.9},{"type":"A","date":"2018-04-23T06:21:01.000Z","volume":100,"label":" ","price":45.9},{"type":"A","date":"2018-04-23T06:21:38.000Z","volume":3000,"label":" ","price":45.9},{"type":"B","date":"2018-04-23T06:22:26.000Z","volume":200,"label":" ","price":45.85},{"type":"A","date":"2018-04-23T06:22:32.000Z","volume":100,"label":"Y","price":45.9},{"type":"A","date":"2018-04-23T06:22:32.000Z","volume":400,"label":" ","price":45.9},{"type":"A","date":"2018-04-23T06:22:32.000Z","volume":500,"label":" ","price":45.9},{"type":"B","date":"2018-04-23T06:23:47.000Z","volume":300,"label":"Y","price":45.85},{"type":"B","date":"2018-04-23T06:23:47.000Z","volume":400,"label":" ","price":45.85},{"type":"A","date":"2018-04-23T06:23:47.000Z","volume":100,"label":" ","price":45.9},{"type":"B","date":"2018-04-23T06:24:04.000Z","volume":200,"label":" ","price":45.85},{"type":"B","date":"2018-04-23T06:25:02.000Z","volume":100,"label":"Y","price":45.85},{"type":"B","date":"2018-04-23T06:25:02.000Z","volume":200,"label":" ","price":45.85},{"type":"B","date":"2018-04-23T06:25:02.000Z","volume":200,"label":"Y","price":45.85},{"type":"B","date":"2018-04-23T06:25:02.000Z","volume":500,"label":" ","price":45.85},{"type":"B","date":"2018-04-23T06:25:02.000Z","volume":200,"label":"Y","price":45.85},{"type":"B","date":"2018-04-23T06:25:02.000Z","volume":100,"label":" ","price":45.85},{"type":"B","date":"2018-04-23T06:25:02.000Z","volume":200,"label":"Y","price":45.85},{"type":"B","date":"2018-04-23T06:25:02.000Z","volume":100,"label":" ","price":45.85},{"type":"B","date":"2018-04-23T06:25:03.000Z","volume":100,"label":" ","price":45.85},{"type":"B","date":"2018-04-23T06:25:48.000Z","volume":200,"label":"Y","price":45.85},{"type":"B","date":"2018-04-23T06:25:48.000Z","volume":100,"label":" ","price":45.85},{"type":"B","date":"2018-04-23T06:25:48.000Z","volume":100,"label":" ","price":45.85},{"type":"B","date":"2018-04-23T06:26:08.000Z","volume":100,"label":" ","price":45.85},{"type":"B","date":"2018-04-23T06:27:33.000Z","volume":300,"label":"Y","price":45.85},{"type":"B","date":"2018-04-23T06:27:39.000Z","volume":300,"label":" ","price":45.85},{"type":"B","date":"2018-04-23T06:28:15.000Z","volume":200,"label":" ","price":45.85},{"type":"B","date":"2018-04-23T06:28:27.000Z","volume":200,"label":" ","price":45.85},{"type":"B","date":"2018-04-23T06:28:27.000Z","volume":100,"label":" ","price":45.85},{"type":"A","date":"2018-04-23T06:28:55.000Z","volume":100,"label":" ","price":45.9},{"type":"B","date":"2018-04-23T06:28:56.000Z","volume":300,"label":" ","price":45.85},{"type":"B","date":"2018-04-23T06:30:03.000Z","volume":100,"label":"Y","price":45.85},{"type":"B","date":"2018-04-23T06:30:03.000Z","volume":200,"label":" ","price":45.85},{"type":"B","date":"2018-04-23T06:30:09.000Z","volume":400,"label":" ","price":45.85},{"type":"B","date":"2018-04-23T06:30:45.000Z","volume":200,"label":" ","price":45.85},{"type":"A","date":"2018-04-23T06:30:55.000Z","volume":3400,"label":" ","price":45.9},{"type":"B","date":"2018-04-23T06:34:01.000Z","volume":200,"label":" ","price":45.85},{"type":"A","date":"2018-04-23T06:34:19.000Z","volume":100,"label":" ","price":45.9},{"type":"B","date":"2018-04-23T06:34:49.000Z","volume":100,"label":" ","price":45.85},{"type":"B","date":"2018-04-23T06:35:35.000Z","volume":100,"label":" ","price":45.85},{"type":"B","date":"2018-04-23T06:36:47.000Z","volume":300,"label":" ","price":45.85},{"type":"B","date":"2018-04-23T06:36:57.000Z","volume":500,"label":" ","price":45.85},{"type":"A","date":"2018-04-23T06:36:57.000Z","volume":100,"label":" ","price":45.9},{"type":"A","date":"2018-04-23T06:37:21.000Z","volume":3300,"label":" ","price":45.9},{"type":"B","date":"2018-04-23T06:37:21.000Z","volume":100,"label":" ","price":45.85},{"type":"A","date":"2018-04-23T06:37:34.000Z","volume":100,"label":" ","price":45.9},{"type":"B","date":"2018-04-23T06:38:02.000Z","volume":100,"label":"Y","price":45.85},{"type":"B","date":"2018-04-23T06:38:02.000Z","volume":300,"label":" ","price":45.85},{"type":"B","date":"2018-04-23T06:39:32.000Z","volume":300,"label":" ","price":45.85},{"type":"B","date":"2018-04-23T06:39:44.000Z","volume":100,"label":" ","price":45.85},{"type":"A","date":"2018-04-23T06:39:47.000Z","volume":100,"label":"Y","price":45.9},{"type":"A","date":"2018-04-23T06:39:47.000Z","volume":300,"label":" ","price":45.9},{"type":"A","date":"2018-04-23T06:39:47.000Z","volume":400,"label":" ","price":45.9},{"type":"A","date":"2018-04-23T06:39:47.000Z","volume":100,"label":" ","price":45.9},{"type":"B","date":"2018-04-23T06:40:00.000Z","volume":200,"label":" ","price":45.85},{"type":"B","date":"2018-04-23T06:40:01.000Z","volume":100,"label":" ","price":45.85},{"type":"B","date":"2018-04-23T06:40:47.000Z","volume":400,"label":" ","price":45.85},{"type":"B","date":"2018-04-23T06:40:49.000Z","volume":100,"label":" ","price":45.85},{"type":"B","date":"2018-04-23T06:42:32.000Z","volume":300,"label":" ","price":45.85},{"type":"B","date":"2018-04-23T06:42:32.000Z","volume":100,"label":" ","price":45.85},{"type":"A","date":"2018-04-23T06:42:32.000Z","volume":100,"label":" ","price":45.9},{"type":"B","date":"2018-04-23T06:42:39.000Z","volume":100,"label":" ","price":45.85},{"type":"B","date":"2018-04-23T06:42:41.000Z","volume":100,"label":" ","price":45.85},{"type":"A","date":"2018-04-23T06:43:17.000Z","volume":400,"label":" ","price":45.9},{"type":"A","date":"2018-04-23T06:43:17.000Z","volume":300,"label":"Y","price":45.9},{"type":"A","date":"2018-04-23T06:43:17.000Z","volume":100,"label":" ","price":45.9},{"type":"B","date":"2018-04-23T06:43:17.000Z","volume":100,"label":" ","price":45.85},{"type":"A","date":"2018-04-23T06:43:18.000Z","volume":100,"label":" ","price":45.9},{"type":"B","date":"2018-04-23T06:43:29.000Z","volume":200,"label":" ","price":45.85},{"type":"B","date":"2018-04-23T06:44:02.000Z","volume":300,"label":" ","price":45.85},{"type":"B","date":"2018-04-23T06:44:02.000Z","volume":100,"label":" ","price":45.85},{"type":"B","date":"2018-04-23T06:44:18.000Z","volume":600,"label":" ","price":45.85},{"type":"B","date":"2018-04-23T06:44:18.000Z","volume":100,"label":" ","price":45.85},{"type":"B","date":"2018-04-23T06:44:25.000Z","volume":200,"label":" ","price":45.85},{"type":"B","date":"2018-04-23T06:44:26.000Z","volume":100,"label":" ","price":45.85},{"type":"B","date":"2018-04-23T06:44:43.000Z","volume":100,"label":" ","price":45.85},{"type":"B","date":"2018-04-23T06:44:43.000Z","volume":100,"label":" ","price":45.85},{"type":"B","date":"2018-04-23T06:44:47.000Z","volume":100,"label":" ","price":45.85},{"type":"A","date":"2018-04-23T06:45:09.000Z","volume":100,"label":" ","price":45.9},{"type":"B","date":"2018-04-23T06:45:17.000Z","volume":400,"label":" ","price":45.85},{"type":"B","date":"2018-04-23T06:45:17.000Z","volume":100,"label":" ","price":45.85},{"type":"B","date":"2018-04-23T06:45:29.000Z","volume":100,"label":" ","price":45.85},{"type":"B","date":"2018-04-23T06:45:39.000Z","volume":200,"label":" ","price":45.85},{"type":"A","date":"2018-04-23T06:46:45.000Z","volume":100,"label":" ","price":45.9},{"type":"B","date":"2018-04-23T06:46:45.000Z","volume":100,"label":" ","price":45.85},{"type":"B","date":"2018-04-23T06:46:47.000Z","volume":400,"label":" ","price":45.85},{"type":"B","date":"2018-04-23T06:46:47.000Z","volume":1400,"label":" ","price":45.85},{"type":"B","date":"2018-04-23T06:46:47.000Z","volume":900,"label":" ","price":45.85},{"type":"B","date":"2018-04-23T06:46:49.000Z","volume":200,"label":" ","price":45.85},{"type":"B","date":"2018-04-23T06:46:50.000Z","volume":200,"label":" ","price":45.85},{"type":"A","date":"2018-04-23T06:46:55.000Z","volume":300,"label":" ","price":45.85},{"type":"B","date":"2018-04-23T06:47:08.000Z","volume":400,"label":" ","price":45.8},{"type":"B","date":"2018-04-23T06:47:10.000Z","volume":100,"label":" ","price":45.8},{"type":"B","date":"2018-04-23T06:47:34.000Z","volume":100,"label":" ","price":45.8},{"type":"B","date":"2018-04-23T06:48:17.000Z","volume":300,"label":" ","price":45.8},{"type":"B","date":"2018-04-23T06:48:17.000Z","volume":100,"label":" ","price":45.8},{"type":"A","date":"2018-04-23T06:48:21.000Z","volume":1900,"label":" ","price":45.85},{"type":"A","date":"2018-04-23T06:48:21.000Z","volume":500,"label":" ","price":45.85},{"type":"B","date":"2018-04-23T06:48:29.000Z","volume":600,"label":" ","price":45.8},{"type":"B","date":"2018-04-23T06:48:39.000Z","volume":200,"label":" ","price":45.8},{"type":"B","date":"2018-04-23T06:49:17.000Z","volume":300,"label":" ","price":45.8},{"type":"B","date":"2018-04-23T06:49:17.000Z","volume":100,"label":" ","price":45.8},{"type":"B","date":"2018-04-23T06:50:26.000Z","volume":200,"label":" ","price":45.8},{"type":"B","date":"2018-04-23T06:50:26.000Z","volume":100,"label":" ","price":45.8},{"type":"B","date":"2018-04-23T06:50:32.000Z","volume":300,"label":" ","price":45.8},{"type":"B","date":"2018-04-23T06:50:39.000Z","volume":100,"label":" ","price":45.8},{"type":"A","date":"2018-04-23T06:51:05.000Z","volume":1500,"label":" ","price":45.85},{"type":"B","date":"2018-04-23T06:51:05.000Z","volume":1400,"label":" ","price":45.8},{"type":"B","date":"2018-04-23T06:51:19.000Z","volume":300,"label":" ","price":45.8},{"type":"B","date":"2018-04-23T06:51:29.000Z","volume":100,"label":" ","price":45.8},{"type":"B","date":"2018-04-23T06:51:47.000Z","volume":400,"label":" ","price":45.8},{"type":"B","date":"2018-04-23T06:51:47.000Z","volume":100,"label":" ","price":45.8},{"type":"B","date":"2018-04-23T06:51:50.000Z","volume":200,"label":" ","price":45.8},{"type":"B","date":"2018-04-23T06:51:59.000Z","volume":100,"label":" ","price":45.8},{"type":"B","date":"2018-04-23T06:53:02.000Z","volume":100,"label":" ","price":45.8},{"type":"A","date":"2018-04-23T06:53:26.000Z","volume":100,"label":" ","price":45.85},{"type":"B","date":"2018-04-23T06:53:32.000Z","volume":400,"label":" ","price":45.8},{"type":"B","date":"2018-04-23T06:53:32.000Z","volume":100,"label":" ","price":45.8},{"type":"A","date":"2018-04-23T06:53:35.000Z","volume":1400,"label":" ","price":45.85},{"type":"A","date":"2018-04-23T06:54:02.000Z","volume":400,"label":" ","price":45.85},{"type":"A","date":"2018-04-23T06:54:02.000Z","volume":400,"label":" ","price":45.85},{"type":"A","date":"2018-04-23T06:54:03.000Z","volume":100,"label":" ","price":45.85},{"type":"B","date":"2018-04-23T06:55:02.000Z","volume":300,"label":" ","price":45.8},{"type":"A","date":"2018-04-23T06:55:56.000Z","volume":400,"label":" ","price":45.85},{"type":"B","date":"2018-04-23T06:56:04.000Z","volume":100,"label":" ","price":45.8},{"type":"A","date":"2018-04-23T06:56:07.000Z","volume":1400,"label":" ","price":45.85},{"type":"A","date":"2018-04-23T06:56:10.000Z","volume":100,"label":" ","price":45.85},{"type":"B","date":"2018-04-23T06:56:17.000Z","volume":400,"label":" ","price":45.8},{"type":"A","date":"2018-04-23T06:56:18.000Z","volume":500,"label":" ","price":45.85},{"type":"B","date":"2018-04-23T06:56:27.000Z","volume":200,"label":" ","price":45.8},{"type":"A","date":"2018-04-23T06:57:02.000Z","volume":400,"label":" ","price":45.85},{"type":"A","date":"2018-04-23T06:57:02.000Z","volume":400,"label":" ","price":45.85},{"type":"B","date":"2018-04-23T06:57:32.000Z","volume":400,"label":" ","price":45.8},{"type":"A","date":"2018-04-23T06:57:47.000Z","volume":8900,"label":" ","price":45.85},{"type":"A","date":"2018-04-23T06:57:47.000Z","volume":400,"label":" ","price":45.85},{"type":"A","date":"2018-04-23T06:57:47.000Z","volume":1300,"label":" ","price":45.85},{"type":"B","date":"2018-04-23T06:57:47.000Z","volume":300,"label":" ","price":45.85},{"type":"A","date":"2018-04-23T06:59:22.000Z","volume":200,"label":" ","price":45.9},{"type":"A","date":"2018-04-23T06:59:47.000Z","volume":400,"label":" ","price":45.9},{"type":"A","date":"2018-04-23T06:59:47.000Z","volume":400,"label":" ","price":45.9},{"type":"A","date":"2018-04-23T07:00:13.000Z","volume":500,"label":" ","price":45.9},{"type":"A","date":"2018-04-23T07:01:11.000Z","volume":2900,"label":" ","price":45.9},{"type":"B","date":"2018-04-23T07:01:19.000Z","volume":100,"label":" ","price":45.85},{"type":"A","date":"2018-04-23T07:01:30.000Z","volume":300,"label":" ","price":45.9},{"type":"B","date":"2018-04-23T07:01:30.000Z","volume":100,"label":" ","price":45.85},{"type":"A","date":"2018-04-23T07:01:53.000Z","volume":100,"label":" ","price":45.9},{"type":"B","date":"2018-04-23T07:02:28.000Z","volume":200,"label":" ","price":45.85},{"type":"B","date":"2018-04-23T07:02:28.000Z","volume":100,"label":" ","price":45.85},{"type":"A","date":"2018-04-23T07:03:32.000Z","volume":500,"label":" ","price":45.9},{"type":"A","date":"2018-04-23T07:03:32.000Z","volume":700,"label":" ","price":45.9},{"type":"B","date":"2018-04-23T07:03:32.000Z","volume":100,"label":" ","price":45.85},{"type":"B","date":"2018-04-23T07:03:32.000Z","volume":400,"label":" ","price":45.85},{"type":"B","date":"2018-04-23T07:03:44.000Z","volume":300,"label":" ","price":45.85},{"type":"B","date":"2018-04-23T07:03:54.000Z","volume":100,"label":" ","price":45.85},{"type":"B","date":"2018-04-23T07:05:02.000Z","volume":600,"label":" ","price":45.85},{"type":"B","date":"2018-04-23T07:05:02.000Z","volume":100,"label":" ","price":45.85},{"type":"B","date":"2018-04-23T07:05:14.000Z","volume":100,"label":" ","price":45.85},{"type":"A","date":"2018-04-23T07:05:24.000Z","volume":600,"label":" ","price":45.9},{"type":"B","date":"2018-04-23T07:05:24.000Z","volume":200,"label":" ","price":45.85},{"type":"A","date":"2018-04-23T07:06:16.000Z","volume":1400,"label":" ","price":45.9},{"type":"B","date":"2018-04-23T07:06:47.000Z","volume":500,"label":" ","price":45.85},{"type":"A","date":"2018-04-23T07:07:02.000Z","volume":400,"label":" ","price":45.9},{"type":"A","date":"2018-04-23T07:07:02.000Z","volume":600,"label":" ","price":45.9},{"type":"B","date":"2018-04-23T07:07:18.000Z","volume":100,"label":" ","price":45.85},{"type":"B","date":"2018-04-23T07:08:17.000Z","volume":400,"label":" ","price":45.85},{"type":"B","date":"2018-04-23T07:08:29.000Z","volume":200,"label":" ","price":45.85},{"type":"A","date":"2018-04-23T07:08:48.000Z","volume":1000,"label":" ","price":45.9},{"type":"B","date":"2018-04-23T07:09:17.000Z","volume":500,"label":" ","price":45.85},{"type":"B","date":"2018-04-23T07:09:17.000Z","volume":100,"label":" ","price":45.85},{"type":"B","date":"2018-04-23T07:09:18.000Z","volume":100,"label":" ","price":45.85},{"type":"B","date":"2018-04-23T07:09:29.000Z","volume":100,"label":" ","price":45.85},{"type":"A","date":"2018-04-23T07:09:47.000Z","volume":400,"label":" ","price":45.9},{"type":"A","date":"2018-04-23T07:09:47.000Z","volume":400,"label":" ","price":45.9},{"type":"A","date":"2018-04-23T07:10:49.000Z","volume":1200,"label":" ","price":45.9},{"type":"B","date":"2018-04-23T07:11:02.000Z","volume":500,"label":" ","price":45.85},{"type":"B","date":"2018-04-23T07:11:28.000Z","volume":100,"label":" ","price":45.85},{"type":"B","date":"2018-04-23T07:12:32.000Z","volume":500,"label":" ","price":45.85},{"type":"A","date":"2018-04-23T07:12:35.000Z","volume":400,"label":" ","price":45.9},{"type":"B","date":"2018-04-23T07:12:49.000Z","volume":100,"label":" ","price":45.85},{"type":"A","date":"2018-04-23T07:12:51.000Z","volume":1100,"label":" ","price":45.9},{"type":"A","date":"2018-04-23T07:14:02.000Z","volume":500,"label":"Y","price":45.9},{"type":"A","date":"2018-04-23T07:14:02.000Z","volume":200,"label":"Y","price":45.9},{"type":"A","date":"2018-04-23T07:14:02.000Z","volume":300,"label":" ","price":45.9},{"type":"B","date":"2018-04-23T07:14:30.000Z","volume":200,"label":" ","price":45.85},{"type":"B","date":"2018-04-23T07:14:31.000Z","volume":700,"label":" ","price":45.85},{"type":"B","date":"2018-04-23T07:14:35.000Z","volume":700,"label":" ","price":45.85},{"type":"B","date":"2018-04-23T07:14:39.000Z","volume":300,"label":" ","price":45.85},{"type":"A","date":"2018-04-23T07:14:53.000Z","volume":400,"label":"Y","price":45.9},{"type":"A","date":"2018-04-23T07:14:53.000Z","volume":800,"label":" ","price":45.9},{"type":"B","date":"2018-04-23T07:14:59.000Z","volume":300,"label":" ","price":45.85},{"type":"A","date":"2018-04-23T07:15:00.000Z","volume":200,"label":" ","price":45.9},{"type":"B","date":"2018-04-23T07:15:09.000Z","volume":200,"label":" ","price":45.85},{"type":"A","date":"2018-04-23T07:15:36.000Z","volume":100,"label":" ","price":45.9},{"type":"A","date":"2018-04-23T07:16:03.000Z","volume":400,"label":" ","price":45.9},{"type":"B","date":"2018-04-23T07:16:19.000Z","volume":100,"label":" ","price":45.85},{"type":"B","date":"2018-04-23T07:16:32.000Z","volume":400,"label":" ","price":45.85},{"type":"A","date":"2018-04-23T07:16:32.000Z","volume":500,"label":" ","price":45.9},{"type":"A","date":"2018-04-23T07:16:55.000Z","volume":1100,"label":" ","price":45.9},{"type":"A","date":"2018-04-23T07:17:02.000Z","volume":400,"label":" ","price":45.9},{"type":"A","date":"2018-04-23T07:17:02.000Z","volume":400,"label":" ","price":45.9},{"type":"A","date":"2018-04-23T07:17:02.000Z","volume":500,"label":" ","price":45.9},{"type":"B","date":"2018-04-23T07:17:32.000Z","volume":800,"label":" ","price":45.85},{"type":"A","date":"2018-04-23T07:17:57.000Z","volume":200,"label":" ","price":45.9},{"type":"A","date":"2018-04-23T07:18:27.000Z","volume":600,"label":" ","price":45.9},{"type":"A","date":"2018-04-23T07:18:27.000Z","volume":900,"label":" ","price":45.9},{"type":"A","date":"2018-04-23T07:18:48.000Z","volume":100,"label":" ","price":45.9},{"type":"B","date":"2018-04-23T07:19:47.000Z","volume":500,"label":" ","price":45.85},{"type":"A","date":"2018-04-23T07:19:51.000Z","volume":500,"label":" ","price":45.9},{"type":"A","date":"2018-04-23T07:20:27.000Z","volume":1200,"label":" ","price":45.9},{"type":"A","date":"2018-04-23T07:20:32.000Z","volume":200,"label":" ","price":45.9},{"type":"B","date":"2018-04-23T07:20:36.000Z","volume":100,"label":" ","price":45.85},{"type":"A","date":"2018-04-23T07:20:47.000Z","volume":400,"label":" ","price":45.9},{"type":"A","date":"2018-04-23T07:20:47.000Z","volume":500,"label":" ","price":45.9},{"type":"B","date":"2018-04-23T07:21:17.000Z","volume":600,"label":" ","price":45.85},{"type":"A","date":"2018-04-23T07:21:19.000Z","volume":100,"label":" ","price":45.9},{"type":"A","date":"2018-04-23T07:21:39.000Z","volume":100,"label":" ","price":45.9},{"type":"B","date":"2018-04-23T07:21:52.000Z","volume":100,"label":" ","price":45.85},{"type":"A","date":"2018-04-23T07:22:29.000Z","volume":1200,"label":" ","price":45.9},{"type":"A","date":"2018-04-23T07:23:02.000Z","volume":500,"label":" ","price":45.9},{"type":"A","date":"2018-04-23T07:23:02.000Z","volume":500,"label":" ","price":45.9},{"type":"A","date":"2018-04-23T07:23:34.000Z","volume":200,"label":" ","price":45.9},{"type":"B","date":"2018-04-23T07:24:02.000Z","volume":500,"label":" ","price":45.85},{"type":"A","date":"2018-04-23T07:24:30.000Z","volume":1200,"label":" ","price":45.9},{"type":"B","date":"2018-04-23T07:24:39.000Z","volume":100,"label":" ","price":45.85},{"type":"B","date":"2018-04-23T07:25:02.000Z","volume":500,"label":" ","price":45.85},{"type":"B","date":"2018-04-23T07:25:02.000Z","volume":100,"label":" ","price":45.85},{"type":"A","date":"2018-04-23T07:25:26.000Z","volume":200,"label":" ","price":45.9},{"type":"B","date":"2018-04-23T07:25:26.000Z","volume":100,"label":" ","price":45.85},{"type":"A","date":"2018-04-23T07:25:32.000Z","volume":100,"label":"Y","price":45.9},{"type":"A","date":"2018-04-23T07:25:32.000Z","volume":500,"label":" ","price":45.9},{"type":"A","date":"2018-04-23T07:25:32.000Z","volume":500,"label":" ","price":45.9},{"type":"A","date":"2018-04-23T07:25:32.000Z","volume":800,"label":" ","price":45.9},{"type":"A","date":"2018-04-23T07:26:02.000Z","volume":900,"label":" ","price":45.9},{"type":"A","date":"2018-04-23T07:26:02.000Z","volume":200,"label":" ","price":45.9},{"type":"A","date":"2018-04-23T07:26:14.000Z","volume":100,"label":" ","price":45.9},{"type":"B","date":"2018-04-23T07:26:32.000Z","volume":600,"label":" ","price":45.85},{"type":"A","date":"2018-04-23T07:26:45.000Z","volume":100,"label":" ","price":45.9},{"type":"A","date":"2018-04-23T07:26:59.000Z","volume":4400,"label":" ","price":45.9},{"type":"B","date":"2018-04-23T07:26:59.000Z","volume":400,"label":" ","price":45.9},{"type":"A","date":"2018-04-23T07:26:59.000Z","volume":100,"label":" ","price":45.9},{"type":"A","date":"2018-04-23T07:26:59.000Z","volume":100,"label":" ","price":45.9},{"type":"A","date":"2018-04-23T07:26:59.000Z","volume":100,"label":" ","price":45.9},{"type":"A","date":"2018-04-23T07:27:02.000Z","volume":500,"label":"Y","price":45.9},{"type":"A","date":"2018-04-23T07:27:02.000Z","volume":300,"label":" ","price":45.9},{"type":"A","date":"2018-04-23T07:27:02.000Z","volume":400,"label":"Y","price":45.9},{"type":"B","date":"2018-04-23T07:27:20.000Z","volume":1300,"label":" ","price":45.9},{"type":"A","date":"2018-04-23T07:28:37.000Z","volume":100,"label":" ","price":45.9},{"type":"A","date":"2018-04-23T07:28:42.000Z","volume":100,"label":" ","price":45.9},{"type":"A","date":"2018-04-23T07:28:47.000Z","volume":200,"label":" ","price":45.9},{"type":"A","date":"2018-04-23T07:29:04.000Z","volume":600,"label":" ","price":45.9},{"type":"A","date":"2018-04-23T07:30:05.000Z","volume":1000,"label":" ","price":45.9},{"type":"A","date":"2018-04-23T07:30:44.000Z","volume":400,"label":" ","price":45.9},{"type":"A","date":"2018-04-23T07:32:07.000Z","volume":1400,"label":" ","price":45.9},{"type":"A","date":"2018-04-23T07:32:17.000Z","volume":600,"label":"Y","price":45.9},{"type":"A","date":"2018-04-23T07:32:17.000Z","volume":100,"label":"Y","price":45.9},{"type":"A","date":"2018-04-23T07:32:17.000Z","volume":500,"label":" ","price":45.9},{"type":"B","date":"2018-04-23T07:33:32.000Z","volume":700,"label":" ","price":45.85},{"type":"A","date":"2018-04-23T07:33:37.000Z","volume":500,"label":" ","price":45.9},{"type":"A","date":"2018-04-23T07:34:07.000Z","volume":300,"label":" ","price":45.9},{"type":"A","date":"2018-04-23T07:34:20.000Z","volume":600,"label":" ","price":45.9},{"type":"B","date":"2018-04-23T07:34:47.000Z","volume":600,"label":" ","price":45.85},{"type":"A","date":"2018-04-23T07:35:40.000Z","volume":1600,"label":" ","price":45.9},{"type":"A","date":"2018-04-23T07:35:47.000Z","volume":600,"label":" ","price":45.9},{"type":"A","date":"2018-04-23T07:35:47.000Z","volume":600,"label":" ","price":45.9},{"type":"B","date":"2018-04-23T07:35:50.000Z","volume":100,"label":" ","price":45.85},{"type":"B","date":"2018-04-23T07:36:17.000Z","volume":800,"label":" ","price":45.85},{"type":"B","date":"2018-04-23T07:36:17.000Z","volume":200,"label":" ","price":45.85},{"type":"A","date":"2018-04-23T07:37:09.000Z","volume":300,"label":" ","price":45.9},{"type":"B","date":"2018-04-23T07:37:09.000Z","volume":100,"label":" ","price":45.85},{"type":"A","date":"2018-04-23T07:37:21.000Z","volume":100,"label":" ","price":45.9},{"type":"B","date":"2018-04-23T07:37:21.000Z","volume":100,"label":" ","price":45.85},{"type":"A","date":"2018-04-23T07:37:22.000Z","volume":900,"label":" ","price":45.9},{"type":"A","date":"2018-04-23T07:37:59.000Z","volume":1800,"label":" ","price":45.9},{"type":"B","date":"2018-04-23T07:38:47.000Z","volume":600,"label":" ","price":45.85},{"type":"A","date":"2018-04-23T07:38:49.000Z","volume":300,"label":" ","price":45.9},{"type":"A","date":"2018-04-23T07:39:17.000Z","volume":700,"label":" ","price":45.9},{"type":"A","date":"2018-04-23T07:39:17.000Z","volume":700,"label":" ","price":45.9},{"type":"A","date":"2018-04-23T07:39:17.000Z","volume":700,"label":"Y","price":45.9},{"type":"A","date":"2018-04-23T07:39:43.000Z","volume":1300,"label":" ","price":45.9},{"type":"B","date":"2018-04-23T07:39:54.000Z","volume":100,"label":" ","price":45.85},{"type":"A","date":"2018-04-23T07:39:54.000Z","volume":300,"label":" ","price":45.9},{"type":"A","date":"2018-04-23T07:40:02.000Z","volume":900,"label":" ","price":45.9},{"type":"A","date":"2018-04-23T07:40:02.000Z","volume":600,"label":" ","price":45.9},{"type":"A","date":"2018-04-23T07:40:02.000Z","volume":100,"label":"Y","price":45.9},{"type":"A","date":"2018-04-23T07:40:02.000Z","volume":500,"label":" ","price":45.9},{"type":"A","date":"2018-04-23T07:40:02.000Z","volume":100,"label":" ","price":45.9},{"type":"B","date":"2018-04-23T07:40:28.000Z","volume":2600,"label":" ","price":45.85},{"type":"B","date":"2018-04-23T07:40:39.000Z","volume":100,"label":" ","price":45.85},{"type":"B","date":"2018-04-23T07:41:24.000Z","volume":2400,"label":" ","price":45.85},{"type":"A","date":"2018-04-23T07:41:24.000Z","volume":1300,"label":" ","price":45.9},{"type":"B","date":"2018-04-23T07:41:34.000Z","volume":800,"label":" ","price":45.85},{"type":"B","date":"2018-04-23T07:41:34.000Z","volume":100,"label":" ","price":45.85},{"type":"B","date":"2018-04-23T07:41:44.000Z","volume":300,"label":" ","price":45.85},{"type":"B","date":"2018-04-23T07:42:20.000Z","volume":2300,"label":" ","price":45.85},{"type":"B","date":"2018-04-23T07:42:20.000Z","volume":100,"label":" ","price":45.85},{"type":"B","date":"2018-04-23T07:42:20.000Z","volume":100,"label":" ","price":45.8},{"type":"A","date":"2018-04-23T07:42:20.000Z","volume":100,"label":" ","price":45.85},{"type":"B","date":"2018-04-23T07:42:29.000Z","volume":600,"label":" ","price":45.8},{"type":"A","date":"2018-04-23T07:42:29.000Z","volume":100,"label":" ","price":45.9},{"type":"B","date":"2018-04-23T07:42:35.000Z","volume":200,"label":" ","price":45.8},{"type":"A","date":"2018-04-23T07:43:00.000Z","volume":100,"label":" ","price":45.9},{"type":"B","date":"2018-04-23T07:43:07.000Z","volume":100,"label":" ","price":45.8},{"type":"B","date":"2018-04-23T07:43:07.000Z","volume":100,"label":" ","price":45.8},{"type":"B","date":"2018-04-23T07:43:47.000Z","volume":600,"label":" ","price":45.8},{"type":"B","date":"2018-04-23T07:43:47.000Z","volume":100,"label":" ","price":45.8},{"type":"B","date":"2018-04-23T07:43:54.000Z","volume":100,"label":" ","price":45.8},{"type":"B","date":"2018-04-23T07:44:47.000Z","volume":1200,"label":" ","price":45.8},{"type":"B","date":"2018-04-23T07:44:47.000Z","volume":100,"label":" ","price":45.8},{"type":"B","date":"2018-04-23T07:44:54.000Z","volume":200,"label":" ","price":45.8},{"type":"B","date":"2018-04-23T07:45:02.000Z","volume":100,"label":" ","price":45.8},{"type":"A","date":"2018-04-23T07:45:27.000Z","volume":100,"label":" ","price":45.9},{"type":"U","date":"2018-04-23T07:45:50.000Z","volume":100,"label":" ","price":45.85},{"type":"A","date":"2018-04-23T07:46:09.000Z","volume":200,"label":" ","price":45.85},{"type":"B","date":"2018-04-23T07:46:09.000Z","volume":100,"label":" ","price":45.8},{"type":"B","date":"2018-04-23T07:46:32.000Z","volume":600,"label":" ","price":45.8},{"type":"B","date":"2018-04-23T07:46:32.000Z","volume":100,"label":" ","price":45.8},{"type":"B","date":"2018-04-23T07:46:44.000Z","volume":100,"label":" ","price":45.8},{"type":"B","date":"2018-04-23T07:47:31.000Z","volume":100,"label":" ","price":45.8},{"type":"A","date":"2018-04-23T07:47:49.000Z","volume":2100,"label":" ","price":45.85},{"type":"A","date":"2018-04-23T07:48:30.000Z","volume":200,"label":" ","price":45.85},{"type":"A","date":"2018-04-23T07:48:30.000Z","volume":100,"label":" ","price":45.85},{"type":"A","date":"2018-04-23T07:48:32.000Z","volume":1100,"label":" ","price":45.85},{"type":"A","date":"2018-04-23T07:48:32.000Z","volume":900,"label":" ","price":45.85},{"type":"A","date":"2018-04-23T07:49:21.000Z","volume":1600,"label":" ","price":45.85},{"type":"A","date":"2018-04-23T07:49:21.000Z","volume":100,"label":" ","price":45.85},{"type":"A","date":"2018-04-23T07:49:22.000Z","volume":800,"label":" ","price":45.85},{"type":"A","date":"2018-04-23T07:49:27.000Z","volume":600,"label":" ","price":45.85},{"type":"A","date":"2018-04-23T07:49:32.000Z","volume":500,"label":"Y","price":45.85},{"type":"A","date":"2018-04-23T07:49:32.000Z","volume":200,"label":" ","price":45.85},{"type":"B","date":"2018-04-23T07:49:32.000Z","volume":100,"label":" ","price":45.85},{"type":"A","date":"2018-04-23T07:50:52.000Z","volume":1300,"label":" ","price":45.85},{"type":"A","date":"2018-04-23T07:50:53.000Z","volume":100,"label":" ","price":45.9},{"type":"A","date":"2018-04-23T07:51:02.000Z","volume":400,"label":" ","price":45.9},{"type":"A","date":"2018-04-23T07:52:52.000Z","volume":100,"label":" ","price":45.95},{"type":"A","date":"2018-04-23T07:53:02.000Z","volume":1000,"label":" ","price":45.95},{"type":"A","date":"2018-04-23T07:53:48.000Z","volume":100,"label":" ","price":45.95},{"type":"A","date":"2018-04-23T07:53:48.000Z","volume":300,"label":" ","price":45.95},{"type":"A","date":"2018-04-23T07:54:04.000Z","volume":100,"label":" ","price":45.95},{"type":"A","date":"2018-04-23T07:54:32.000Z","volume":200,"label":"Y","price":45.95},{"type":"A","date":"2018-04-23T07:54:32.000Z","volume":600,"label":" ","price":45.95},{"type":"A","date":"2018-04-23T07:54:32.000Z","volume":3200,"label":" ","price":45.95},{"type":"B","date":"2018-04-23T07:54:47.000Z","volume":1400,"label":"Y","price":45.9},{"type":"B","date":"2018-04-23T07:54:47.000Z","volume":100,"label":" ","price":45.9},{"type":"A","date":"2018-04-23T07:55:09.000Z","volume":2000,"label":" ","price":45.95},{"type":"A","date":"2018-04-23T07:55:09.000Z","volume":100,"label":" ","price":45.95},{"type":"A","date":"2018-04-23T07:55:09.000Z","volume":200,"label":" ","price":45.95},{"type":"A","date":"2018-04-23T07:55:41.000Z","volume":100,"label":" ","price":45.95},{"type":"A","date":"2018-04-23T07:55:46.000Z","volume":600,"label":" ","price":45.95},{"type":"A","date":"2018-04-23T07:55:46.000Z","volume":900,"label":" ","price":45.95},{"type":"A","date":"2018-04-23T07:55:53.000Z","volume":900,"label":" ","price":45.95},{"type":"A","date":"2018-04-23T07:56:02.000Z","volume":400,"label":"Y","price":45.95},{"type":"A","date":"2018-04-23T07:56:02.000Z","volume":100,"label":"Y","price":45.95},{"type":"A","date":"2018-04-23T07:56:02.000Z","volume":200,"label":"Y","price":45.95},{"type":"A","date":"2018-04-23T07:56:02.000Z","volume":400,"label":" ","price":45.95},{"type":"B","date":"2018-04-23T07:56:10.000Z","volume":2000,"label":" ","price":45.95},{"type":"B","date":"2018-04-23T07:56:11.000Z","volume":200,"label":" ","price":45.9},{"type":"A","date":"2018-04-23T07:57:17.000Z","volume":100,"label":" ","price":45.95},{"type":"A","date":"2018-04-23T07:57:32.000Z","volume":700,"label":" ","price":45.95},{"type":"B","date":"2018-04-23T07:57:32.000Z","volume":600,"label":" ","price":45.9},{"type":"A","date":"2018-04-23T07:57:47.000Z","volume":700,"label":" ","price":45.95},{"type":"B","date":"2018-04-23T07:57:53.000Z","volume":100,"label":" ","price":45.9},{"type":"A","date":"2018-04-23T07:57:58.000Z","volume":500,"label":" ","price":45.95},{"type":"A","date":"2018-04-23T07:57:59.000Z","volume":100,"label":" ","price":45.95},{"type":"A","date":"2018-04-23T07:58:02.000Z","volume":300,"label":" ","price":45.95},{"type":"A","date":"2018-04-23T07:58:02.000Z","volume":200,"label":" ","price":45.95},{"type":"B","date":"2018-04-23T07:58:02.000Z","volume":300,"label":"Y","price":45.9},{"type":"B","date":"2018-04-23T07:58:02.000Z","volume":600,"label":" ","price":45.9},{"type":"A","date":"2018-04-23T07:58:28.000Z","volume":300,"label":" ","price":45.95},{"type":"A","date":"2018-04-23T07:58:32.000Z","volume":100,"label":" ","price":46},{"type":"A","date":"2018-04-23T07:58:32.000Z","volume":100,"label":" ","price":46},{"type":"A","date":"2018-04-23T07:58:41.000Z","volume":1000,"label":" ","price":46},{"type":"A","date":"2018-04-23T07:58:42.000Z","volume":100,"label":" ","price":46},{"type":"A","date":"2018-04-23T07:58:42.000Z","volume":400,"label":" ","price":46},{"type":"B","date":"2018-04-23T07:58:47.000Z","volume":300,"label":" ","price":45.95},{"type":"B","date":"2018-04-23T07:58:47.000Z","volume":100,"label":" ","price":45.95},{"type":"A","date":"2018-04-23T07:59:02.000Z","volume":100,"label":" ","price":45.95},{"type":"A","date":"2018-04-23T07:59:02.000Z","volume":100,"label":" ","price":45.95},{"type":"A","date":"2018-04-23T07:59:02.000Z","volume":100,"label":" ","price":45.95},{"type":"A","date":"2018-04-23T07:59:03.000Z","volume":100,"label":" ","price":45.95},{"type":"A","date":"2018-04-23T07:59:06.000Z","volume":100,"label":" ","price":46},{"type":"B","date":"2018-04-23T07:59:17.000Z","volume":100,"label":" ","price":45.9},{"type":"A","date":"2018-04-23T07:59:21.000Z","volume":200,"label":" ","price":45.95},{"type":"A","date":"2018-04-23T07:59:24.000Z","volume":100,"label":" ","price":45.95},{"type":"A","date":"2018-04-23T07:59:27.000Z","volume":100,"label":" ","price":45.95},{"type":"A","date":"2018-04-23T07:59:30.000Z","volume":100,"label":" ","price":46},{"type":"A","date":"2018-04-23T07:59:33.000Z","volume":100,"label":" ","price":46},{"type":"A","date":"2018-04-23T07:59:34.000Z","volume":100,"label":" ","price":46},{"type":"A","date":"2018-04-23T07:59:36.000Z","volume":100,"label":" ","price":46},{"type":"A","date":"2018-04-23T07:59:37.000Z","volume":100,"label":" ","price":46},{"type":"A","date":"2018-04-23T07:59:39.000Z","volume":100,"label":" ","price":46},{"type":"A","date":"2018-04-23T07:59:43.000Z","volume":100,"label":" ","price":46},{"type":"B","date":"2018-04-23T07:59:44.000Z","volume":100,"label":" ","price":45.85},{"type":"A","date":"2018-04-23T07:59:46.000Z","volume":100,"label":" ","price":46},{"type":"A","date":"2018-04-23T07:59:49.000Z","volume":100,"label":" ","price":46},{"type":"A","date":"2018-04-23T07:59:52.000Z","volume":100,"label":" ","price":46},{"type":"A","date":"2018-04-23T07:59:55.000Z","volume":100,"label":" ","price":46},{"type":"A","date":"2018-04-23T07:59:58.000Z","volume":100,"label":" ","price":46},{"type":"U","date":"2018-04-23T08:08:11.000Z","volume":32900,"label":"U","price":46}]