[{"type":"U","date":"2018-04-10T01:20:00.000Z","volume":1900,"label":"U","price":47.6},{"type":"U","date":"2018-04-10T01:33:37.000Z","volume":100,"label":" ","price":47.45},{"type":"U","date":"2018-04-10T01:33:53.000Z","volume":100,"label":" ","price":47.35},{"type":"A","date":"2018-04-10T01:35:02.000Z","volume":100,"label":" ","price":47.4},{"type":"A","date":"2018-04-10T01:35:53.000Z","volume":200,"label":" ","price":47.4},{"type":"A","date":"2018-04-10T01:37:34.000Z","volume":2000,"label":" ","price":47.4},{"type":"A","date":"2018-04-10T01:37:34.000Z","volume":700,"label":" ","price":47.4},{"type":"A","date":"2018-04-10T01:37:35.000Z","volume":400,"label":" ","price":47.5},{"type":"A","date":"2018-04-10T01:37:35.000Z","volume":200,"label":" ","price":47.55},{"type":"A","date":"2018-04-10T01:37:35.000Z","volume":200,"label":" ","price":47.75},{"type":"A","date":"2018-04-10T01:37:51.000Z","volume":300,"label":" ","price":47.9},{"type":"A","date":"2018-04-10T01:37:51.000Z","volume":100,"label":" ","price":47.9},{"type":"A","date":"2018-04-10T01:38:02.000Z","volume":400,"label":" ","price":47.95},{"type":"A","date":"2018-04-10T01:38:03.000Z","volume":100,"label":" ","price":47.95},{"type":"A","date":"2018-04-10T01:38:03.000Z","volume":100,"label":"Y","price":47.95},{"type":"A","date":"2018-04-10T01:38:03.000Z","volume":100,"label":" ","price":48},{"type":"B","date":"2018-04-10T01:38:03.000Z","volume":100,"label":" ","price":48},{"type":"B","date":"2018-04-10T01:38:03.000Z","volume":100,"label":" ","price":48},{"type":"A","date":"2018-04-10T01:38:03.000Z","volume":100,"label":" ","price":48.1},{"type":"B","date":"2018-04-10T01:38:03.000Z","volume":700,"label":" ","price":48},{"type":"A","date":"2018-04-10T01:38:03.000Z","volume":100,"label":" ","price":48.1},{"type":"A","date":"2018-04-10T01:38:03.000Z","volume":100,"label":" ","price":48.1},{"type":"A","date":"2018-04-10T01:38:04.000Z","volume":100,"label":" ","price":48.1},{"type":"U","date":"2018-04-10T01:38:23.000Z","volume":500,"label":" ","price":48.05},{"type":"A","date":"2018-04-10T01:38:24.000Z","volume":100,"label":" ","price":48.1},{"type":"A","date":"2018-04-10T01:38:24.000Z","volume":100,"label":" ","price":48.1},{"type":"A","date":"2018-04-10T01:39:23.000Z","volume":1000,"label":" ","price":48.1},{"type":"A","date":"2018-04-10T01:39:23.000Z","volume":400,"label":" ","price":48.1},{"type":"A","date":"2018-04-10T01:39:24.000Z","volume":100,"label":" ","price":48.1},{"type":"A","date":"2018-04-10T01:39:25.000Z","volume":200,"label":" ","price":48.1},{"type":"A","date":"2018-04-10T01:39:58.000Z","volume":1200,"label":" ","price":48.1},{"type":"B","date":"2018-04-10T01:39:58.000Z","volume":500,"label":" ","price":48.05},{"type":"B","date":"2018-04-10T01:39:58.000Z","volume":1500,"label":" ","price":48.05},{"type":"B","date":"2018-04-10T01:39:58.000Z","volume":4900,"label":" ","price":48.05},{"type":"B","date":"2018-04-10T01:39:58.000Z","volume":200,"label":" ","price":48.05},{"type":"B","date":"2018-04-10T01:39:58.000Z","volume":100,"label":" ","price":48.05},{"type":"B","date":"2018-04-10T01:39:58.000Z","volume":200,"label":" ","price":48.05},{"type":"B","date":"2018-04-10T01:39:58.000Z","volume":6200,"label":" ","price":48},{"type":"B","date":"2018-04-10T01:39:58.000Z","volume":700,"label":" ","price":47.95},{"type":"B","date":"2018-04-10T01:39:58.000Z","volume":100,"label":" ","price":47.9},{"type":"A","date":"2018-04-10T01:39:58.000Z","volume":200,"label":" ","price":48.1},{"type":"B","date":"2018-04-10T01:39:58.000Z","volume":200,"label":"Y","price":47.95},{"type":"A","date":"2018-04-10T01:40:06.000Z","volume":1000,"label":" ","price":48.05},{"type":"A","date":"2018-04-10T01:40:18.000Z","volume":100,"label":" ","price":48},{"type":"A","date":"2018-04-10T01:40:22.000Z","volume":200,"label":" ","price":48},{"type":"A","date":"2018-04-10T01:40:23.000Z","volume":500,"label":" ","price":48},{"type":"B","date":"2018-04-10T01:41:59.000Z","volume":1600,"label":" ","price":47.7},{"type":"A","date":"2018-04-10T01:41:59.000Z","volume":100,"label":" ","price":47.7},{"type":"A","date":"2018-04-10T01:41:59.000Z","volume":200,"label":" ","price":47.7},{"type":"B","date":"2018-04-10T01:42:22.000Z","volume":1000,"label":" ","price":47.65},{"type":"B","date":"2018-04-10T01:42:44.000Z","volume":100,"label":" ","price":47.65},{"type":"B","date":"2018-04-10T01:43:39.000Z","volume":2600,"label":" ","price":47.65},{"type":"A","date":"2018-04-10T01:43:39.000Z","volume":100,"label":" ","price":47.65},{"type":"B","date":"2018-04-10T01:44:47.000Z","volume":500,"label":" ","price":47.6},{"type":"A","date":"2018-04-10T01:45:59.000Z","volume":400,"label":" ","price":47.65},{"type":"A","date":"2018-04-10T01:46:21.000Z","volume":300,"label":" ","price":47.65},{"type":"A","date":"2018-04-10T01:49:08.000Z","volume":32600,"label":" ","price":47.65},{"type":"A","date":"2018-04-10T01:49:08.000Z","volume":400,"label":" ","price":47.75},{"type":"A","date":"2018-04-10T01:49:08.000Z","volume":3800,"label":" ","price":47.75},{"type":"A","date":"2018-04-10T01:49:08.000Z","volume":4400,"label":" ","price":47.75},{"type":"A","date":"2018-04-10T01:49:10.000Z","volume":500,"label":" ","price":47.75},{"type":"A","date":"2018-04-10T01:49:10.000Z","volume":600,"label":" ","price":47.75},{"type":"A","date":"2018-04-10T01:49:12.000Z","volume":200,"label":" ","price":47.75},{"type":"A","date":"2018-04-10T01:49:26.000Z","volume":500,"label":" ","price":47.75},{"type":"A","date":"2018-04-10T01:49:36.000Z","volume":100,"label":" ","price":47.75},{"type":"A","date":"2018-04-10T01:49:51.000Z","volume":400,"label":" ","price":47.75},{"type":"A","date":"2018-04-10T01:49:51.000Z","volume":200,"label":" ","price":47.75},{"type":"A","date":"2018-04-10T01:50:09.000Z","volume":100,"label":" ","price":47.75},{"type":"A","date":"2018-04-10T01:50:12.000Z","volume":200,"label":" ","price":47.75},{"type":"A","date":"2018-04-10T01:50:45.000Z","volume":200,"label":" ","price":47.75},{"type":"A","date":"2018-04-10T01:51:19.000Z","volume":300,"label":" ","price":47.75},{"type":"A","date":"2018-04-10T01:51:53.000Z","volume":200,"label":" ","price":47.75},{"type":"A","date":"2018-04-10T01:51:55.000Z","volume":14300,"label":" ","price":47.75},{"type":"A","date":"2018-04-10T01:51:55.000Z","volume":300,"label":" ","price":47.75},{"type":"A","date":"2018-04-10T01:51:55.000Z","volume":19600,"label":" ","price":47.75},{"type":"A","date":"2018-04-10T01:51:55.000Z","volume":1600,"label":" ","price":47.75},{"type":"U","date":"2018-04-10T01:51:55.000Z","volume":100,"label":"X","price":47.85},{"type":"A","date":"2018-04-10T01:51:56.000Z","volume":1000,"label":" ","price":47.9},{"type":"A","date":"2018-04-10T01:51:57.000Z","volume":5100,"label":" ","price":47.95},{"type":"A","date":"2018-04-10T01:51:59.000Z","volume":2100,"label":" ","price":47.95},{"type":"A","date":"2018-04-10T01:52:00.000Z","volume":200,"label":" ","price":47.95},{"type":"A","date":"2018-04-10T01:52:26.000Z","volume":300,"label":" ","price":47.95},{"type":"A","date":"2018-04-10T01:52:28.000Z","volume":200,"label":" ","price":47.95},{"type":"A","date":"2018-04-10T01:52:41.000Z","volume":200,"label":" ","price":47.95},{"type":"A","date":"2018-04-10T01:52:54.000Z","volume":200,"label":" ","price":47.95},{"type":"A","date":"2018-04-10T01:52:54.000Z","volume":200,"label":" ","price":47.95},{"type":"A","date":"2018-04-10T01:52:56.000Z","volume":700,"label":" ","price":47.95},{"type":"A","date":"2018-04-10T01:52:58.000Z","volume":300,"label":" ","price":47.95},{"type":"A","date":"2018-04-10T01:53:03.000Z","volume":400,"label":" ","price":47.95},{"type":"A","date":"2018-04-10T01:53:04.000Z","volume":200,"label":" ","price":47.95},{"type":"B","date":"2018-04-10T01:53:36.000Z","volume":600,"label":" ","price":47.9},{"type":"A","date":"2018-04-10T01:53:38.000Z","volume":200,"label":" ","price":47.95},{"type":"A","date":"2018-04-10T01:53:39.000Z","volume":500,"label":" ","price":47.95},{"type":"A","date":"2018-04-10T01:53:54.000Z","volume":400,"label":" ","price":47.95},{"type":"A","date":"2018-04-10T01:53:55.000Z","volume":200,"label":" ","price":47.95},{"type":"A","date":"2018-04-10T01:54:12.000Z","volume":300,"label":" ","price":47.95},{"type":"A","date":"2018-04-10T01:54:25.000Z","volume":100,"label":" ","price":47.95},{"type":"A","date":"2018-04-10T01:54:37.000Z","volume":500,"label":" ","price":47.95},{"type":"A","date":"2018-04-10T01:54:47.000Z","volume":200,"label":" ","price":47.95},{"type":"A","date":"2018-04-10T01:54:49.000Z","volume":300,"label":" ","price":47.95},{"type":"B","date":"2018-04-10T01:54:49.000Z","volume":100,"label":" ","price":47.9},{"type":"A","date":"2018-04-10T01:54:51.000Z","volume":200,"label":" ","price":47.95},{"type":"A","date":"2018-04-10T01:55:19.000Z","volume":300,"label":" ","price":47.95},{"type":"B","date":"2018-04-10T01:55:23.000Z","volume":1000,"label":" ","price":47.9},{"type":"A","date":"2018-04-10T01:55:24.000Z","volume":200,"label":" ","price":47.95},{"type":"B","date":"2018-04-10T01:55:29.000Z","volume":200,"label":" ","price":47.9},{"type":"B","date":"2018-04-10T01:55:37.000Z","volume":1000,"label":" ","price":47.9},{"type":"B","date":"2018-04-10T01:55:46.000Z","volume":100,"label":" ","price":47.9},{"type":"A","date":"2018-04-10T01:55:51.000Z","volume":100,"label":" ","price":47.95},{"type":"A","date":"2018-04-10T01:56:21.000Z","volume":200,"label":" ","price":47.95},{"type":"A","date":"2018-04-10T01:56:56.000Z","volume":3000,"label":" ","price":47.95},{"type":"B","date":"2018-04-10T01:56:56.000Z","volume":100,"label":" ","price":47.9},{"type":"A","date":"2018-04-10T01:56:56.000Z","volume":400,"label":" ","price":47.95},{"type":"A","date":"2018-04-10T01:57:00.000Z","volume":100,"label":" ","price":47.95},{"type":"B","date":"2018-04-10T01:57:05.000Z","volume":300,"label":" ","price":47.9},{"type":"A","date":"2018-04-10T01:57:32.000Z","volume":200,"label":" ","price":47.95},{"type":"A","date":"2018-04-10T01:58:05.000Z","volume":100,"label":" ","price":47.95},{"type":"A","date":"2018-04-10T01:58:37.000Z","volume":200,"label":" ","price":47.95},{"type":"B","date":"2018-04-10T01:58:37.000Z","volume":100,"label":" ","price":47.9},{"type":"A","date":"2018-04-10T01:59:09.000Z","volume":200,"label":" ","price":47.95},{"type":"A","date":"2018-04-10T01:59:09.000Z","volume":200,"label":" ","price":47.95},{"type":"A","date":"2018-04-10T01:59:42.000Z","volume":100,"label":" ","price":47.95},{"type":"A","date":"2018-04-10T01:59:45.000Z","volume":200,"label":" ","price":47.95},{"type":"A","date":"2018-04-10T02:00:17.000Z","volume":400,"label":" ","price":47.95},{"type":"B","date":"2018-04-10T02:00:17.000Z","volume":100,"label":" ","price":47.9},{"type":"B","date":"2018-04-10T02:00:20.000Z","volume":300,"label":"Y","price":47.9},{"type":"B","date":"2018-04-10T02:00:20.000Z","volume":600,"label":" ","price":47.9},{"type":"A","date":"2018-04-10T02:00:22.000Z","volume":200,"label":" ","price":47.95},{"type":"B","date":"2018-04-10T02:00:27.000Z","volume":200,"label":" ","price":47.9},{"type":"A","date":"2018-04-10T02:00:28.000Z","volume":300,"label":" ","price":47.95},{"type":"A","date":"2018-04-10T02:00:28.000Z","volume":200,"label":" ","price":47.95},{"type":"A","date":"2018-04-10T02:00:49.000Z","volume":300,"label":" ","price":47.95},{"type":"B","date":"2018-04-10T02:01:00.000Z","volume":100,"label":" ","price":47.9},{"type":"A","date":"2018-04-10T02:01:12.000Z","volume":200,"label":" ","price":47.95},{"type":"B","date":"2018-04-10T02:01:12.000Z","volume":100,"label":" ","price":47.9},{"type":"A","date":"2018-04-10T02:01:12.000Z","volume":200,"label":" ","price":47.95},{"type":"A","date":"2018-04-10T02:01:12.000Z","volume":400,"label":" ","price":47.95},{"type":"B","date":"2018-04-10T02:01:21.000Z","volume":100,"label":" ","price":47.9},{"type":"A","date":"2018-04-10T02:02:27.000Z","volume":300,"label":"Y","price":47.95},{"type":"A","date":"2018-04-10T02:02:27.000Z","volume":400,"label":" ","price":47.95},{"type":"B","date":"2018-04-10T02:02:29.000Z","volume":100,"label":" ","price":47.9},{"type":"A","date":"2018-04-10T02:02:31.000Z","volume":200,"label":" ","price":47.95},{"type":"A","date":"2018-04-10T02:02:32.000Z","volume":200,"label":" ","price":47.95},{"type":"A","date":"2018-04-10T02:03:10.000Z","volume":400,"label":" ","price":47.95},{"type":"A","date":"2018-04-10T02:04:16.000Z","volume":300,"label":" ","price":47.95},{"type":"B","date":"2018-04-10T02:04:16.000Z","volume":100,"label":" ","price":47.9},{"type":"B","date":"2018-04-10T02:04:28.000Z","volume":100,"label":" ","price":47.9},{"type":"A","date":"2018-04-10T02:04:29.000Z","volume":200,"label":" ","price":47.95},{"type":"B","date":"2018-04-10T02:04:37.000Z","volume":100,"label":" ","price":47.9},{"type":"A","date":"2018-04-10T02:05:11.000Z","volume":100,"label":" ","price":47.95},{"type":"A","date":"2018-04-10T02:05:12.000Z","volume":200,"label":" ","price":47.95},{"type":"A","date":"2018-04-10T02:05:20.000Z","volume":400,"label":" ","price":47.95},{"type":"B","date":"2018-04-10T02:05:21.000Z","volume":100,"label":" ","price":47.9},{"type":"A","date":"2018-04-10T02:06:14.000Z","volume":300,"label":" ","price":47.95},{"type":"A","date":"2018-04-10T02:07:01.000Z","volume":300,"label":"Y","price":47.95},{"type":"B","date":"2018-04-10T02:07:01.000Z","volume":100,"label":" ","price":47.9},{"type":"A","date":"2018-04-10T02:07:08.000Z","volume":2700,"label":" ","price":47.95},{"type":"A","date":"2018-04-10T02:07:08.000Z","volume":300,"label":" ","price":47.95},{"type":"B","date":"2018-04-10T02:07:08.000Z","volume":100,"label":" ","price":47.9},{"type":"B","date":"2018-04-10T02:07:08.000Z","volume":200,"label":" ","price":47.9},{"type":"A","date":"2018-04-10T02:07:08.000Z","volume":500,"label":" ","price":47.95},{"type":"A","date":"2018-04-10T02:07:08.000Z","volume":500,"label":" ","price":47.95},{"type":"A","date":"2018-04-10T02:07:11.000Z","volume":400,"label":" ","price":47.95},{"type":"A","date":"2018-04-10T02:07:12.000Z","volume":200,"label":" ","price":47.95},{"type":"A","date":"2018-04-10T02:07:14.000Z","volume":3500,"label":" ","price":47.95},{"type":"A","date":"2018-04-10T02:07:14.000Z","volume":3100,"label":" ","price":47.95},{"type":"A","date":"2018-04-10T02:07:14.000Z","volume":900,"label":" ","price":48},{"type":"A","date":"2018-04-10T02:07:14.000Z","volume":3300,"label":" ","price":48},{"type":"A","date":"2018-04-10T02:07:14.000Z","volume":1400,"label":" ","price":48},{"type":"U","date":"2018-04-10T02:07:14.000Z","volume":100,"label":" ","price":48},{"type":"A","date":"2018-04-10T02:07:22.000Z","volume":1700,"label":" ","price":48.15},{"type":"A","date":"2018-04-10T02:07:23.000Z","volume":700,"label":" ","price":48.15},{"type":"B","date":"2018-04-10T02:07:24.000Z","volume":500,"label":" ","price":48.05},{"type":"A","date":"2018-04-10T02:07:30.000Z","volume":100,"label":" ","price":48.15},{"type":"A","date":"2018-04-10T02:08:07.000Z","volume":1200,"label":" ","price":48.1},{"type":"A","date":"2018-04-10T02:08:09.000Z","volume":200,"label":" ","price":48.1},{"type":"A","date":"2018-04-10T02:08:11.000Z","volume":300,"label":" ","price":48.1},{"type":"A","date":"2018-04-10T02:09:17.000Z","volume":300,"label":" ","price":48.1},{"type":"A","date":"2018-04-10T02:09:21.000Z","volume":200,"label":" ","price":48.1},{"type":"A","date":"2018-04-10T02:10:21.000Z","volume":300,"label":" ","price":48.1},{"type":"A","date":"2018-04-10T02:10:44.000Z","volume":100,"label":" ","price":48.1},{"type":"A","date":"2018-04-10T02:10:44.000Z","volume":200,"label":" ","price":48.1},{"type":"A","date":"2018-04-10T02:12:07.000Z","volume":200,"label":" ","price":48.1},{"type":"A","date":"2018-04-10T02:12:07.000Z","volume":200,"label":" ","price":48.1},{"type":"A","date":"2018-04-10T02:12:13.000Z","volume":1000,"label":" ","price":48.1},{"type":"A","date":"2018-04-10T02:12:13.000Z","volume":14500,"label":" ","price":48.1},{"type":"A","date":"2018-04-10T02:12:13.000Z","volume":2100,"label":" ","price":48.15},{"type":"A","date":"2018-04-10T02:12:13.000Z","volume":200,"label":"Y","price":48.15},{"type":"A","date":"2018-04-10T02:12:13.000Z","volume":1700,"label":" ","price":48.15},{"type":"A","date":"2018-04-10T02:12:14.000Z","volume":200,"label":" ","price":48.15},{"type":"A","date":"2018-04-10T02:12:15.000Z","volume":300,"label":" ","price":48.15},{"type":"B","date":"2018-04-10T02:12:20.000Z","volume":100,"label":"Y","price":48.1},{"type":"B","date":"2018-04-10T02:12:20.000Z","volume":200,"label":" ","price":48.1},{"type":"A","date":"2018-04-10T02:12:34.000Z","volume":300,"label":" ","price":48.15},{"type":"A","date":"2018-04-10T02:12:54.000Z","volume":3400,"label":" ","price":48.15},{"type":"A","date":"2018-04-10T02:12:55.000Z","volume":600,"label":" ","price":48.15},{"type":"A","date":"2018-04-10T02:12:56.000Z","volume":200,"label":"Y","price":48.15},{"type":"A","date":"2018-04-10T02:12:56.000Z","volume":400,"label":" ","price":48.15},{"type":"A","date":"2018-04-10T02:13:13.000Z","volume":200,"label":" ","price":48.15},{"type":"A","date":"2018-04-10T02:13:53.000Z","volume":300,"label":" ","price":48.15},{"type":"A","date":"2018-04-10T02:13:55.000Z","volume":2800,"label":" ","price":48.15},{"type":"A","date":"2018-04-10T02:13:55.000Z","volume":200,"label":" ","price":48.15},{"type":"A","date":"2018-04-10T02:13:58.000Z","volume":500,"label":" ","price":48.15},{"type":"A","date":"2018-04-10T02:13:59.000Z","volume":400,"label":" ","price":48.15},{"type":"A","date":"2018-04-10T02:14:02.000Z","volume":300,"label":" ","price":48.15},{"type":"A","date":"2018-04-10T02:14:10.000Z","volume":400,"label":" ","price":48.15},{"type":"A","date":"2018-04-10T02:14:10.000Z","volume":200,"label":" ","price":48.15},{"type":"A","date":"2018-04-10T02:15:23.000Z","volume":400,"label":" ","price":48.15},{"type":"A","date":"2018-04-10T02:15:23.000Z","volume":200,"label":" ","price":48.15},{"type":"A","date":"2018-04-10T02:15:34.000Z","volume":300,"label":" ","price":48.15},{"type":"A","date":"2018-04-10T02:16:14.000Z","volume":600,"label":" ","price":48.15},{"type":"A","date":"2018-04-10T02:16:14.000Z","volume":200,"label":" ","price":48.15},{"type":"B","date":"2018-04-10T02:16:51.000Z","volume":2400,"label":" ","price":48.1},{"type":"A","date":"2018-04-10T02:16:51.000Z","volume":400,"label":" ","price":48.15},{"type":"A","date":"2018-04-10T02:16:52.000Z","volume":400,"label":" ","price":48.15},{"type":"A","date":"2018-04-10T02:17:23.000Z","volume":2800,"label":" ","price":48.15},{"type":"A","date":"2018-04-10T02:17:25.000Z","volume":300,"label":" ","price":48.15},{"type":"A","date":"2018-04-10T02:17:27.000Z","volume":300,"label":" ","price":48.15},{"type":"A","date":"2018-04-10T02:17:45.000Z","volume":1200,"label":" ","price":48.15},{"type":"A","date":"2018-04-10T02:17:46.000Z","volume":200,"label":" ","price":48.15},{"type":"A","date":"2018-04-10T02:17:47.000Z","volume":200,"label":" ","price":48.15},{"type":"A","date":"2018-04-10T02:18:04.000Z","volume":300,"label":" ","price":48.15},{"type":"A","date":"2018-04-10T02:18:32.000Z","volume":300,"label":" ","price":48.15},{"type":"A","date":"2018-04-10T02:18:33.000Z","volume":200,"label":" ","price":48.15},{"type":"A","date":"2018-04-10T02:18:40.000Z","volume":300,"label":"Y","price":48.15},{"type":"B","date":"2018-04-10T02:19:17.000Z","volume":100,"label":" ","price":48.1},{"type":"B","date":"2018-04-10T02:19:49.000Z","volume":100,"label":" ","price":48.1},{"type":"B","date":"2018-04-10T02:20:11.000Z","volume":200,"label":" ","price":48.1},{"type":"A","date":"2018-04-10T02:20:13.000Z","volume":200,"label":" ","price":48.15},{"type":"B","date":"2018-04-10T02:20:31.000Z","volume":100,"label":" ","price":48.1},{"type":"A","date":"2018-04-10T02:21:04.000Z","volume":300,"label":" ","price":48.15},{"type":"B","date":"2018-04-10T02:21:05.000Z","volume":100,"label":" ","price":48.1},{"type":"B","date":"2018-04-10T02:21:11.000Z","volume":100,"label":" ","price":48.1},{"type":"A","date":"2018-04-10T02:21:13.000Z","volume":200,"label":" ","price":48.15},{"type":"A","date":"2018-04-10T02:21:23.000Z","volume":300,"label":" ","price":48.15},{"type":"B","date":"2018-04-10T02:21:23.000Z","volume":100,"label":" ","price":48.1},{"type":"B","date":"2018-04-10T02:21:28.000Z","volume":200,"label":" ","price":48.1},{"type":"B","date":"2018-04-10T02:21:31.000Z","volume":100,"label":" ","price":48.1},{"type":"A","date":"2018-04-10T02:21:40.000Z","volume":400,"label":" ","price":48.15},{"type":"A","date":"2018-04-10T02:21:42.000Z","volume":200,"label":" ","price":48.15},{"type":"B","date":"2018-04-10T02:21:42.000Z","volume":200,"label":" ","price":48.1},{"type":"A","date":"2018-04-10T02:21:46.000Z","volume":200,"label":" ","price":48.15},{"type":"B","date":"2018-04-10T02:22:05.000Z","volume":200,"label":" ","price":48.1},{"type":"A","date":"2018-04-10T02:22:23.000Z","volume":100,"label":" ","price":48.15},{"type":"B","date":"2018-04-10T02:22:28.000Z","volume":200,"label":" ","price":48.1},{"type":"B","date":"2018-04-10T02:22:47.000Z","volume":200,"label":" ","price":48.1},{"type":"B","date":"2018-04-10T02:23:03.000Z","volume":200,"label":" ","price":48.1},{"type":"B","date":"2018-04-10T02:23:04.000Z","volume":100,"label":" ","price":48.1},{"type":"B","date":"2018-04-10T02:23:16.000Z","volume":200,"label":" ","price":48.1},{"type":"A","date":"2018-04-10T02:23:17.000Z","volume":200,"label":" ","price":48.15},{"type":"A","date":"2018-04-10T02:23:19.000Z","volume":200,"label":" ","price":48.15},{"type":"B","date":"2018-04-10T02:23:36.000Z","volume":200,"label":" ","price":48.1},{"type":"A","date":"2018-04-10T02:24:04.000Z","volume":400,"label":" ","price":48.15},{"type":"B","date":"2018-04-10T02:24:06.000Z","volume":1500,"label":" ","price":48.1},{"type":"B","date":"2018-04-10T02:24:06.000Z","volume":400,"label":" ","price":48.1},{"type":"B","date":"2018-04-10T02:24:11.000Z","volume":100,"label":" ","price":48.1},{"type":"B","date":"2018-04-10T02:24:15.000Z","volume":100,"label":" ","price":48.1},{"type":"B","date":"2018-04-10T02:24:29.000Z","volume":100,"label":" ","price":48.1},{"type":"B","date":"2018-04-10T02:24:33.000Z","volume":200,"label":" ","price":48.1},{"type":"B","date":"2018-04-10T02:24:37.000Z","volume":100,"label":" ","price":48.1},{"type":"A","date":"2018-04-10T02:24:45.000Z","volume":300,"label":" ","price":48.15},{"type":"B","date":"2018-04-10T02:24:46.000Z","volume":300,"label":" ","price":48.1},{"type":"B","date":"2018-04-10T02:25:18.000Z","volume":100,"label":" ","price":48.1},{"type":"B","date":"2018-04-10T02:25:19.000Z","volume":100,"label":" ","price":48.1},{"type":"B","date":"2018-04-10T02:25:27.000Z","volume":100,"label":" ","price":48.1},{"type":"B","date":"2018-04-10T02:25:31.000Z","volume":200,"label":" ","price":48.1},{"type":"A","date":"2018-04-10T02:25:45.000Z","volume":200,"label":" ","price":48.15},{"type":"B","date":"2018-04-10T02:25:51.000Z","volume":100,"label":" ","price":48.1},{"type":"B","date":"2018-04-10T02:25:55.000Z","volume":14900,"label":" ","price":48.1},{"type":"B","date":"2018-04-10T02:25:55.000Z","volume":4400,"label":" ","price":48.05},{"type":"B","date":"2018-04-10T02:25:55.000Z","volume":200,"label":" ","price":48.1},{"type":"B","date":"2018-04-10T02:25:56.000Z","volume":200,"label":" ","price":48},{"type":"B","date":"2018-04-10T02:25:56.000Z","volume":7600,"label":" ","price":48},{"type":"U","date":"2018-04-10T02:25:56.000Z","volume":1300,"label":" ","price":48},{"type":"A","date":"2018-04-10T02:25:57.000Z","volume":400,"label":" ","price":48.1},{"type":"B","date":"2018-04-10T02:25:57.000Z","volume":3600,"label":" ","price":47.95},{"type":"B","date":"2018-04-10T02:25:59.000Z","volume":2900,"label":" ","price":47.9},{"type":"A","date":"2018-04-10T02:25:59.000Z","volume":400,"label":" ","price":48.05},{"type":"B","date":"2018-04-10T02:26:02.000Z","volume":100,"label":" ","price":47.85},{"type":"B","date":"2018-04-10T02:26:25.000Z","volume":100,"label":" ","price":47.8},{"type":"B","date":"2018-04-10T02:26:25.000Z","volume":300,"label":" ","price":47.8},{"type":"B","date":"2018-04-10T02:26:25.000Z","volume":100,"label":"Y","price":47.75},{"type":"B","date":"2018-04-10T02:26:25.000Z","volume":100,"label":" ","price":47.75},{"type":"B","date":"2018-04-10T02:26:27.000Z","volume":100,"label":" ","price":47.75},{"type":"B","date":"2018-04-10T02:28:13.000Z","volume":100,"label":" ","price":47.6},{"type":"A","date":"2018-04-10T02:28:13.000Z","volume":11800,"label":" ","price":47.7},{"type":"U","date":"2018-04-10T02:28:13.000Z","volume":400,"label":" ","price":47.7},{"type":"U","date":"2018-04-10T02:28:13.000Z","volume":200,"label":" ","price":47.7},{"type":"A","date":"2018-04-10T02:28:15.000Z","volume":400,"label":"Y","price":47.75},{"type":"A","date":"2018-04-10T02:28:15.000Z","volume":1100,"label":" ","price":47.75},{"type":"A","date":"2018-04-10T02:28:15.000Z","volume":500,"label":" ","price":47.75},{"type":"A","date":"2018-04-10T02:28:17.000Z","volume":200,"label":" ","price":47.75},{"type":"A","date":"2018-04-10T02:28:17.000Z","volume":100,"label":" ","price":47.75},{"type":"A","date":"2018-04-10T02:28:58.000Z","volume":5600,"label":" ","price":47.75},{"type":"A","date":"2018-04-10T02:28:58.000Z","volume":2500,"label":" ","price":47.8},{"type":"U","date":"2018-04-10T02:28:58.000Z","volume":200,"label":" ","price":47.7},{"type":"B","date":"2018-04-10T02:28:58.000Z","volume":1200,"label":"Y","price":47.8},{"type":"A","date":"2018-04-10T02:28:59.000Z","volume":400,"label":" ","price":47.85},{"type":"A","date":"2018-04-10T02:28:59.000Z","volume":400,"label":" ","price":47.85},{"type":"A","date":"2018-04-10T02:30:01.000Z","volume":300,"label":" ","price":47.85},{"type":"A","date":"2018-04-10T02:30:20.000Z","volume":100,"label":" ","price":47.85},{"type":"B","date":"2018-04-10T02:30:38.000Z","volume":1000,"label":" ","price":47.8},{"type":"A","date":"2018-04-10T02:30:40.000Z","volume":200,"label":"Y","price":47.85},{"type":"A","date":"2018-04-10T02:30:40.000Z","volume":100,"label":" ","price":47.85},{"type":"B","date":"2018-04-10T02:30:43.000Z","volume":100,"label":" ","price":47.8},{"type":"A","date":"2018-04-10T02:31:01.000Z","volume":100,"label":" ","price":47.85},{"type":"A","date":"2018-04-10T02:31:20.000Z","volume":100,"label":" ","price":47.85},{"type":"A","date":"2018-04-10T02:31:40.000Z","volume":100,"label":" ","price":47.85},{"type":"B","date":"2018-04-10T02:31:58.000Z","volume":1500,"label":" ","price":47.8},{"type":"A","date":"2018-04-10T02:31:59.000Z","volume":200,"label":" ","price":47.85},{"type":"U","date":"2018-04-10T02:32:12.000Z","volume":100,"label":" ","price":47.8},{"type":"A","date":"2018-04-10T02:32:21.000Z","volume":100,"label":" ","price":47.85},{"type":"A","date":"2018-04-10T02:32:40.000Z","volume":100,"label":" ","price":47.85},{"type":"A","date":"2018-04-10T02:33:00.000Z","volume":100,"label":" ","price":47.85},{"type":"A","date":"2018-04-10T02:33:04.000Z","volume":200,"label":" ","price":47.85},{"type":"A","date":"2018-04-10T02:33:20.000Z","volume":100,"label":" ","price":47.85},{"type":"A","date":"2018-04-10T02:33:41.000Z","volume":100,"label":" ","price":47.85},{"type":"B","date":"2018-04-10T02:33:41.000Z","volume":300,"label":" ","price":47.8},{"type":"A","date":"2018-04-10T02:34:00.000Z","volume":100,"label":" ","price":47.85},{"type":"A","date":"2018-04-10T02:34:20.000Z","volume":100,"label":" ","price":47.85},{"type":"A","date":"2018-04-10T02:34:21.000Z","volume":100,"label":"Y","price":47.85},{"type":"A","date":"2018-04-10T02:34:41.000Z","volume":100,"label":" ","price":47.85},{"type":"A","date":"2018-04-10T02:35:01.000Z","volume":100,"label":" ","price":47.85},{"type":"A","date":"2018-04-10T02:35:03.000Z","volume":100,"label":"Y","price":47.85},{"type":"A","date":"2018-04-10T02:35:04.000Z","volume":100,"label":"Y","price":47.85},{"type":"A","date":"2018-04-10T02:35:11.000Z","volume":16500,"label":" ","price":47.85},{"type":"A","date":"2018-04-10T02:35:11.000Z","volume":100,"label":" ","price":47.85},{"type":"A","date":"2018-04-10T02:35:11.000Z","volume":200,"label":" ","price":47.85},{"type":"A","date":"2018-04-10T02:35:11.000Z","volume":1700,"label":"Y","price":47.9},{"type":"A","date":"2018-04-10T02:35:11.000Z","volume":100,"label":" ","price":47.9},{"type":"A","date":"2018-04-10T02:35:12.000Z","volume":2300,"label":" ","price":47.9},{"type":"A","date":"2018-04-10T02:35:12.000Z","volume":800,"label":" ","price":47.9},{"type":"A","date":"2018-04-10T02:35:13.000Z","volume":400,"label":" ","price":47.95},{"type":"A","date":"2018-04-10T02:35:13.000Z","volume":100,"label":" ","price":47.95},{"type":"A","date":"2018-04-10T02:35:14.000Z","volume":100,"label":" ","price":47.95},{"type":"B","date":"2018-04-10T02:35:19.000Z","volume":100,"label":" ","price":47.9},{"type":"A","date":"2018-04-10T02:35:21.000Z","volume":100,"label":" ","price":47.95},{"type":"A","date":"2018-04-10T02:35:41.000Z","volume":100,"label":" ","price":47.95},{"type":"A","date":"2018-04-10T02:35:53.000Z","volume":200,"label":" ","price":47.95},{"type":"A","date":"2018-04-10T02:35:55.000Z","volume":100,"label":" ","price":47.95},{"type":"A","date":"2018-04-10T02:36:02.000Z","volume":100,"label":" ","price":47.95},{"type":"A","date":"2018-04-10T02:36:06.000Z","volume":100,"label":"Y","price":47.95},{"type":"A","date":"2018-04-10T02:36:21.000Z","volume":100,"label":" ","price":47.95},{"type":"A","date":"2018-04-10T02:36:41.000Z","volume":100,"label":" ","price":47.95},{"type":"A","date":"2018-04-10T02:36:59.000Z","volume":100,"label":"Y","price":47.95},{"type":"A","date":"2018-04-10T02:36:59.000Z","volume":1000,"label":" ","price":47.95},{"type":"A","date":"2018-04-10T02:36:59.000Z","volume":200,"label":" ","price":47.95},{"type":"A","date":"2018-04-10T02:36:59.000Z","volume":100,"label":" ","price":47.95},{"type":"A","date":"2018-04-10T02:36:59.000Z","volume":100,"label":" ","price":47.95},{"type":"A","date":"2018-04-10T02:36:59.000Z","volume":100,"label":" ","price":47.95},{"type":"A","date":"2018-04-10T02:37:00.000Z","volume":100,"label":"Y","price":48},{"type":"A","date":"2018-04-10T02:37:01.000Z","volume":100,"label":"Y","price":48},{"type":"A","date":"2018-04-10T02:37:21.000Z","volume":100,"label":" ","price":48},{"type":"A","date":"2018-04-10T02:37:41.000Z","volume":100,"label":" ","price":48},{"type":"A","date":"2018-04-10T02:38:01.000Z","volume":100,"label":" ","price":48},{"type":"A","date":"2018-04-10T02:38:22.000Z","volume":100,"label":" ","price":48},{"type":"A","date":"2018-04-10T02:38:22.000Z","volume":100,"label":"Y","price":48},{"type":"A","date":"2018-04-10T02:38:41.000Z","volume":100,"label":" ","price":48},{"type":"A","date":"2018-04-10T02:39:01.000Z","volume":100,"label":" ","price":48},{"type":"A","date":"2018-04-10T02:39:04.000Z","volume":100,"label":"Y","price":48},{"type":"A","date":"2018-04-10T02:39:11.000Z","volume":7300,"label":" ","price":48},{"type":"A","date":"2018-04-10T02:39:11.000Z","volume":600,"label":"Y","price":48},{"type":"A","date":"2018-04-10T02:39:11.000Z","volume":200,"label":" ","price":48},{"type":"A","date":"2018-04-10T02:39:11.000Z","volume":100,"label":"Y","price":48},{"type":"A","date":"2018-04-10T02:39:11.000Z","volume":900,"label":" ","price":48},{"type":"A","date":"2018-04-10T02:39:13.000Z","volume":100,"label":" ","price":48},{"type":"A","date":"2018-04-10T02:39:13.000Z","volume":100,"label":" ","price":48},{"type":"A","date":"2018-04-10T02:39:21.000Z","volume":100,"label":" ","price":48},{"type":"A","date":"2018-04-10T02:39:42.000Z","volume":100,"label":" ","price":48},{"type":"A","date":"2018-04-10T02:40:02.000Z","volume":100,"label":" ","price":48},{"type":"A","date":"2018-04-10T02:40:06.000Z","volume":100,"label":" ","price":48},{"type":"B","date":"2018-04-10T02:40:16.000Z","volume":100,"label":" ","price":47.95},{"type":"A","date":"2018-04-10T02:40:22.000Z","volume":100,"label":" ","price":48},{"type":"A","date":"2018-04-10T02:40:24.000Z","volume":100,"label":" ","price":48},{"type":"A","date":"2018-04-10T02:40:26.000Z","volume":400,"label":" ","price":48},{"type":"A","date":"2018-04-10T02:40:43.000Z","volume":100,"label":" ","price":48},{"type":"A","date":"2018-04-10T02:40:45.000Z","volume":100,"label":" ","price":48},{"type":"A","date":"2018-04-10T02:40:46.000Z","volume":100,"label":" ","price":48},{"type":"A","date":"2018-04-10T02:41:02.000Z","volume":100,"label":" ","price":48},{"type":"A","date":"2018-04-10T02:41:03.000Z","volume":1000,"label":" ","price":48},{"type":"A","date":"2018-04-10T02:41:05.000Z","volume":200,"label":"Y","price":48},{"type":"A","date":"2018-04-10T02:41:06.000Z","volume":200,"label":"Y","price":48},{"type":"A","date":"2018-04-10T02:41:11.000Z","volume":600,"label":" ","price":48},{"type":"A","date":"2018-04-10T02:41:17.000Z","volume":200,"label":" ","price":48},{"type":"A","date":"2018-04-10T02:41:17.000Z","volume":300,"label":" ","price":48},{"type":"A","date":"2018-04-10T02:41:17.000Z","volume":100,"label":" ","price":48},{"type":"A","date":"2018-04-10T02:41:18.000Z","volume":200,"label":" ","price":48},{"type":"A","date":"2018-04-10T02:41:19.000Z","volume":100,"label":" ","price":48.05},{"type":"A","date":"2018-04-10T02:41:22.000Z","volume":100,"label":" ","price":48.05},{"type":"A","date":"2018-04-10T02:41:23.000Z","volume":100,"label":" ","price":48.05},{"type":"A","date":"2018-04-10T02:41:26.000Z","volume":100,"label":" ","price":48.05},{"type":"A","date":"2018-04-10T02:41:42.000Z","volume":100,"label":" ","price":48.05},{"type":"A","date":"2018-04-10T02:42:03.000Z","volume":100,"label":" ","price":48.05},{"type":"A","date":"2018-04-10T02:42:04.000Z","volume":3200,"label":" ","price":48.05},{"type":"A","date":"2018-04-10T02:42:05.000Z","volume":300,"label":" ","price":48.1},{"type":"A","date":"2018-04-10T02:42:07.000Z","volume":500,"label":" ","price":48.1},{"type":"A","date":"2018-04-10T02:42:08.000Z","volume":100,"label":" ","price":48.1},{"type":"A","date":"2018-04-10T02:42:17.000Z","volume":4100,"label":" ","price":48.1},{"type":"A","date":"2018-04-10T02:42:17.000Z","volume":200,"label":" ","price":48.1},{"type":"A","date":"2018-04-10T02:42:17.000Z","volume":400,"label":" ","price":48.1},{"type":"B","date":"2018-04-10T02:42:18.000Z","volume":200,"label":" ","price":48.05},{"type":"A","date":"2018-04-10T02:42:18.000Z","volume":200,"label":" ","price":48.1},{"type":"A","date":"2018-04-10T02:42:18.000Z","volume":100,"label":" ","price":48.1},{"type":"A","date":"2018-04-10T02:42:19.000Z","volume":100,"label":" ","price":48.1},{"type":"A","date":"2018-04-10T02:42:19.000Z","volume":400,"label":" ","price":48.1},{"type":"A","date":"2018-04-10T02:42:22.000Z","volume":100,"label":" ","price":48.1},{"type":"A","date":"2018-04-10T02:42:22.000Z","volume":100,"label":" ","price":48.1},{"type":"A","date":"2018-04-10T02:42:42.000Z","volume":100,"label":" ","price":48.1},{"type":"A","date":"2018-04-10T02:43:02.000Z","volume":100,"label":" ","price":48.1},{"type":"A","date":"2018-04-10T02:43:23.000Z","volume":100,"label":" ","price":48.1},{"type":"A","date":"2018-04-10T02:43:26.000Z","volume":100,"label":" ","price":48.1},{"type":"A","date":"2018-04-10T02:43:33.000Z","volume":100,"label":" ","price":48.1},{"type":"A","date":"2018-04-10T02:43:42.000Z","volume":100,"label":" ","price":48.1},{"type":"B","date":"2018-04-10T02:43:53.000Z","volume":4900,"label":" ","price":48.05},{"type":"B","date":"2018-04-10T02:43:53.000Z","volume":100,"label":" ","price":48.05},{"type":"A","date":"2018-04-10T02:43:53.000Z","volume":100,"label":" ","price":48.1},{"type":"A","date":"2018-04-10T02:43:53.000Z","volume":100,"label":" ","price":48.1},{"type":"B","date":"2018-04-10T02:43:55.000Z","volume":2200,"label":" ","price":48},{"type":"B","date":"2018-04-10T02:44:00.000Z","volume":600,"label":" ","price":47.95},{"type":"U","date":"2018-04-10T02:44:01.000Z","volume":36,"label":"D","price":47.5},{"type":"A","date":"2018-04-10T02:44:42.000Z","volume":100,"label":" ","price":48},{"type":"A","date":"2018-04-10T02:44:44.000Z","volume":100,"label":" ","price":48},{"type":"A","date":"2018-04-10T02:45:03.000Z","volume":100,"label":" ","price":48},{"type":"B","date":"2018-04-10T02:45:03.000Z","volume":500,"label":" ","price":47.95},{"type":"B","date":"2018-04-10T02:45:10.000Z","volume":100,"label":" ","price":47.9},{"type":"A","date":"2018-04-10T02:45:44.000Z","volume":100,"label":" ","price":48},{"type":"A","date":"2018-04-10T02:46:03.000Z","volume":100,"label":" ","price":48},{"type":"A","date":"2018-04-10T02:46:05.000Z","volume":100,"label":" ","price":48},{"type":"A","date":"2018-04-10T02:46:23.000Z","volume":100,"label":" ","price":48},{"type":"A","date":"2018-04-10T02:46:44.000Z","volume":100,"label":" ","price":48},{"type":"A","date":"2018-04-10T02:47:03.000Z","volume":100,"label":" ","price":48},{"type":"A","date":"2018-04-10T02:47:23.000Z","volume":100,"label":" ","price":48},{"type":"A","date":"2018-04-10T02:47:43.000Z","volume":100,"label":" ","price":48},{"type":"A","date":"2018-04-10T02:48:04.000Z","volume":100,"label":" ","price":48},{"type":"A","date":"2018-04-10T02:48:23.000Z","volume":100,"label":" ","price":48},{"type":"A","date":"2018-04-10T02:48:43.000Z","volume":100,"label":" ","price":48},{"type":"A","date":"2018-04-10T02:49:01.000Z","volume":100,"label":" ","price":48},{"type":"A","date":"2018-04-10T02:49:02.000Z","volume":100,"label":" ","price":48},{"type":"A","date":"2018-04-10T02:49:03.000Z","volume":100,"label":" ","price":48},{"type":"B","date":"2018-04-10T02:49:05.000Z","volume":600,"label":" ","price":47.95},{"type":"B","date":"2018-04-10T02:49:05.000Z","volume":400,"label":" ","price":47.95},{"type":"B","date":"2018-04-10T02:49:05.000Z","volume":300,"label":" ","price":47.95},{"type":"B","date":"2018-04-10T02:49:05.000Z","volume":600,"label":" ","price":47.9},{"type":"A","date":"2018-04-10T02:49:05.000Z","volume":200,"label":" ","price":48},{"type":"U","date":"2018-04-10T02:49:44.000Z","volume":100,"label":" ","price":47.85},{"type":"U","date":"2018-04-10T02:49:44.000Z","volume":100,"label":"Y","price":47.85},{"type":"B","date":"2018-04-10T02:49:56.000Z","volume":100,"label":"Y","price":47.85},{"type":"A","date":"2018-04-10T02:50:04.000Z","volume":100,"label":" ","price":47.9},{"type":"A","date":"2018-04-10T02:50:25.000Z","volume":100,"label":" ","price":47.9},{"type":"A","date":"2018-04-10T02:50:44.000Z","volume":100,"label":" ","price":47.9},{"type":"A","date":"2018-04-10T02:51:04.000Z","volume":100,"label":" ","price":47.9},{"type":"A","date":"2018-04-10T02:51:05.000Z","volume":100,"label":" ","price":47.9},{"type":"A","date":"2018-04-10T02:51:24.000Z","volume":100,"label":" ","price":47.9},{"type":"A","date":"2018-04-10T02:51:45.000Z","volume":100,"label":" ","price":47.9},{"type":"A","date":"2018-04-10T02:52:04.000Z","volume":200,"label":" ","price":47.9},{"type":"A","date":"2018-04-10T02:52:24.000Z","volume":100,"label":" ","price":47.9},{"type":"A","date":"2018-04-10T02:52:45.000Z","volume":100,"label":" ","price":47.9},{"type":"B","date":"2018-04-10T02:52:50.000Z","volume":300,"label":" ","price":47.85},{"type":"A","date":"2018-04-10T02:52:52.000Z","volume":100,"label":" ","price":47.9},{"type":"A","date":"2018-04-10T02:53:11.000Z","volume":400,"label":" ","price":47.9},{"type":"A","date":"2018-04-10T02:53:24.000Z","volume":100,"label":" ","price":47.9},{"type":"A","date":"2018-04-10T02:53:44.000Z","volume":100,"label":" ","price":47.9},{"type":"A","date":"2018-04-10T02:54:05.000Z","volume":100,"label":" ","price":47.9},{"type":"A","date":"2018-04-10T02:54:24.000Z","volume":100,"label":" ","price":47.9},{"type":"A","date":"2018-04-10T02:54:45.000Z","volume":100,"label":" ","price":47.9},{"type":"A","date":"2018-04-10T02:54:46.000Z","volume":100,"label":" ","price":47.9},{"type":"A","date":"2018-04-10T02:55:05.000Z","volume":100,"label":" ","price":47.9},{"type":"A","date":"2018-04-10T02:55:26.000Z","volume":100,"label":" ","price":47.9},{"type":"A","date":"2018-04-10T02:55:45.000Z","volume":100,"label":" ","price":47.9},{"type":"A","date":"2018-04-10T02:56:05.000Z","volume":100,"label":" ","price":47.9},{"type":"B","date":"2018-04-10T02:56:23.000Z","volume":100,"label":" ","price":47.85},{"type":"A","date":"2018-04-10T02:56:26.000Z","volume":100,"label":" ","price":47.9},{"type":"B","date":"2018-04-10T02:56:28.000Z","volume":5000,"label":" ","price":47.85},{"type":"B","date":"2018-04-10T02:56:28.000Z","volume":700,"label":" ","price":47.85},{"type":"A","date":"2018-04-10T02:56:28.000Z","volume":100,"label":" ","price":47.9},{"type":"A","date":"2018-04-10T02:56:30.000Z","volume":100,"label":" ","price":47.9},{"type":"B","date":"2018-04-10T02:56:39.000Z","volume":2100,"label":" ","price":47.8},{"type":"A","date":"2018-04-10T02:57:05.000Z","volume":100,"label":" ","price":47.8},{"type":"A","date":"2018-04-10T02:57:25.000Z","volume":100,"label":" ","price":47.8},{"type":"B","date":"2018-04-10T02:57:43.000Z","volume":500,"label":" ","price":47.75},{"type":"A","date":"2018-04-10T02:57:43.000Z","volume":100,"label":" ","price":47.75},{"type":"A","date":"2018-04-10T02:58:05.000Z","volume":100,"label":" ","price":47.75},{"type":"A","date":"2018-04-10T02:58:25.000Z","volume":100,"label":" ","price":47.75},{"type":"A","date":"2018-04-10T02:58:45.000Z","volume":100,"label":" ","price":47.75},{"type":"B","date":"2018-04-10T02:59:00.000Z","volume":100,"label":" ","price":47.7},{"type":"A","date":"2018-04-10T02:59:06.000Z","volume":100,"label":" ","price":47.75},{"type":"A","date":"2018-04-10T02:59:06.000Z","volume":100,"label":" ","price":47.75},{"type":"B","date":"2018-04-10T02:59:08.000Z","volume":100,"label":" ","price":47.7},{"type":"B","date":"2018-04-10T02:59:18.000Z","volume":100,"label":" ","price":47.7},{"type":"A","date":"2018-04-10T02:59:25.000Z","volume":100,"label":" ","price":47.75},{"type":"B","date":"2018-04-10T02:59:37.000Z","volume":100,"label":" ","price":47.7},{"type":"B","date":"2018-04-10T02:59:37.000Z","volume":1600,"label":" ","price":47.7},{"type":"A","date":"2018-04-10T02:59:37.000Z","volume":200,"label":" ","price":47.75},{"type":"B","date":"2018-04-10T02:59:58.000Z","volume":100,"label":" ","price":47.65},{"type":"A","date":"2018-04-10T03:00:07.000Z","volume":100,"label":" ","price":47.7},{"type":"B","date":"2018-04-10T03:00:13.000Z","volume":100,"label":" ","price":47.65},{"type":"A","date":"2018-04-10T03:00:26.000Z","volume":100,"label":" ","price":47.7},{"type":"B","date":"2018-04-10T03:00:33.000Z","volume":100,"label":" ","price":47.65},{"type":"A","date":"2018-04-10T03:00:46.000Z","volume":100,"label":" ","price":47.7},{"type":"B","date":"2018-04-10T03:01:05.000Z","volume":100,"label":" ","price":47.65},{"type":"B","date":"2018-04-10T03:01:05.000Z","volume":100,"label":" ","price":47.65},{"type":"A","date":"2018-04-10T03:01:06.000Z","volume":100,"label":" ","price":47.7},{"type":"B","date":"2018-04-10T03:01:21.000Z","volume":100,"label":" ","price":47.65},{"type":"A","date":"2018-04-10T03:01:27.000Z","volume":100,"label":" ","price":47.7},{"type":"B","date":"2018-04-10T03:01:41.000Z","volume":100,"label":" ","price":47.65},{"type":"A","date":"2018-04-10T03:01:46.000Z","volume":100,"label":" ","price":47.7},{"type":"A","date":"2018-04-10T03:01:48.000Z","volume":1800,"label":" ","price":47.7},{"type":"A","date":"2018-04-10T03:01:52.000Z","volume":100,"label":"Y","price":47.7},{"type":"A","date":"2018-04-10T03:01:52.000Z","volume":100,"label":" ","price":47.7},{"type":"A","date":"2018-04-10T03:01:54.000Z","volume":1600,"label":" ","price":47.7},{"type":"A","date":"2018-04-10T03:01:54.000Z","volume":900,"label":"Y","price":47.7},{"type":"A","date":"2018-04-10T03:01:54.000Z","volume":100,"label":" ","price":47.7},{"type":"A","date":"2018-04-10T03:01:54.000Z","volume":1800,"label":" ","price":47.7},{"type":"A","date":"2018-04-10T03:01:54.000Z","volume":500,"label":" ","price":47.7},{"type":"A","date":"2018-04-10T03:02:06.000Z","volume":100,"label":" ","price":47.7},{"type":"A","date":"2018-04-10T03:02:27.000Z","volume":100,"label":" ","price":47.7},{"type":"A","date":"2018-04-10T03:02:46.000Z","volume":100,"label":" ","price":47.7},{"type":"A","date":"2018-04-10T03:02:52.000Z","volume":1300,"label":" ","price":47.7},{"type":"A","date":"2018-04-10T03:02:55.000Z","volume":200,"label":"Y","price":47.7},{"type":"A","date":"2018-04-10T03:03:06.000Z","volume":100,"label":" ","price":47.7},{"type":"A","date":"2018-04-10T03:03:26.000Z","volume":100,"label":" ","price":47.7},{"type":"A","date":"2018-04-10T03:03:47.000Z","volume":100,"label":" ","price":47.7},{"type":"A","date":"2018-04-10T03:04:06.000Z","volume":100,"label":" ","price":47.7},{"type":"A","date":"2018-04-10T03:04:26.000Z","volume":100,"label":" ","price":47.7},{"type":"A","date":"2018-04-10T03:04:47.000Z","volume":100,"label":" ","price":47.7},{"type":"A","date":"2018-04-10T03:05:08.000Z","volume":100,"label":" ","price":47.7},{"type":"A","date":"2018-04-10T03:05:12.000Z","volume":100,"label":"Y","price":47.7},{"type":"B","date":"2018-04-10T03:05:15.000Z","volume":200,"label":" ","price":47.65},{"type":"A","date":"2018-04-10T03:05:27.000Z","volume":100,"label":" ","price":47.7},{"type":"A","date":"2018-04-10T03:05:47.000Z","volume":100,"label":" ","price":47.7},{"type":"A","date":"2018-04-10T03:06:08.000Z","volume":100,"label":" ","price":47.7},{"type":"A","date":"2018-04-10T03:06:27.000Z","volume":100,"label":" ","price":47.7},{"type":"A","date":"2018-04-10T03:06:33.000Z","volume":300,"label":" ","price":47.7},{"type":"A","date":"2018-04-10T03:06:33.000Z","volume":100,"label":"Y","price":47.7},{"type":"A","date":"2018-04-10T03:06:47.000Z","volume":100,"label":" ","price":47.7},{"type":"B","date":"2018-04-10T03:06:55.000Z","volume":100,"label":" ","price":47.65},{"type":"A","date":"2018-04-10T03:07:07.000Z","volume":100,"label":" ","price":47.7},{"type":"B","date":"2018-04-10T03:07:17.000Z","volume":100,"label":" ","price":47.65},{"type":"A","date":"2018-04-10T03:07:37.000Z","volume":200,"label":" ","price":47.7},{"type":"B","date":"2018-04-10T03:07:37.000Z","volume":100,"label":" ","price":47.65},{"type":"A","date":"2018-04-10T03:07:47.000Z","volume":100,"label":" ","price":47.7},{"type":"A","date":"2018-04-10T03:07:57.000Z","volume":100,"label":" ","price":47.7},{"type":"B","date":"2018-04-10T03:07:57.000Z","volume":100,"label":" ","price":47.65},{"type":"A","date":"2018-04-10T03:07:57.000Z","volume":100,"label":"Y","price":47.7},{"type":"A","date":"2018-04-10T03:08:07.000Z","volume":100,"label":" ","price":47.7},{"type":"B","date":"2018-04-10T03:08:11.000Z","volume":100,"label":" ","price":47.65},{"type":"A","date":"2018-04-10T03:08:27.000Z","volume":100,"label":" ","price":47.7},{"type":"A","date":"2018-04-10T03:08:34.000Z","volume":200,"label":" ","price":47.7},{"type":"B","date":"2018-04-10T03:08:39.000Z","volume":100,"label":" ","price":47.65},{"type":"A","date":"2018-04-10T03:08:48.000Z","volume":100,"label":" ","price":47.7},{"type":"A","date":"2018-04-10T03:09:07.000Z","volume":100,"label":" ","price":47.7},{"type":"A","date":"2018-04-10T03:09:08.000Z","volume":100,"label":" ","price":47.7},{"type":"B","date":"2018-04-10T03:09:11.000Z","volume":100,"label":" ","price":47.65},{"type":"A","date":"2018-04-10T03:09:28.000Z","volume":100,"label":" ","price":47.7},{"type":"A","date":"2018-04-10T03:09:39.000Z","volume":100,"label":" ","price":47.7},{"type":"A","date":"2018-04-10T03:09:49.000Z","volume":100,"label":" ","price":47.7},{"type":"A","date":"2018-04-10T03:10:01.000Z","volume":400,"label":" ","price":47.7},{"type":"A","date":"2018-04-10T03:10:08.000Z","volume":100,"label":" ","price":47.7},{"type":"A","date":"2018-04-10T03:10:08.000Z","volume":100,"label":"Y","price":47.7},{"type":"B","date":"2018-04-10T03:10:19.000Z","volume":100,"label":"Y","price":47.65},{"type":"A","date":"2018-04-10T03:10:28.000Z","volume":100,"label":" ","price":47.7},{"type":"A","date":"2018-04-10T03:10:48.000Z","volume":100,"label":" ","price":47.7},{"type":"A","date":"2018-04-10T03:11:09.000Z","volume":100,"label":" ","price":47.7},{"type":"B","date":"2018-04-10T03:11:19.000Z","volume":100,"label":" ","price":47.65},{"type":"B","date":"2018-04-10T03:11:24.000Z","volume":100,"label":" ","price":47.65},{"type":"A","date":"2018-04-10T03:11:25.000Z","volume":200,"label":" ","price":47.7},{"type":"A","date":"2018-04-10T03:11:28.000Z","volume":100,"label":" ","price":47.7},{"type":"A","date":"2018-04-10T03:11:28.000Z","volume":100,"label":" ","price":47.7},{"type":"A","date":"2018-04-10T03:11:48.000Z","volume":100,"label":" ","price":47.7},{"type":"A","date":"2018-04-10T03:11:57.000Z","volume":2300,"label":" ","price":47.7},{"type":"A","date":"2018-04-10T03:11:59.000Z","volume":200,"label":" ","price":47.7},{"type":"A","date":"2018-04-10T03:12:09.000Z","volume":100,"label":" ","price":47.7},{"type":"A","date":"2018-04-10T03:12:28.000Z","volume":200,"label":" ","price":47.7},{"type":"A","date":"2018-04-10T03:12:28.000Z","volume":100,"label":" ","price":47.7},{"type":"A","date":"2018-04-10T03:12:29.000Z","volume":100,"label":" ","price":47.7},{"type":"B","date":"2018-04-10T03:12:30.000Z","volume":100,"label":" ","price":47.65},{"type":"A","date":"2018-04-10T03:12:48.000Z","volume":100,"label":" ","price":47.7},{"type":"A","date":"2018-04-10T03:12:57.000Z","volume":4000,"label":" ","price":47.7},{"type":"A","date":"2018-04-10T03:12:59.000Z","volume":400,"label":" ","price":47.7},{"type":"A","date":"2018-04-10T03:13:08.000Z","volume":100,"label":" ","price":47.7},{"type":"A","date":"2018-04-10T03:13:29.000Z","volume":100,"label":" ","price":47.7},{"type":"A","date":"2018-04-10T03:13:33.000Z","volume":100,"label":"Y","price":47.7},{"type":"A","date":"2018-04-10T03:13:48.000Z","volume":100,"label":" ","price":47.7},{"type":"A","date":"2018-04-10T03:14:08.000Z","volume":100,"label":" ","price":47.7},{"type":"B","date":"2018-04-10T03:14:19.000Z","volume":100,"label":" ","price":47.65},{"type":"A","date":"2018-04-10T03:14:26.000Z","volume":300,"label":" ","price":47.7},{"type":"A","date":"2018-04-10T03:14:29.000Z","volume":200,"label":" ","price":47.7},{"type":"A","date":"2018-04-10T03:14:50.000Z","volume":100,"label":" ","price":47.7},{"type":"A","date":"2018-04-10T03:14:51.000Z","volume":100,"label":" ","price":47.7},{"type":"A","date":"2018-04-10T03:15:09.000Z","volume":100,"label":" ","price":47.7},{"type":"B","date":"2018-04-10T03:15:17.000Z","volume":100,"label":" ","price":47.65},{"type":"A","date":"2018-04-10T03:15:24.000Z","volume":100,"label":" ","price":47.7},{"type":"A","date":"2018-04-10T03:15:29.000Z","volume":100,"label":" ","price":47.7},{"type":"B","date":"2018-04-10T03:15:38.000Z","volume":100,"label":" ","price":47.65},{"type":"A","date":"2018-04-10T03:15:50.000Z","volume":100,"label":" ","price":47.7},{"type":"B","date":"2018-04-10T03:15:59.000Z","volume":100,"label":" ","price":47.65},{"type":"A","date":"2018-04-10T03:16:09.000Z","volume":100,"label":" ","price":47.7},{"type":"A","date":"2018-04-10T03:16:14.000Z","volume":100,"label":" ","price":47.7},{"type":"A","date":"2018-04-10T03:16:17.000Z","volume":100,"label":" ","price":47.7},{"type":"A","date":"2018-04-10T03:16:18.000Z","volume":100,"label":" ","price":47.7},{"type":"A","date":"2018-04-10T03:16:29.000Z","volume":200,"label":" ","price":47.7},{"type":"A","date":"2018-04-10T03:16:29.000Z","volume":100,"label":" ","price":47.7},{"type":"A","date":"2018-04-10T03:16:49.000Z","volume":100,"label":" ","price":47.7},{"type":"B","date":"2018-04-10T03:17:07.000Z","volume":100,"label":" ","price":47.65},{"type":"A","date":"2018-04-10T03:17:10.000Z","volume":100,"label":" ","price":47.7},{"type":"A","date":"2018-04-10T03:17:28.000Z","volume":200,"label":" ","price":47.7},{"type":"A","date":"2018-04-10T03:17:29.000Z","volume":100,"label":" ","price":47.7},{"type":"B","date":"2018-04-10T03:17:29.000Z","volume":100,"label":" ","price":47.65},{"type":"A","date":"2018-04-10T03:17:30.000Z","volume":100,"label":" ","price":47.7},{"type":"A","date":"2018-04-10T03:17:30.000Z","volume":400,"label":" ","price":47.7},{"type":"A","date":"2018-04-10T03:17:49.000Z","volume":100,"label":" ","price":47.7},{"type":"B","date":"2018-04-10T03:17:51.000Z","volume":100,"label":" ","price":47.65},{"type":"A","date":"2018-04-10T03:18:10.000Z","volume":100,"label":" ","price":47.7},{"type":"A","date":"2018-04-10T03:18:11.000Z","volume":100,"label":"Y","price":47.7},{"type":"B","date":"2018-04-10T03:18:17.000Z","volume":100,"label":" ","price":47.65},{"type":"A","date":"2018-04-10T03:18:30.000Z","volume":100,"label":" ","price":47.7},{"type":"B","date":"2018-04-10T03:18:43.000Z","volume":100,"label":" ","price":47.65},{"type":"B","date":"2018-04-10T03:18:46.000Z","volume":100,"label":" ","price":47.65},{"type":"A","date":"2018-04-10T03:18:49.000Z","volume":100,"label":" ","price":47.7},{"type":"A","date":"2018-04-10T03:19:09.000Z","volume":100,"label":" ","price":47.7},{"type":"B","date":"2018-04-10T03:19:13.000Z","volume":100,"label":" ","price":47.65},{"type":"A","date":"2018-04-10T03:19:30.000Z","volume":300,"label":" ","price":47.7},{"type":"A","date":"2018-04-10T03:19:31.000Z","volume":100,"label":" ","price":47.7},{"type":"B","date":"2018-04-10T03:19:47.000Z","volume":100,"label":" ","price":47.65},{"type":"A","date":"2018-04-10T03:19:50.000Z","volume":100,"label":" ","price":47.7},{"type":"A","date":"2018-04-10T03:20:10.000Z","volume":100,"label":" ","price":47.7},{"type":"B","date":"2018-04-10T03:20:12.000Z","volume":100,"label":" ","price":47.65},{"type":"A","date":"2018-04-10T03:20:30.000Z","volume":100,"label":" ","price":47.7},{"type":"B","date":"2018-04-10T03:20:33.000Z","volume":100,"label":" ","price":47.65},{"type":"B","date":"2018-04-10T03:20:43.000Z","volume":100,"label":" ","price":47.65},{"type":"B","date":"2018-04-10T03:20:51.000Z","volume":100,"label":" ","price":47.65},{"type":"A","date":"2018-04-10T03:20:51.000Z","volume":100,"label":" ","price":47.7},{"type":"B","date":"2018-04-10T03:21:03.000Z","volume":100,"label":" ","price":47.65},{"type":"A","date":"2018-04-10T03:21:10.000Z","volume":100,"label":" ","price":47.7},{"type":"A","date":"2018-04-10T03:21:25.000Z","volume":300,"label":" ","price":47.7},{"type":"A","date":"2018-04-10T03:21:30.000Z","volume":100,"label":" ","price":47.7},{"type":"A","date":"2018-04-10T03:21:31.000Z","volume":200,"label":" ","price":47.7},{"type":"A","date":"2018-04-10T03:21:51.000Z","volume":100,"label":" ","price":47.7},{"type":"B","date":"2018-04-10T03:22:00.000Z","volume":100,"label":"Y","price":47.65},{"type":"A","date":"2018-04-10T03:22:10.000Z","volume":100,"label":" ","price":47.7},{"type":"A","date":"2018-04-10T03:22:30.000Z","volume":100,"label":" ","price":47.7},{"type":"B","date":"2018-04-10T03:22:36.000Z","volume":5200,"label":" ","price":47.65},{"type":"A","date":"2018-04-10T03:22:37.000Z","volume":200,"label":"Y","price":47.7},{"type":"A","date":"2018-04-10T03:22:37.000Z","volume":100,"label":" ","price":47.7},{"type":"B","date":"2018-04-10T03:22:53.000Z","volume":100,"label":" ","price":47.65},{"type":"B","date":"2018-04-10T03:22:53.000Z","volume":5700,"label":" ","price":47.65},{"type":"B","date":"2018-04-10T03:22:53.000Z","volume":200,"label":" ","price":47.65},{"type":"B","date":"2018-04-10T03:22:53.000Z","volume":300,"label":" ","price":47.65},{"type":"B","date":"2018-04-10T03:22:54.000Z","volume":100,"label":"Y","price":47.65},{"type":"A","date":"2018-04-10T03:22:54.000Z","volume":100,"label":" ","price":47.7},{"type":"B","date":"2018-04-10T03:23:17.000Z","volume":100,"label":" ","price":47.6},{"type":"B","date":"2018-04-10T03:23:18.000Z","volume":900,"label":" ","price":47.6},{"type":"B","date":"2018-04-10T03:23:18.000Z","volume":100,"label":" ","price":47.6},{"type":"A","date":"2018-04-10T03:23:50.000Z","volume":100,"label":" ","price":47.7},{"type":"A","date":"2018-04-10T03:24:12.000Z","volume":100,"label":" ","price":47.7},{"type":"A","date":"2018-04-10T03:24:32.000Z","volume":100,"label":" ","price":47.7},{"type":"A","date":"2018-04-10T03:24:51.000Z","volume":100,"label":" ","price":47.7},{"type":"A","date":"2018-04-10T03:25:11.000Z","volume":100,"label":" ","price":47.7},{"type":"A","date":"2018-04-10T03:25:32.000Z","volume":100,"label":" ","price":47.7},{"type":"A","date":"2018-04-10T03:25:51.000Z","volume":100,"label":" ","price":47.7},{"type":"B","date":"2018-04-10T03:25:57.000Z","volume":100,"label":" ","price":47.65},{"type":"B","date":"2018-04-10T03:26:09.000Z","volume":100,"label":" ","price":47.65},{"type":"A","date":"2018-04-10T03:26:11.000Z","volume":100,"label":" ","price":47.7},{"type":"B","date":"2018-04-10T03:26:22.000Z","volume":100,"label":" ","price":47.65},{"type":"A","date":"2018-04-10T03:26:31.000Z","volume":100,"label":" ","price":47.7},{"type":"A","date":"2018-04-10T03:26:52.000Z","volume":100,"label":" ","price":47.7},{"type":"A","date":"2018-04-10T03:27:11.000Z","volume":100,"label":" ","price":47.7},{"type":"A","date":"2018-04-10T03:27:31.000Z","volume":100,"label":" ","price":47.7},{"type":"A","date":"2018-04-10T03:27:52.000Z","volume":100,"label":" ","price":47.7},{"type":"A","date":"2018-04-10T03:27:53.000Z","volume":100,"label":" ","price":47.7},{"type":"A","date":"2018-04-10T03:27:54.000Z","volume":100,"label":" ","price":47.7},{"type":"B","date":"2018-04-10T03:28:03.000Z","volume":100,"label":" ","price":47.65},{"type":"A","date":"2018-04-10T03:28:12.000Z","volume":100,"label":" ","price":47.7},{"type":"A","date":"2018-04-10T03:28:31.000Z","volume":100,"label":" ","price":47.7},{"type":"A","date":"2018-04-10T03:28:32.000Z","volume":100,"label":" ","price":47.7},{"type":"B","date":"2018-04-10T03:28:44.000Z","volume":100,"label":" ","price":47.65},{"type":"A","date":"2018-04-10T03:28:45.000Z","volume":300,"label":" ","price":47.7},{"type":"A","date":"2018-04-10T03:28:46.000Z","volume":100,"label":" ","price":47.7},{"type":"B","date":"2018-04-10T03:28:46.000Z","volume":100,"label":" ","price":47.65},{"type":"A","date":"2018-04-10T03:28:51.000Z","volume":100,"label":" ","price":47.7},{"type":"A","date":"2018-04-10T03:28:58.000Z","volume":100,"label":" ","price":47.7},{"type":"A","date":"2018-04-10T03:28:58.000Z","volume":100,"label":" ","price":47.7},{"type":"B","date":"2018-04-10T03:29:01.000Z","volume":100,"label":" ","price":47.65},{"type":"B","date":"2018-04-10T03:29:06.000Z","volume":100,"label":"Y","price":47.65},{"type":"B","date":"2018-04-10T03:29:06.000Z","volume":1600,"label":" ","price":47.65},{"type":"U","date":"2018-04-10T03:29:06.000Z","volume":100,"label":"X","price":47.675},{"type":"U","date":"2018-04-10T03:29:06.000Z","volume":100,"label":"X","price":47.675},{"type":"U","date":"2018-04-10T03:29:06.000Z","volume":200,"label":" ","price":47.65},{"type":"A","date":"2018-04-10T03:29:06.000Z","volume":200,"label":" ","price":47.65},{"type":"B","date":"2018-04-10T03:29:21.000Z","volume":100,"label":" ","price":47.6},{"type":"B","date":"2018-04-10T03:29:23.000Z","volume":900,"label":" ","price":47.6},{"type":"A","date":"2018-04-10T03:29:23.000Z","volume":100,"label":" ","price":47.65},{"type":"B","date":"2018-04-10T03:29:26.000Z","volume":100,"label":" ","price":47.6},{"type":"A","date":"2018-04-10T03:29:32.000Z","volume":100,"label":" ","price":47.65},{"type":"A","date":"2018-04-10T03:29:34.000Z","volume":100,"label":" ","price":47.65},{"type":"B","date":"2018-04-10T03:29:50.000Z","volume":600,"label":" ","price":47.6},{"type":"B","date":"2018-04-10T03:30:00.000Z","volume":100,"label":" ","price":47.55},{"type":"U","date":"2018-04-10T03:30:13.000Z","volume":100,"label":" ","price":47.6},{"type":"B","date":"2018-04-10T03:30:18.000Z","volume":100,"label":" ","price":47.6},{"type":"A","date":"2018-04-10T03:30:18.000Z","volume":100,"label":" ","price":47.65},{"type":"A","date":"2018-04-10T03:30:52.000Z","volume":100,"label":" ","price":47.65},{"type":"A","date":"2018-04-10T03:31:12.000Z","volume":100,"label":" ","price":47.65},{"type":"A","date":"2018-04-10T03:31:33.000Z","volume":100,"label":" ","price":47.65},{"type":"A","date":"2018-04-10T03:31:52.000Z","volume":100,"label":" ","price":47.65},{"type":"A","date":"2018-04-10T03:32:12.000Z","volume":100,"label":" ","price":47.65},{"type":"A","date":"2018-04-10T03:32:24.000Z","volume":200,"label":" ","price":47.65},{"type":"A","date":"2018-04-10T03:32:32.000Z","volume":100,"label":" ","price":47.65},{"type":"A","date":"2018-04-10T03:32:53.000Z","volume":100,"label":" ","price":47.65},{"type":"A","date":"2018-04-10T03:32:53.000Z","volume":100,"label":" ","price":47.65},{"type":"A","date":"2018-04-10T03:33:12.000Z","volume":100,"label":" ","price":47.65},{"type":"A","date":"2018-04-10T03:33:32.000Z","volume":100,"label":" ","price":47.65},{"type":"A","date":"2018-04-10T03:33:53.000Z","volume":100,"label":" ","price":47.65},{"type":"A","date":"2018-04-10T03:34:14.000Z","volume":100,"label":" ","price":47.65},{"type":"A","date":"2018-04-10T03:34:33.000Z","volume":100,"label":" ","price":47.65},{"type":"B","date":"2018-04-10T03:34:51.000Z","volume":100,"label":" ","price":47.6},{"type":"A","date":"2018-04-10T03:34:53.000Z","volume":100,"label":" ","price":47.65},{"type":"A","date":"2018-04-10T03:35:14.000Z","volume":100,"label":" ","price":47.65},{"type":"A","date":"2018-04-10T03:35:33.000Z","volume":100,"label":" ","price":47.65},{"type":"A","date":"2018-04-10T03:35:34.000Z","volume":100,"label":" ","price":47.65},{"type":"A","date":"2018-04-10T03:35:53.000Z","volume":100,"label":" ","price":47.65},{"type":"B","date":"2018-04-10T03:35:54.000Z","volume":100,"label":" ","price":47.6},{"type":"B","date":"2018-04-10T03:36:05.000Z","volume":100,"label":" ","price":47.6},{"type":"A","date":"2018-04-10T03:36:13.000Z","volume":100,"label":" ","price":47.65},{"type":"B","date":"2018-04-10T03:36:16.000Z","volume":200,"label":" ","price":47.6},{"type":"B","date":"2018-04-10T03:36:17.000Z","volume":600,"label":" ","price":47.6},{"type":"A","date":"2018-04-10T03:36:20.000Z","volume":100,"label":"Y","price":47.65},{"type":"A","date":"2018-04-10T03:36:34.000Z","volume":200,"label":" ","price":47.65},{"type":"A","date":"2018-04-10T03:36:53.000Z","volume":100,"label":" ","price":47.65},{"type":"A","date":"2018-04-10T03:37:13.000Z","volume":100,"label":" ","price":47.65},{"type":"A","date":"2018-04-10T03:37:34.000Z","volume":100,"label":" ","price":47.65},{"type":"B","date":"2018-04-10T03:37:47.000Z","volume":2300,"label":" ","price":47.6},{"type":"B","date":"2018-04-10T03:37:47.000Z","volume":12700,"label":" ","price":47.55},{"type":"B","date":"2018-04-10T03:37:47.000Z","volume":600,"label":" ","price":47.55},{"type":"B","date":"2018-04-10T03:37:48.000Z","volume":4000,"label":" ","price":47.5},{"type":"B","date":"2018-04-10T03:37:48.000Z","volume":200,"label":" ","price":47.4},{"type":"A","date":"2018-04-10T03:37:48.000Z","volume":1000,"label":" ","price":47.6},{"type":"B","date":"2018-04-10T03:37:48.000Z","volume":300,"label":" ","price":47.4},{"type":"U","date":"2018-04-10T03:37:48.000Z","volume":500,"label":" ","price":47.5},{"type":"B","date":"2018-04-10T03:37:48.000Z","volume":100,"label":" ","price":47.4},{"type":"A","date":"2018-04-10T03:37:50.000Z","volume":700,"label":" ","price":47.5},{"type":"A","date":"2018-04-10T03:38:33.000Z","volume":100,"label":" ","price":47.45},{"type":"B","date":"2018-04-10T03:38:36.000Z","volume":100,"label":" ","price":47.4},{"type":"A","date":"2018-04-10T03:38:54.000Z","volume":100,"label":" ","price":47.45},{"type":"A","date":"2018-04-10T03:39:14.000Z","volume":100,"label":" ","price":47.45},{"type":"A","date":"2018-04-10T03:39:21.000Z","volume":1000,"label":"Y","price":47.45},{"type":"A","date":"2018-04-10T03:39:21.000Z","volume":4000,"label":" ","price":47.45},{"type":"A","date":"2018-04-10T03:39:23.000Z","volume":600,"label":" ","price":47.45},{"type":"A","date":"2018-04-10T03:39:34.000Z","volume":100,"label":" ","price":47.45},{"type":"B","date":"2018-04-10T03:39:47.000Z","volume":400,"label":" ","price":47.4},{"type":"A","date":"2018-04-10T03:39:50.000Z","volume":400,"label":" ","price":47.35},{"type":"A","date":"2018-04-10T03:39:50.000Z","volume":100,"label":" ","price":47.35},{"type":"A","date":"2018-04-10T03:39:50.000Z","volume":100,"label":" ","price":47.4},{"type":"B","date":"2018-04-10T03:40:19.000Z","volume":100,"label":" ","price":47.3},{"type":"A","date":"2018-04-10T03:40:34.000Z","volume":100,"label":" ","price":47.35},{"type":"A","date":"2018-04-10T03:40:54.000Z","volume":100,"label":" ","price":47.35},{"type":"A","date":"2018-04-10T03:41:15.000Z","volume":100,"label":" ","price":47.35},{"type":"A","date":"2018-04-10T03:41:34.000Z","volume":100,"label":" ","price":47.35},{"type":"A","date":"2018-04-10T03:41:54.000Z","volume":100,"label":" ","price":47.35},{"type":"A","date":"2018-04-10T03:41:58.000Z","volume":100,"label":" ","price":47.35},{"type":"A","date":"2018-04-10T03:42:14.000Z","volume":100,"label":" ","price":47.35},{"type":"A","date":"2018-04-10T03:42:35.000Z","volume":100,"label":" ","price":47.35},{"type":"A","date":"2018-04-10T03:42:54.000Z","volume":100,"label":" ","price":47.35},{"type":"B","date":"2018-04-10T03:43:12.000Z","volume":300,"label":" ","price":47.3},{"type":"A","date":"2018-04-10T03:43:35.000Z","volume":100,"label":" ","price":47.3},{"type":"A","date":"2018-04-10T03:43:54.000Z","volume":4400,"label":" ","price":47.3},{"type":"A","date":"2018-04-10T03:43:55.000Z","volume":100,"label":" ","price":47.3},{"type":"A","date":"2018-04-10T03:43:57.000Z","volume":500,"label":" ","price":47.3},{"type":"A","date":"2018-04-10T03:44:15.000Z","volume":100,"label":" ","price":47.3},{"type":"A","date":"2018-04-10T03:44:35.000Z","volume":100,"label":" ","price":47.3},{"type":"A","date":"2018-04-10T03:44:39.000Z","volume":100,"label":" ","price":47.3},{"type":"A","date":"2018-04-10T03:44:54.000Z","volume":5700,"label":" ","price":47.3},{"type":"A","date":"2018-04-10T03:44:54.000Z","volume":2000,"label":" ","price":47.3},{"type":"A","date":"2018-04-10T03:44:54.000Z","volume":5100,"label":" ","price":47.3},{"type":"B","date":"2018-04-10T03:44:54.000Z","volume":200,"label":" ","price":47.25},{"type":"A","date":"2018-04-10T03:44:54.000Z","volume":400,"label":" ","price":47.35},{"type":"B","date":"2018-04-10T03:44:54.000Z","volume":100,"label":" ","price":47.3},{"type":"A","date":"2018-04-10T03:44:56.000Z","volume":500,"label":"Y","price":47.4},{"type":"A","date":"2018-04-10T03:44:56.000Z","volume":800,"label":" ","price":47.4},{"type":"A","date":"2018-04-10T03:45:15.000Z","volume":100,"label":" ","price":47.4},{"type":"A","date":"2018-04-10T03:45:18.000Z","volume":100,"label":" ","price":47.4},{"type":"A","date":"2018-04-10T03:45:30.000Z","volume":2900,"label":" ","price":47.4},{"type":"A","date":"2018-04-10T03:45:30.000Z","volume":1000,"label":" ","price":47.45},{"type":"A","date":"2018-04-10T03:45:31.000Z","volume":400,"label":"Y","price":47.5},{"type":"A","date":"2018-04-10T03:45:35.000Z","volume":100,"label":" ","price":47.5},{"type":"B","date":"2018-04-10T03:45:36.000Z","volume":400,"label":" ","price":47.45},{"type":"A","date":"2018-04-10T03:45:56.000Z","volume":100,"label":" ","price":47.5},{"type":"A","date":"2018-04-10T03:45:56.000Z","volume":100,"label":" ","price":47.5},{"type":"A","date":"2018-04-10T03:46:16.000Z","volume":100,"label":" ","price":47.5},{"type":"B","date":"2018-04-10T03:46:16.000Z","volume":500,"label":" ","price":47.4},{"type":"B","date":"2018-04-10T03:46:18.000Z","volume":700,"label":" ","price":47.35},{"type":"B","date":"2018-04-10T03:46:19.000Z","volume":100,"label":" ","price":47.3},{"type":"B","date":"2018-04-10T03:46:31.000Z","volume":500,"label":" ","price":47.3},{"type":"A","date":"2018-04-10T03:46:31.000Z","volume":100,"label":"Y","price":47.35},{"type":"A","date":"2018-04-10T03:47:16.000Z","volume":100,"label":" ","price":47.3},{"type":"A","date":"2018-04-10T03:47:18.000Z","volume":400,"label":" ","price":47.3},{"type":"A","date":"2018-04-10T03:47:35.000Z","volume":100,"label":" ","price":47.3},{"type":"A","date":"2018-04-10T03:47:55.000Z","volume":100,"label":" ","price":47.3},{"type":"A","date":"2018-04-10T03:47:57.000Z","volume":5900,"label":" ","price":47.3},{"type":"A","date":"2018-04-10T03:47:57.000Z","volume":500,"label":"Y","price":47.3},{"type":"A","date":"2018-04-10T03:47:59.000Z","volume":200,"label":"Y","price":47.3},{"type":"A","date":"2018-04-10T03:48:15.000Z","volume":100,"label":" ","price":47.3},{"type":"A","date":"2018-04-10T03:48:36.000Z","volume":100,"label":" ","price":47.3},{"type":"A","date":"2018-04-10T03:48:56.000Z","volume":100,"label":" ","price":47.3},{"type":"A","date":"2018-04-10T03:49:16.000Z","volume":100,"label":" ","price":47.3},{"type":"A","date":"2018-04-10T03:49:37.000Z","volume":100,"label":" ","price":47.3},{"type":"A","date":"2018-04-10T03:49:51.000Z","volume":300,"label":" ","price":47.3},{"type":"A","date":"2018-04-10T03:49:53.000Z","volume":100,"label":" ","price":47.3},{"type":"A","date":"2018-04-10T03:49:57.000Z","volume":100,"label":" ","price":47.3},{"type":"A","date":"2018-04-10T03:50:16.000Z","volume":100,"label":" ","price":47.3},{"type":"B","date":"2018-04-10T03:50:17.000Z","volume":100,"label":" ","price":47.25},{"type":"A","date":"2018-04-10T03:50:34.000Z","volume":1800,"label":" ","price":47.3},{"type":"A","date":"2018-04-10T03:50:36.000Z","volume":200,"label":"Y","price":47.35},{"type":"A","date":"2018-04-10T03:50:36.000Z","volume":100,"label":" ","price":47.35},{"type":"A","date":"2018-04-10T03:50:57.000Z","volume":100,"label":" ","price":47.35},{"type":"A","date":"2018-04-10T03:51:16.000Z","volume":100,"label":" ","price":47.35},{"type":"A","date":"2018-04-10T03:51:36.000Z","volume":100,"label":" ","price":47.35},{"type":"A","date":"2018-04-10T03:51:40.000Z","volume":100,"label":"Y","price":47.35},{"type":"A","date":"2018-04-10T03:51:50.000Z","volume":1700,"label":" ","price":47.35},{"type":"A","date":"2018-04-10T03:51:51.000Z","volume":100,"label":"Y","price":47.35},{"type":"A","date":"2018-04-10T03:51:56.000Z","volume":100,"label":" ","price":47.35},{"type":"A","date":"2018-04-10T03:51:58.000Z","volume":100,"label":" ","price":47.35},{"type":"A","date":"2018-04-10T03:52:17.000Z","volume":100,"label":" ","price":47.35},{"type":"A","date":"2018-04-10T03:52:36.000Z","volume":100,"label":" ","price":47.35},{"type":"A","date":"2018-04-10T03:52:56.000Z","volume":100,"label":" ","price":47.35},{"type":"A","date":"2018-04-10T03:53:17.000Z","volume":100,"label":" ","price":47.35},{"type":"A","date":"2018-04-10T03:53:36.000Z","volume":100,"label":" ","price":47.35},{"type":"A","date":"2018-04-10T03:53:57.000Z","volume":100,"label":" ","price":47.35},{"type":"A","date":"2018-04-10T03:54:07.000Z","volume":200,"label":" ","price":47.35},{"type":"A","date":"2018-04-10T03:54:17.000Z","volume":100,"label":" ","price":47.35},{"type":"A","date":"2018-04-10T03:54:19.000Z","volume":100,"label":" ","price":47.35},{"type":"A","date":"2018-04-10T03:54:38.000Z","volume":100,"label":" ","price":47.35},{"type":"A","date":"2018-04-10T03:54:57.000Z","volume":100,"label":" ","price":47.35},{"type":"A","date":"2018-04-10T03:55:00.000Z","volume":22000,"label":" ","price":47.35},{"type":"A","date":"2018-04-10T03:55:00.000Z","volume":400,"label":" ","price":47.35},{"type":"A","date":"2018-04-10T03:55:00.000Z","volume":100,"label":" ","price":47.35},{"type":"A","date":"2018-04-10T03:55:01.000Z","volume":2000,"label":" ","price":47.4},{"type":"A","date":"2018-04-10T03:55:01.000Z","volume":2000,"label":" ","price":47.4},{"type":"B","date":"2018-04-10T03:55:01.000Z","volume":100,"label":" ","price":47.35},{"type":"A","date":"2018-04-10T03:55:01.000Z","volume":300,"label":" ","price":47.4},{"type":"A","date":"2018-04-10T03:55:02.000Z","volume":100,"label":" ","price":47.4},{"type":"A","date":"2018-04-10T03:55:02.000Z","volume":1400,"label":" ","price":47.4},{"type":"A","date":"2018-04-10T03:55:03.000Z","volume":1600,"label":"Y","price":47.45},{"type":"A","date":"2018-04-10T03:55:17.000Z","volume":100,"label":" ","price":47.45},{"type":"A","date":"2018-04-10T03:55:38.000Z","volume":100,"label":" ","price":47.45},{"type":"A","date":"2018-04-10T03:55:39.000Z","volume":2000,"label":" ","price":47.45},{"type":"A","date":"2018-04-10T03:55:39.000Z","volume":200,"label":" ","price":47.45},{"type":"A","date":"2018-04-10T03:55:40.000Z","volume":200,"label":"Y","price":47.45},{"type":"A","date":"2018-04-10T03:55:58.000Z","volume":100,"label":" ","price":47.5},{"type":"A","date":"2018-04-10T03:55:58.000Z","volume":100,"label":"Y","price":47.5},{"type":"A","date":"2018-04-10T03:56:07.000Z","volume":2000,"label":" ","price":47.5},{"type":"B","date":"2018-04-10T03:56:07.000Z","volume":100,"label":" ","price":47.45},{"type":"A","date":"2018-04-10T03:56:09.000Z","volume":200,"label":"Y","price":47.5},{"type":"A","date":"2018-04-10T03:56:17.000Z","volume":100,"label":" ","price":47.5},{"type":"A","date":"2018-04-10T03:56:37.000Z","volume":100,"label":" ","price":47.5},{"type":"A","date":"2018-04-10T03:56:53.000Z","volume":100,"label":" ","price":47.5},{"type":"A","date":"2018-04-10T03:56:58.000Z","volume":100,"label":" ","price":47.5},{"type":"A","date":"2018-04-10T03:56:59.000Z","volume":600,"label":" ","price":47.5},{"type":"A","date":"2018-04-10T03:57:00.000Z","volume":100,"label":" ","price":47.5},{"type":"A","date":"2018-04-10T03:57:17.000Z","volume":100,"label":" ","price":47.5},{"type":"A","date":"2018-04-10T03:57:32.000Z","volume":100,"label":" ","price":47.5},{"type":"A","date":"2018-04-10T03:57:37.000Z","volume":100,"label":" ","price":47.5},{"type":"A","date":"2018-04-10T03:57:57.000Z","volume":100,"label":" ","price":47.5},{"type":"A","date":"2018-04-10T03:58:08.000Z","volume":700,"label":" ","price":47.5},{"type":"A","date":"2018-04-10T03:58:08.000Z","volume":100,"label":"Y","price":47.5},{"type":"A","date":"2018-04-10T03:58:08.000Z","volume":200,"label":" ","price":47.5},{"type":"A","date":"2018-04-10T03:58:15.000Z","volume":500,"label":" ","price":47.5},{"type":"A","date":"2018-04-10T03:58:18.000Z","volume":100,"label":" ","price":47.5},{"type":"A","date":"2018-04-10T03:58:18.000Z","volume":200,"label":" ","price":47.5},{"type":"A","date":"2018-04-10T03:58:18.000Z","volume":100,"label":" ","price":47.5},{"type":"A","date":"2018-04-10T03:58:22.000Z","volume":200,"label":" ","price":47.5},{"type":"A","date":"2018-04-10T03:58:22.000Z","volume":100,"label":" ","price":47.5},{"type":"A","date":"2018-04-10T03:58:27.000Z","volume":100,"label":" ","price":47.5},{"type":"A","date":"2018-04-10T03:58:38.000Z","volume":100,"label":" ","price":47.5},{"type":"A","date":"2018-04-10T03:58:51.000Z","volume":100,"label":" ","price":47.5},{"type":"A","date":"2018-04-10T03:58:59.000Z","volume":200,"label":" ","price":47.5},{"type":"B","date":"2018-04-10T03:59:03.000Z","volume":3100,"label":" ","price":47.45},{"type":"U","date":"2018-04-10T03:59:03.000Z","volume":100,"label":" ","price":47.45},{"type":"B","date":"2018-04-10T03:59:04.000Z","volume":100,"label":" ","price":47.4},{"type":"A","date":"2018-04-10T03:59:35.000Z","volume":100,"label":" ","price":47.5},{"type":"A","date":"2018-04-10T05:00:01.000Z","volume":1000,"label":" ","price":47.5},{"type":"B","date":"2018-04-10T05:00:19.000Z","volume":100,"label":" ","price":47.4},{"type":"A","date":"2018-04-10T05:00:44.000Z","volume":100,"label":" ","price":47.45},{"type":"A","date":"2018-04-10T05:00:57.000Z","volume":200,"label":" ","price":47.45},{"type":"A","date":"2018-04-10T05:01:01.000Z","volume":100,"label":" ","price":47.45},{"type":"A","date":"2018-04-10T05:02:30.000Z","volume":100,"label":" ","price":47.45},{"type":"A","date":"2018-04-10T05:03:43.000Z","volume":1100,"label":" ","price":47.45},{"type":"A","date":"2018-04-10T05:03:43.000Z","volume":4700,"label":" ","price":47.45},{"type":"A","date":"2018-04-10T05:03:43.000Z","volume":200,"label":" ","price":47.5},{"type":"A","date":"2018-04-10T05:03:44.000Z","volume":100,"label":" ","price":47.55},{"type":"A","date":"2018-04-10T05:03:46.000Z","volume":2000,"label":" ","price":47.55},{"type":"A","date":"2018-04-10T05:03:46.000Z","volume":200,"label":" ","price":47.6},{"type":"A","date":"2018-04-10T05:03:47.000Z","volume":300,"label":"Y","price":47.6},{"type":"A","date":"2018-04-10T05:04:16.000Z","volume":400,"label":" ","price":47.6},{"type":"A","date":"2018-04-10T05:04:32.000Z","volume":300,"label":" ","price":47.6},{"type":"A","date":"2018-04-10T05:04:46.000Z","volume":200,"label":" ","price":47.6},{"type":"A","date":"2018-04-10T05:04:48.000Z","volume":100,"label":" ","price":47.6},{"type":"B","date":"2018-04-10T05:04:49.000Z","volume":500,"label":" ","price":47.55},{"type":"B","date":"2018-04-10T05:04:52.000Z","volume":1000,"label":" ","price":47.55},{"type":"A","date":"2018-04-10T05:04:52.000Z","volume":100,"label":" ","price":47.6},{"type":"A","date":"2018-04-10T05:05:02.000Z","volume":4000,"label":" ","price":47.6},{"type":"A","date":"2018-04-10T05:05:03.000Z","volume":1400,"label":" ","price":47.6},{"type":"A","date":"2018-04-10T05:05:03.000Z","volume":100,"label":" ","price":47.6},{"type":"A","date":"2018-04-10T05:05:03.000Z","volume":100,"label":" ","price":47.6},{"type":"A","date":"2018-04-10T05:05:03.000Z","volume":900,"label":" ","price":47.6},{"type":"A","date":"2018-04-10T05:05:05.000Z","volume":800,"label":" ","price":47.65},{"type":"A","date":"2018-04-10T05:05:11.000Z","volume":9000,"label":" ","price":47.65},{"type":"A","date":"2018-04-10T05:05:11.000Z","volume":500,"label":" ","price":47.65},{"type":"B","date":"2018-04-10T05:05:11.000Z","volume":3700,"label":" ","price":47.6},{"type":"U","date":"2018-04-10T05:05:11.000Z","volume":1200,"label":"X","price":47.6},{"type":"B","date":"2018-04-10T05:05:11.000Z","volume":200,"label":" ","price":47.6},{"type":"A","date":"2018-04-10T05:05:13.000Z","volume":200,"label":" ","price":47.65},{"type":"A","date":"2018-04-10T05:05:16.000Z","volume":2000,"label":" ","price":47.65},{"type":"A","date":"2018-04-10T05:05:17.000Z","volume":200,"label":" ","price":47.65},{"type":"A","date":"2018-04-10T05:05:30.000Z","volume":2000,"label":" ","price":47.65},{"type":"A","date":"2018-04-10T05:05:31.000Z","volume":300,"label":" ","price":47.65},{"type":"B","date":"2018-04-10T05:06:37.000Z","volume":1000,"label":" ","price":47.6},{"type":"A","date":"2018-04-10T05:06:39.000Z","volume":100,"label":" ","price":47.65},{"type":"B","date":"2018-04-10T05:07:09.000Z","volume":400,"label":" ","price":47.6},{"type":"B","date":"2018-04-10T05:08:07.000Z","volume":500,"label":" ","price":47.6},{"type":"A","date":"2018-04-10T05:08:07.000Z","volume":100,"label":" ","price":47.65},{"type":"B","date":"2018-04-10T05:09:05.000Z","volume":400,"label":" ","price":47.6},{"type":"B","date":"2018-04-10T05:09:59.000Z","volume":400,"label":" ","price":47.6},{"type":"B","date":"2018-04-10T05:10:16.000Z","volume":100,"label":" ","price":47.6},{"type":"B","date":"2018-04-10T05:10:50.000Z","volume":300,"label":"Y","price":47.6},{"type":"B","date":"2018-04-10T05:10:50.000Z","volume":500,"label":" ","price":47.6},{"type":"B","date":"2018-04-10T05:11:15.000Z","volume":100,"label":" ","price":47.6},{"type":"B","date":"2018-04-10T05:11:41.000Z","volume":500,"label":" ","price":47.6},{"type":"B","date":"2018-04-10T05:11:41.000Z","volume":1700,"label":" ","price":47.6},{"type":"B","date":"2018-04-10T05:11:41.000Z","volume":1600,"label":" ","price":47.55},{"type":"B","date":"2018-04-10T05:14:03.000Z","volume":500,"label":" ","price":47.55},{"type":"B","date":"2018-04-10T05:14:03.000Z","volume":300,"label":" ","price":47.55},{"type":"B","date":"2018-04-10T05:14:03.000Z","volume":1300,"label":" ","price":47.5},{"type":"B","date":"2018-04-10T05:14:34.000Z","volume":100,"label":"Y","price":47.4},{"type":"B","date":"2018-04-10T05:14:34.000Z","volume":1400,"label":" ","price":47.4},{"type":"B","date":"2018-04-10T05:14:34.000Z","volume":100,"label":"Y","price":47.35},{"type":"B","date":"2018-04-10T05:14:34.000Z","volume":100,"label":" ","price":47.35},{"type":"B","date":"2018-04-10T05:14:34.000Z","volume":300,"label":" ","price":47.35},{"type":"B","date":"2018-04-10T05:14:34.000Z","volume":300,"label":" ","price":47.35},{"type":"B","date":"2018-04-10T05:15:17.000Z","volume":100,"label":" ","price":47.3},{"type":"A","date":"2018-04-10T05:19:00.000Z","volume":500,"label":" ","price":47.35},{"type":"A","date":"2018-04-10T05:19:38.000Z","volume":3000,"label":" ","price":47.35},{"type":"A","date":"2018-04-10T05:19:42.000Z","volume":400,"label":" ","price":47.35},{"type":"A","date":"2018-04-10T05:19:45.000Z","volume":2000,"label":" ","price":47.35},{"type":"A","date":"2018-04-10T05:19:46.000Z","volume":200,"label":" ","price":47.35},{"type":"A","date":"2018-04-10T05:19:46.000Z","volume":1000,"label":" ","price":47.35},{"type":"A","date":"2018-04-10T05:19:46.000Z","volume":100,"label":" ","price":47.35},{"type":"A","date":"2018-04-10T05:19:46.000Z","volume":1000,"label":" ","price":47.35},{"type":"A","date":"2018-04-10T05:19:50.000Z","volume":100,"label":" ","price":47.35},{"type":"A","date":"2018-04-10T05:19:51.000Z","volume":1000,"label":" ","price":47.35},{"type":"A","date":"2018-04-10T05:19:52.000Z","volume":100,"label":" ","price":47.35},{"type":"A","date":"2018-04-10T05:20:01.000Z","volume":1000,"label":" ","price":47.35},{"type":"A","date":"2018-04-10T05:20:03.000Z","volume":100,"label":" ","price":47.35},{"type":"A","date":"2018-04-10T05:20:13.000Z","volume":100,"label":" ","price":47.35},{"type":"A","date":"2018-04-10T05:20:14.000Z","volume":100,"label":" ","price":47.35},{"type":"B","date":"2018-04-10T05:20:21.000Z","volume":100,"label":" ","price":47.3},{"type":"A","date":"2018-04-10T05:21:26.000Z","volume":1000,"label":" ","price":47.35},{"type":"A","date":"2018-04-10T05:21:27.000Z","volume":100,"label":"Y","price":47.35},{"type":"A","date":"2018-04-10T05:21:42.000Z","volume":500,"label":" ","price":47.35},{"type":"A","date":"2018-04-10T05:22:44.000Z","volume":6300,"label":" ","price":47.35},{"type":"A","date":"2018-04-10T05:22:44.000Z","volume":1300,"label":" ","price":47.35},{"type":"U","date":"2018-04-10T05:22:44.000Z","volume":100,"label":" ","price":47.35},{"type":"A","date":"2018-04-10T05:22:46.000Z","volume":900,"label":" ","price":47.4},{"type":"A","date":"2018-04-10T05:22:46.000Z","volume":100,"label":" ","price":47.4},{"type":"A","date":"2018-04-10T05:23:49.000Z","volume":200,"label":"Y","price":47.4},{"type":"A","date":"2018-04-10T05:24:11.000Z","volume":100,"label":" ","price":47.4},{"type":"A","date":"2018-04-10T05:24:56.000Z","volume":100,"label":"Y","price":47.4},{"type":"A","date":"2018-04-10T05:24:56.000Z","volume":100,"label":" ","price":47.4},{"type":"A","date":"2018-04-10T05:24:56.000Z","volume":400,"label":" ","price":47.4},{"type":"A","date":"2018-04-10T05:24:57.000Z","volume":100,"label":" ","price":47.4},{"type":"A","date":"2018-04-10T05:25:01.000Z","volume":6300,"label":" ","price":47.4},{"type":"A","date":"2018-04-10T05:25:01.000Z","volume":600,"label":" ","price":47.45},{"type":"A","date":"2018-04-10T05:25:03.000Z","volume":100,"label":"Y","price":47.5},{"type":"A","date":"2018-04-10T05:25:57.000Z","volume":200,"label":" ","price":47.5},{"type":"A","date":"2018-04-10T05:26:20.000Z","volume":200,"label":" ","price":47.5},{"type":"A","date":"2018-04-10T05:26:21.000Z","volume":2000,"label":" ","price":47.5},{"type":"B","date":"2018-04-10T05:26:21.000Z","volume":100,"label":" ","price":47.45},{"type":"A","date":"2018-04-10T05:26:21.000Z","volume":300,"label":" ","price":47.5},{"type":"A","date":"2018-04-10T05:26:50.000Z","volume":2800,"label":" ","price":47.5},{"type":"A","date":"2018-04-10T05:26:50.000Z","volume":100,"label":"Y","price":47.5},{"type":"A","date":"2018-04-10T05:26:51.000Z","volume":300,"label":" ","price":47.55},{"type":"A","date":"2018-04-10T05:26:53.000Z","volume":400,"label":"Y","price":47.55},{"type":"A","date":"2018-04-10T05:26:53.000Z","volume":300,"label":" ","price":47.55},{"type":"A","date":"2018-04-10T05:26:54.000Z","volume":100,"label":"Y","price":47.55},{"type":"A","date":"2018-04-10T05:27:00.000Z","volume":200,"label":" ","price":47.55},{"type":"A","date":"2018-04-10T05:27:09.000Z","volume":100,"label":" ","price":47.55},{"type":"B","date":"2018-04-10T05:28:05.000Z","volume":3200,"label":" ","price":47.5},{"type":"A","date":"2018-04-10T05:28:05.000Z","volume":100,"label":" ","price":47.5},{"type":"A","date":"2018-04-10T05:28:05.000Z","volume":300,"label":" ","price":47.5},{"type":"B","date":"2018-04-10T05:28:05.000Z","volume":100,"label":" ","price":47.45},{"type":"B","date":"2018-04-10T05:29:37.000Z","volume":11000,"label":" ","price":47.45},{"type":"U","date":"2018-04-10T05:29:37.000Z","volume":100,"label":" ","price":47.45},{"type":"B","date":"2018-04-10T05:29:37.000Z","volume":100,"label":" ","price":47.4},{"type":"U","date":"2018-04-10T05:29:37.000Z","volume":100,"label":" ","price":47.45},{"type":"A","date":"2018-04-10T05:29:37.000Z","volume":100,"label":" ","price":47.5},{"type":"A","date":"2018-04-10T05:32:19.000Z","volume":3000,"label":" ","price":47.4},{"type":"A","date":"2018-04-10T05:32:19.000Z","volume":400,"label":" ","price":47.4},{"type":"B","date":"2018-04-10T05:32:24.000Z","volume":200,"label":" ","price":47.35},{"type":"B","date":"2018-04-10T05:34:06.000Z","volume":600,"label":" ","price":47.35},{"type":"U","date":"2018-04-10T05:34:06.000Z","volume":100,"label":" ","price":47.35},{"type":"A","date":"2018-04-10T05:34:08.000Z","volume":100,"label":" ","price":47.35},{"type":"B","date":"2018-04-10T05:34:52.000Z","volume":200,"label":"Y","price":47.3},{"type":"B","date":"2018-04-10T05:34:52.000Z","volume":2700,"label":" ","price":47.3},{"type":"B","date":"2018-04-10T05:35:03.000Z","volume":100,"label":" ","price":47.25},{"type":"B","date":"2018-04-10T05:35:52.000Z","volume":700,"label":" ","price":47.25},{"type":"B","date":"2018-04-10T05:35:52.000Z","volume":400,"label":" ","price":47.25},{"type":"A","date":"2018-04-10T05:35:55.000Z","volume":100,"label":" ","price":47.3},{"type":"A","date":"2018-04-10T05:35:58.000Z","volume":1000,"label":" ","price":47.3},{"type":"A","date":"2018-04-10T05:35:59.000Z","volume":100,"label":" ","price":47.3},{"type":"A","date":"2018-04-10T05:40:03.000Z","volume":10900,"label":" ","price":47.3},{"type":"U","date":"2018-04-10T05:40:04.000Z","volume":200,"label":" ","price":47.3},{"type":"A","date":"2018-04-10T05:40:04.000Z","volume":300,"label":"Y","price":47.35},{"type":"A","date":"2018-04-10T05:40:04.000Z","volume":900,"label":" ","price":47.35},{"type":"A","date":"2018-04-10T05:43:30.000Z","volume":100,"label":" ","price":47.35},{"type":"A","date":"2018-04-10T05:44:40.000Z","volume":200,"label":" ","price":47.35},{"type":"A","date":"2018-04-10T05:44:41.000Z","volume":100,"label":" ","price":47.35},{"type":"A","date":"2018-04-10T05:45:34.000Z","volume":100,"label":" ","price":47.35},{"type":"A","date":"2018-04-10T05:45:43.000Z","volume":200,"label":" ","price":47.35},{"type":"A","date":"2018-04-10T05:45:49.000Z","volume":100,"label":"Y","price":47.35},{"type":"B","date":"2018-04-10T05:45:55.000Z","volume":100,"label":" ","price":47.3},{"type":"B","date":"2018-04-10T05:46:17.000Z","volume":100,"label":" ","price":47.3},{"type":"A","date":"2018-04-10T05:46:40.000Z","volume":2000,"label":" ","price":47.35},{"type":"B","date":"2018-04-10T05:46:41.000Z","volume":100,"label":" ","price":47.3},{"type":"A","date":"2018-04-10T05:46:42.000Z","volume":300,"label":" ","price":47.35},{"type":"B","date":"2018-04-10T05:47:21.000Z","volume":100,"label":" ","price":47.3},{"type":"A","date":"2018-04-10T05:47:31.000Z","volume":400,"label":" ","price":47.35},{"type":"B","date":"2018-04-10T05:47:45.000Z","volume":100,"label":" ","price":47.3},{"type":"B","date":"2018-04-10T05:48:08.000Z","volume":100,"label":" ","price":47.3},{"type":"B","date":"2018-04-10T05:48:27.000Z","volume":100,"label":" ","price":47.3},{"type":"A","date":"2018-04-10T05:48:40.000Z","volume":200,"label":" ","price":47.35},{"type":"A","date":"2018-04-10T05:48:42.000Z","volume":100,"label":"Y","price":47.35},{"type":"B","date":"2018-04-10T05:48:45.000Z","volume":200,"label":"Y","price":47.3},{"type":"B","date":"2018-04-10T05:48:45.000Z","volume":500,"label":" ","price":47.3},{"type":"B","date":"2018-04-10T05:49:31.000Z","volume":100,"label":" ","price":47.3},{"type":"A","date":"2018-04-10T05:49:32.000Z","volume":100,"label":"Y","price":47.35},{"type":"B","date":"2018-04-10T05:49:47.000Z","volume":1500,"label":" ","price":47.3},{"type":"B","date":"2018-04-10T05:50:10.000Z","volume":100,"label":" ","price":47.3},{"type":"B","date":"2018-04-10T05:50:24.000Z","volume":100,"label":" ","price":47.3},{"type":"A","date":"2018-04-10T05:50:33.000Z","volume":100,"label":" ","price":47.35},{"type":"B","date":"2018-04-10T05:50:57.000Z","volume":100,"label":"Y","price":47.3},{"type":"B","date":"2018-04-10T05:51:08.000Z","volume":100,"label":" ","price":47.3},{"type":"B","date":"2018-04-10T05:51:50.000Z","volume":100,"label":" ","price":47.3},{"type":"B","date":"2018-04-10T05:52:12.000Z","volume":100,"label":" ","price":47.3},{"type":"B","date":"2018-04-10T05:52:34.000Z","volume":100,"label":"Y","price":47.3},{"type":"B","date":"2018-04-10T05:52:34.000Z","volume":400,"label":" ","price":47.3},{"type":"B","date":"2018-04-10T05:52:52.000Z","volume":100,"label":" ","price":47.3},{"type":"B","date":"2018-04-10T05:52:58.000Z","volume":1100,"label":" ","price":47.3},{"type":"B","date":"2018-04-10T05:52:58.000Z","volume":18400,"label":" ","price":47.3},{"type":"B","date":"2018-04-10T05:52:58.000Z","volume":200,"label":" ","price":47.25},{"type":"B","date":"2018-04-10T05:52:58.000Z","volume":2200,"label":" ","price":47.25},{"type":"B","date":"2018-04-10T05:52:58.000Z","volume":100,"label":" ","price":47.2},{"type":"B","date":"2018-04-10T05:52:58.000Z","volume":2200,"label":" ","price":47.2},{"type":"B","date":"2018-04-10T05:52:59.000Z","volume":1200,"label":" ","price":47.15},{"type":"B","date":"2018-04-10T05:52:59.000Z","volume":9800,"label":" ","price":47.15},{"type":"A","date":"2018-04-10T05:53:00.000Z","volume":1400,"label":" ","price":47.25},{"type":"A","date":"2018-04-10T05:53:18.000Z","volume":2000,"label":" ","price":47.1},{"type":"A","date":"2018-04-10T05:53:19.000Z","volume":200,"label":" ","price":47.1},{"type":"A","date":"2018-04-10T05:53:20.000Z","volume":2000,"label":" ","price":47.1},{"type":"A","date":"2018-04-10T05:53:22.000Z","volume":200,"label":" ","price":47.1},{"type":"A","date":"2018-04-10T05:53:33.000Z","volume":2000,"label":" ","price":47.1},{"type":"B","date":"2018-04-10T05:53:33.000Z","volume":200,"label":" ","price":47.05},{"type":"B","date":"2018-04-10T05:53:35.000Z","volume":1100,"label":" ","price":47.05},{"type":"B","date":"2018-04-10T05:53:35.000Z","volume":800,"label":" ","price":47.05},{"type":"B","date":"2018-04-10T05:53:35.000Z","volume":100,"label":" ","price":47},{"type":"A","date":"2018-04-10T05:53:35.000Z","volume":400,"label":" ","price":47.05},{"type":"A","date":"2018-04-10T05:53:36.000Z","volume":100,"label":" ","price":47.05},{"type":"A","date":"2018-04-10T05:53:41.000Z","volume":500,"label":" ","price":47.05},{"type":"A","date":"2018-04-10T05:53:41.000Z","volume":100,"label":" ","price":47.05},{"type":"A","date":"2018-04-10T05:53:43.000Z","volume":100,"label":" ","price":47.1},{"type":"B","date":"2018-04-10T05:53:52.000Z","volume":200,"label":" ","price":47.05},{"type":"B","date":"2018-04-10T05:54:06.000Z","volume":1500,"label":"Y","price":47.05},{"type":"B","date":"2018-04-10T05:54:06.000Z","volume":500,"label":" ","price":47.05},{"type":"A","date":"2018-04-10T05:54:08.000Z","volume":100,"label":" ","price":47.1},{"type":"B","date":"2018-04-10T05:54:38.000Z","volume":500,"label":" ","price":47.05},{"type":"A","date":"2018-04-10T05:54:38.000Z","volume":100,"label":" ","price":47.1},{"type":"A","date":"2018-04-10T05:55:19.000Z","volume":2000,"label":" ","price":47.1},{"type":"B","date":"2018-04-10T05:55:22.000Z","volume":100,"label":" ","price":47.05},{"type":"A","date":"2018-04-10T05:55:22.000Z","volume":7200,"label":" ","price":47.1},{"type":"A","date":"2018-04-10T05:55:22.000Z","volume":1000,"label":" ","price":47.15},{"type":"A","date":"2018-04-10T05:55:52.000Z","volume":2500,"label":" ","price":47.15},{"type":"A","date":"2018-04-10T05:55:52.000Z","volume":300,"label":" ","price":47.2},{"type":"A","date":"2018-04-10T05:56:45.000Z","volume":2000,"label":" ","price":47.2},{"type":"A","date":"2018-04-10T05:56:48.000Z","volume":200,"label":" ","price":47.2},{"type":"U","date":"2018-04-10T05:59:36.000Z","volume":50,"label":"D","price":47},{"type":"A","date":"2018-04-10T06:00:05.000Z","volume":4200,"label":" ","price":47.2},{"type":"A","date":"2018-04-10T06:00:07.000Z","volume":500,"label":" ","price":47.2},{"type":"B","date":"2018-04-10T06:00:07.000Z","volume":200,"label":" ","price":47.15},{"type":"B","date":"2018-04-10T06:00:08.000Z","volume":100,"label":" ","price":47.15},{"type":"A","date":"2018-04-10T06:00:21.000Z","volume":100,"label":" ","price":47.2},{"type":"A","date":"2018-04-10T06:00:35.000Z","volume":16000,"label":" ","price":47.2},{"type":"A","date":"2018-04-10T06:00:35.000Z","volume":1600,"label":" ","price":47.2},{"type":"A","date":"2018-04-10T06:00:35.000Z","volume":1300,"label":" ","price":47.2},{"type":"A","date":"2018-04-10T06:00:35.000Z","volume":1600,"label":" ","price":47.2},{"type":"A","date":"2018-04-10T06:00:35.000Z","volume":500,"label":" ","price":47.2},{"type":"A","date":"2018-04-10T06:00:37.000Z","volume":600,"label":" ","price":47.2},{"type":"A","date":"2018-04-10T06:00:37.000Z","volume":2000,"label":" ","price":47.2},{"type":"A","date":"2018-04-10T06:00:37.000Z","volume":1000,"label":" ","price":47.2},{"type":"A","date":"2018-04-10T06:00:37.000Z","volume":300,"label":"Y","price":47.25},{"type":"A","date":"2018-04-10T06:00:40.000Z","volume":100,"label":" ","price":47.25},{"type":"A","date":"2018-04-10T06:00:46.000Z","volume":4300,"label":" ","price":47.25},{"type":"U","date":"2018-04-10T06:00:46.000Z","volume":100,"label":" ","price":47.25},{"type":"B","date":"2018-04-10T06:00:46.000Z","volume":100,"label":" ","price":47.2},{"type":"A","date":"2018-04-10T06:00:46.000Z","volume":500,"label":" ","price":47.3},{"type":"A","date":"2018-04-10T06:01:01.000Z","volume":100,"label":" ","price":47.3},{"type":"A","date":"2018-04-10T06:01:21.000Z","volume":100,"label":" ","price":47.3},{"type":"B","date":"2018-04-10T06:01:26.000Z","volume":2000,"label":" ","price":47.25},{"type":"A","date":"2018-04-10T06:01:28.000Z","volume":300,"label":" ","price":47.3},{"type":"A","date":"2018-04-10T06:01:40.000Z","volume":100,"label":" ","price":47.3},{"type":"B","date":"2018-04-10T06:01:47.000Z","volume":700,"label":" ","price":47.25},{"type":"A","date":"2018-04-10T06:02:00.000Z","volume":100,"label":" ","price":47.3},{"type":"A","date":"2018-04-10T06:02:05.000Z","volume":100,"label":" ","price":47.3},{"type":"A","date":"2018-04-10T06:02:21.000Z","volume":100,"label":" ","price":47.3},{"type":"A","date":"2018-04-10T06:02:41.000Z","volume":100,"label":" ","price":47.3},{"type":"B","date":"2018-04-10T06:02:51.000Z","volume":7900,"label":" ","price":47.25},{"type":"B","date":"2018-04-10T06:02:51.000Z","volume":100,"label":" ","price":47.25},{"type":"U","date":"2018-04-10T06:03:20.000Z","volume":100,"label":" ","price":47.25},{"type":"B","date":"2018-04-10T06:03:21.000Z","volume":100,"label":" ","price":47.25},{"type":"B","date":"2018-04-10T06:03:24.000Z","volume":4500,"label":" ","price":47.2},{"type":"A","date":"2018-04-10T06:03:25.000Z","volume":200,"label":"Y","price":47.25},{"type":"B","date":"2018-04-10T06:03:25.000Z","volume":5600,"label":" ","price":47.15},{"type":"B","date":"2018-04-10T06:03:25.000Z","volume":200,"label":" ","price":47.1},{"type":"A","date":"2018-04-10T06:03:28.000Z","volume":400,"label":"Y","price":47.25},{"type":"U","date":"2018-04-10T06:04:01.000Z","volume":100,"label":" ","price":47.15},{"type":"A","date":"2018-04-10T06:04:20.000Z","volume":100,"label":" ","price":47.2},{"type":"B","date":"2018-04-10T06:04:32.000Z","volume":100,"label":"Y","price":47.15},{"type":"B","date":"2018-04-10T06:04:32.000Z","volume":400,"label":" ","price":47.15},{"type":"A","date":"2018-04-10T06:04:35.000Z","volume":100,"label":"Y","price":47.2},{"type":"A","date":"2018-04-10T06:04:42.000Z","volume":100,"label":" ","price":47.2},{"type":"A","date":"2018-04-10T06:05:02.000Z","volume":100,"label":" ","price":47.2},{"type":"A","date":"2018-04-10T06:05:21.000Z","volume":100,"label":" ","price":47.2},{"type":"A","date":"2018-04-10T06:05:41.000Z","volume":100,"label":" ","price":47.2},{"type":"A","date":"2018-04-10T06:06:02.000Z","volume":100,"label":" ","price":47.2},{"type":"A","date":"2018-04-10T06:06:22.000Z","volume":100,"label":" ","price":47.2},{"type":"A","date":"2018-04-10T06:06:41.000Z","volume":100,"label":" ","price":47.2},{"type":"A","date":"2018-04-10T06:06:59.000Z","volume":3200,"label":" ","price":47.2},{"type":"A","date":"2018-04-10T06:07:01.000Z","volume":400,"label":" ","price":47.2},{"type":"A","date":"2018-04-10T06:07:02.000Z","volume":100,"label":" ","price":47.2},{"type":"A","date":"2018-04-10T06:07:22.000Z","volume":100,"label":" ","price":47.2},{"type":"A","date":"2018-04-10T06:07:41.000Z","volume":100,"label":" ","price":47.2},{"type":"A","date":"2018-04-10T06:08:01.000Z","volume":100,"label":" ","price":47.2},{"type":"A","date":"2018-04-10T06:08:22.000Z","volume":100,"label":" ","price":47.2},{"type":"A","date":"2018-04-10T06:08:23.000Z","volume":100,"label":" ","price":47.2},{"type":"A","date":"2018-04-10T06:08:42.000Z","volume":100,"label":" ","price":47.2},{"type":"A","date":"2018-04-10T06:08:51.000Z","volume":500,"label":" ","price":47.2},{"type":"A","date":"2018-04-10T06:09:02.000Z","volume":100,"label":" ","price":47.2},{"type":"A","date":"2018-04-10T06:09:22.000Z","volume":100,"label":" ","price":47.2},{"type":"A","date":"2018-04-10T06:09:43.000Z","volume":100,"label":" ","price":47.2},{"type":"A","date":"2018-04-10T06:09:44.000Z","volume":100,"label":" ","price":47.2},{"type":"A","date":"2018-04-10T06:10:03.000Z","volume":100,"label":" ","price":47.2},{"type":"B","date":"2018-04-10T06:10:16.000Z","volume":100,"label":" ","price":47.15},{"type":"A","date":"2018-04-10T06:10:22.000Z","volume":100,"label":" ","price":47.2},{"type":"A","date":"2018-04-10T06:10:43.000Z","volume":100,"label":" ","price":47.2},{"type":"A","date":"2018-04-10T06:11:03.000Z","volume":100,"label":" ","price":47.2},{"type":"A","date":"2018-04-10T06:11:22.000Z","volume":100,"label":" ","price":47.2},{"type":"A","date":"2018-04-10T06:11:42.000Z","volume":100,"label":" ","price":47.2},{"type":"A","date":"2018-04-10T06:12:03.000Z","volume":100,"label":" ","price":47.2},{"type":"A","date":"2018-04-10T06:12:23.000Z","volume":100,"label":" ","price":47.2},{"type":"A","date":"2018-04-10T06:12:25.000Z","volume":100,"label":" ","price":47.2},{"type":"A","date":"2018-04-10T06:12:42.000Z","volume":100,"label":" ","price":47.2},{"type":"A","date":"2018-04-10T06:12:53.000Z","volume":100,"label":"Y","price":47.2},{"type":"A","date":"2018-04-10T06:13:02.000Z","volume":100,"label":" ","price":47.2},{"type":"A","date":"2018-04-10T06:13:23.000Z","volume":100,"label":" ","price":47.2},{"type":"A","date":"2018-04-10T06:13:31.000Z","volume":100,"label":" ","price":47.2},{"type":"A","date":"2018-04-10T06:13:43.000Z","volume":100,"label":" ","price":47.2},{"type":"B","date":"2018-04-10T06:13:56.000Z","volume":200,"label":"Y","price":47.15},{"type":"B","date":"2018-04-10T06:13:56.000Z","volume":900,"label":" ","price":47.15},{"type":"A","date":"2018-04-10T06:13:56.000Z","volume":100,"label":" ","price":47.2},{"type":"A","date":"2018-04-10T06:13:58.000Z","volume":200,"label":" ","price":47.2},{"type":"B","date":"2018-04-10T06:13:58.000Z","volume":200,"label":" ","price":47.15},{"type":"A","date":"2018-04-10T06:14:00.000Z","volume":100,"label":" ","price":47.2}