[{"type":"B","date":"2018-03-19T01:30:00.000Z","volume":2000,"label":" ","price":5.52},{"type":"A","date":"2018-03-19T01:30:33.000Z","volume":26000,"label":" ","price":5.58},{"type":"A","date":"2018-03-19T01:30:33.000Z","volume":22000,"label":" ","price":5.59},{"type":"A","date":"2018-03-19T01:30:45.000Z","volume":2000,"label":" ","price":5.59},{"type":"A","date":"2018-03-19T01:39:38.000Z","volume":8000,"label":" ","price":5.57},{"type":"B","date":"2018-03-19T01:48:41.000Z","volume":6000,"label":" ","price":5.52},{"type":"B","date":"2018-03-19T01:48:41.000Z","volume":2000,"label":" ","price":5.52},{"type":"B","date":"2018-03-19T01:48:41.000Z","volume":2000,"label":" ","price":5.52},{"type":"A","date":"2018-03-19T01:50:04.000Z","volume":2000,"label":" ","price":5.56},{"type":"A","date":"2018-03-19T01:50:14.000Z","volume":30000,"label":" ","price":5.58},{"type":"A","date":"2018-03-19T01:51:53.000Z","volume":22000,"label":" ","price":5.58},{"type":"A","date":"2018-03-19T01:54:31.000Z","volume":20000,"label":" ","price":5.57},{"type":"A","date":"2018-03-19T01:57:32.000Z","volume":12000,"label":" ","price":5.57},{"type":"A","date":"2018-03-19T01:57:32.000Z","volume":4000,"label":" ","price":5.57},{"type":"A","date":"2018-03-19T01:57:39.000Z","volume":4000,"label":" ","price":5.57},{"type":"A","date":"2018-03-19T01:57:48.000Z","volume":2000,"label":" ","price":5.57},{"type":"A","date":"2018-03-19T02:06:28.000Z","volume":30000,"label":" ","price":5.57},{"type":"A","date":"2018-03-19T02:11:04.000Z","volume":6000,"label":" ","price":5.58},{"type":"A","date":"2018-03-19T02:13:31.000Z","volume":42000,"label":" ","price":5.57},{"type":"A","date":"2018-03-19T02:21:08.000Z","volume":4000,"label":" ","price":5.57},{"type":"A","date":"2018-03-19T02:21:10.000Z","volume":20000,"label":" ","price":5.57},{"type":"A","date":"2018-03-19T02:21:26.000Z","volume":18000,"label":" ","price":5.57},{"type":"A","date":"2018-03-19T02:29:56.000Z","volume":4000,"label":" ","price":5.57},{"type":"A","date":"2018-03-19T02:35:08.000Z","volume":2000,"label":" ","price":5.56},{"type":"A","date":"2018-03-19T02:35:08.000Z","volume":18000,"label":" ","price":5.56},{"type":"B","date":"2018-03-19T02:35:56.000Z","volume":12000,"label":" ","price":5.56},{"type":"B","date":"2018-03-19T02:36:26.000Z","volume":12000,"label":" ","price":5.56},{"type":"B","date":"2018-03-19T02:36:44.000Z","volume":2000,"label":" ","price":5.55},{"type":"B","date":"2018-03-19T02:36:50.000Z","volume":6000,"label":" ","price":5.55},{"type":"A","date":"2018-03-19T02:39:35.000Z","volume":230000,"label":" ","price":5.55},{"type":"A","date":"2018-03-19T02:40:01.000Z","volume":46000,"label":" ","price":5.56},{"type":"B","date":"2018-03-19T02:43:31.000Z","volume":2000,"label":" ","price":5.54},{"type":"A","date":"2018-03-19T02:53:22.000Z","volume":4000,"label":" ","price":5.54},{"type":"A","date":"2018-03-19T02:53:28.000Z","volume":32000,"label":" ","price":5.54},{"type":"A","date":"2018-03-19T02:53:34.000Z","volume":10000,"label":" ","price":5.54},{"type":"A","date":"2018-03-19T03:06:51.000Z","volume":4000,"label":" ","price":5.55},{"type":"A","date":"2018-03-19T03:07:15.000Z","volume":12000,"label":" ","price":5.55},{"type":"A","date":"2018-03-19T03:07:15.000Z","volume":10000,"label":" ","price":5.55},{"type":"A","date":"2018-03-19T03:17:00.000Z","volume":2000,"label":" ","price":5.55},{"type":"A","date":"2018-03-19T03:18:19.000Z","volume":42000,"label":" ","price":5.54},{"type":"A","date":"2018-03-19T03:19:37.000Z","volume":2000,"label":" ","price":5.55},{"type":"A","date":"2018-03-19T03:29:41.000Z","volume":2000,"label":" ","price":5.55},{"type":"A","date":"2018-03-19T03:36:16.000Z","volume":2000,"label":" ","price":5.55},{"type":"A","date":"2018-03-19T03:37:24.000Z","volume":4000,"label":" ","price":5.55},{"type":"B","date":"2018-03-19T03:38:06.000Z","volume":8000,"label":" ","price":5.55},{"type":"B","date":"2018-03-19T03:38:26.000Z","volume":2000,"label":" ","price":5.55},{"type":"U","date":"2018-03-19T03:42:40.000Z","volume":2000,"label":" ","price":5.55},{"type":"B","date":"2018-03-19T03:43:09.000Z","volume":6000,"label":" ","price":5.54},{"type":"B","date":"2018-03-19T03:46:10.000Z","volume":2000,"label":" ","price":5.54},{"type":"B","date":"2018-03-19T03:47:12.000Z","volume":4000,"label":" ","price":5.54},{"type":"B","date":"2018-03-19T03:48:10.000Z","volume":4000,"label":" ","price":5.54},{"type":"A","date":"2018-03-19T03:49:08.000Z","volume":40000,"label":" ","price":5.55},{"type":"A","date":"2018-03-19T03:49:08.000Z","volume":6000,"label":" ","price":5.55},{"type":"A","date":"2018-03-19T03:52:30.000Z","volume":2000,"label":" ","price":5.55},{"type":"A","date":"2018-03-19T05:03:03.000Z","volume":2000,"label":" ","price":5.55},{"type":"B","date":"2018-03-19T05:09:15.000Z","volume":42000,"label":" ","price":5.54},{"type":"A","date":"2018-03-19T05:13:30.000Z","volume":32000,"label":" ","price":5.54},{"type":"A","date":"2018-03-19T05:13:38.000Z","volume":10000,"label":" ","price":5.54},{"type":"A","date":"2018-03-19T05:29:39.000Z","volume":2000,"label":" ","price":5.54},{"type":"A","date":"2018-03-19T05:29:39.000Z","volume":2000,"label":" ","price":5.54},{"type":"A","date":"2018-03-19T05:29:55.000Z","volume":40000,"label":" ","price":5.54},{"type":"A","date":"2018-03-19T05:30:13.000Z","volume":2000,"label":" ","price":5.54},{"type":"A","date":"2018-03-19T05:30:30.000Z","volume":30000,"label":" ","price":5.54},{"type":"A","date":"2018-03-19T05:30:30.000Z","volume":2000,"label":" ","price":5.54},{"type":"A","date":"2018-03-19T05:31:04.000Z","volume":4000,"label":" ","price":5.54},{"type":"A","date":"2018-03-19T05:31:24.000Z","volume":4000,"label":" ","price":5.54},{"type":"A","date":"2018-03-19T05:39:18.000Z","volume":2000,"label":" ","price":5.55},{"type":"A","date":"2018-03-19T05:46:40.000Z","volume":2000,"label":" ","price":5.55},{"type":"B","date":"2018-03-19T05:50:37.000Z","volume":76000,"label":" ","price":5.54},{"type":"A","date":"2018-03-19T05:50:40.000Z","volume":20000,"label":" ","price":5.54},{"type":"A","date":"2018-03-19T05:51:03.000Z","volume":2000,"label":" ","price":5.54},{"type":"A","date":"2018-03-19T05:51:21.000Z","volume":2000,"label":" ","price":5.54},{"type":"A","date":"2018-03-19T05:53:35.000Z","volume":40000,"label":" ","price":5.54},{"type":"A","date":"2018-03-19T05:53:52.000Z","volume":2000,"label":" ","price":5.54},{"type":"B","date":"2018-03-19T05:58:05.000Z","volume":4000,"label":" ","price":5.53},{"type":"B","date":"2018-03-19T06:06:56.000Z","volume":2000,"label":" ","price":5.53},{"type":"A","date":"2018-03-19T06:20:07.000Z","volume":4000,"label":" ","price":5.55},{"type":"A","date":"2018-03-19T06:22:14.000Z","volume":42000,"label":" ","price":5.54},{"type":"A","date":"2018-03-19T06:33:49.000Z","volume":4000,"label":" ","price":5.55},{"type":"A","date":"2018-03-19T06:47:00.000Z","volume":4000,"label":" ","price":5.55},{"type":"A","date":"2018-03-19T07:00:11.000Z","volume":4000,"label":" ","price":5.55},{"type":"A","date":"2018-03-19T07:08:51.000Z","volume":2000,"label":" ","price":5.55},{"type":"A","date":"2018-03-19T07:10:09.000Z","volume":2000,"label":" ","price":5.54},{"type":"A","date":"2018-03-19T07:10:11.000Z","volume":26000,"label":" ","price":5.54},{"type":"A","date":"2018-03-19T07:10:31.000Z","volume":14000,"label":" ","price":5.54},{"type":"A","date":"2018-03-19T07:11:09.000Z","volume":10000,"label":" ","price":5.54},{"type":"A","date":"2018-03-19T07:17:26.000Z","volume":2000,"label":" ","price":5.55},{"type":"A","date":"2018-03-19T07:24:01.000Z","volume":2000,"label":" ","price":5.55},{"type":"A","date":"2018-03-19T07:30:37.000Z","volume":2000,"label":" ","price":5.55},{"type":"A","date":"2018-03-19T07:36:12.000Z","volume":2000,"label":" ","price":5.55},{"type":"A","date":"2018-03-19T07:41:22.000Z","volume":2000,"label":" ","price":5.55},{"type":"A","date":"2018-03-19T07:43:16.000Z","volume":2000,"label":" ","price":5.54},{"type":"A","date":"2018-03-19T07:43:17.000Z","volume":22000,"label":" ","price":5.54},{"type":"A","date":"2018-03-19T07:47:21.000Z","volume":2000,"label":" ","price":5.55},{"type":"A","date":"2018-03-19T07:50:23.000Z","volume":2000,"label":" ","price":5.55},{"type":"A","date":"2018-03-19T07:52:55.000Z","volume":2000,"label":" ","price":5.55},{"type":"A","date":"2018-03-19T07:55:27.000Z","volume":2000,"label":" ","price":5.55},{"type":"A","date":"2018-03-19T07:56:59.000Z","volume":2000,"label":" ","price":5.55},{"type":"A","date":"2018-03-19T07:58:30.000Z","volume":2000,"label":" ","price":5.55},{"type":"A","date":"2018-03-19T07:59:00.000Z","volume":2000,"label":" ","price":5.55},{"type":"A","date":"2018-03-19T07:59:15.000Z","volume":2000,"label":" ","price":5.55},{"type":"A","date":"2018-03-19T07:59:30.000Z","volume":2000,"label":" ","price":5.55},{"type":"A","date":"2018-03-19T07:59:46.000Z","volume":2000,"label":" ","price":5.55}]