[{"type":"U","date":"2018-03-19T01:20:00.000Z","volume":5000,"label":"U","price":2.9},{"type":"B","date":"2018-03-19T01:30:04.000Z","volume":5000,"label":" ","price":2.9},{"type":"A","date":"2018-03-19T01:30:10.000Z","volume":5000,"label":" ","price":2.91},{"type":"B","date":"2018-03-19T01:30:23.000Z","volume":15000,"label":" ","price":2.9},{"type":"A","date":"2018-03-19T01:30:35.000Z","volume":35000,"label":" ","price":2.91},{"type":"A","date":"2018-03-19T01:30:35.000Z","volume":15000,"label":" ","price":2.93},{"type":"A","date":"2018-03-19T01:30:45.000Z","volume":5000,"label":" ","price":2.92},{"type":"B","date":"2018-03-19T01:30:54.000Z","volume":5000,"label":" ","price":2.9},{"type":"U","date":"2018-03-19T01:31:05.000Z","volume":10000,"label":" ","price":2.91},{"type":"U","date":"2018-03-19T01:31:09.000Z","volume":25000,"label":" ","price":2.91},{"type":"B","date":"2018-03-19T01:31:22.000Z","volume":65000,"label":" ","price":2.9},{"type":"B","date":"2018-03-19T01:31:25.000Z","volume":5000,"label":" ","price":2.9},{"type":"U","date":"2018-03-19T01:31:33.000Z","volume":5000,"label":" ","price":2.9},{"type":"A","date":"2018-03-19T01:32:02.000Z","volume":5000,"label":" ","price":2.9},{"type":"A","date":"2018-03-19T01:32:48.000Z","volume":15000,"label":" ","price":2.91},{"type":"B","date":"2018-03-19T01:32:50.000Z","volume":20000,"label":" ","price":2.89},{"type":"B","date":"2018-03-19T01:33:15.000Z","volume":5000,"label":" ","price":2.88},{"type":"B","date":"2018-03-19T01:33:39.000Z","volume":5000,"label":" ","price":2.88},{"type":"A","date":"2018-03-19T01:33:50.000Z","volume":15000,"label":" ","price":2.89},{"type":"B","date":"2018-03-19T01:33:53.000Z","volume":10000,"label":"Y","price":2.88},{"type":"B","date":"2018-03-19T01:33:53.000Z","volume":5000,"label":" ","price":2.88},{"type":"A","date":"2018-03-19T01:34:04.000Z","volume":15000,"label":" ","price":2.88},{"type":"A","date":"2018-03-19T01:34:04.000Z","volume":5000,"label":" ","price":2.89},{"type":"B","date":"2018-03-19T01:34:06.000Z","volume":10000,"label":" ","price":2.87},{"type":"U","date":"2018-03-19T01:34:06.000Z","volume":5000,"label":" ","price":2.88},{"type":"B","date":"2018-03-19T01:34:15.000Z","volume":10000,"label":" ","price":2.88},{"type":"A","date":"2018-03-19T01:34:51.000Z","volume":10000,"label":" ","price":2.88},{"type":"A","date":"2018-03-19T01:34:58.000Z","volume":15000,"label":" ","price":2.88},{"type":"A","date":"2018-03-19T01:34:58.000Z","volume":5000,"label":" ","price":2.88},{"type":"B","date":"2018-03-19T01:35:00.000Z","volume":20000,"label":" ","price":2.87},{"type":"B","date":"2018-03-19T01:35:37.000Z","volume":20000,"label":" ","price":2.87},{"type":"B","date":"2018-03-19T01:35:40.000Z","volume":5000,"label":" ","price":2.87},{"type":"A","date":"2018-03-19T01:35:51.000Z","volume":10000,"label":" ","price":2.88},{"type":"B","date":"2018-03-19T01:35:53.000Z","volume":10000,"label":" ","price":2.88},{"type":"A","date":"2018-03-19T01:35:58.000Z","volume":5000,"label":" ","price":2.88},{"type":"B","date":"2018-03-19T01:36:06.000Z","volume":10000,"label":" ","price":2.87},{"type":"A","date":"2018-03-19T01:36:51.000Z","volume":15000,"label":" ","price":2.88},{"type":"B","date":"2018-03-19T01:36:55.000Z","volume":20000,"label":" ","price":2.87},{"type":"A","date":"2018-03-19T01:37:43.000Z","volume":5000,"label":" ","price":2.88},{"type":"A","date":"2018-03-19T01:37:52.000Z","volume":5000,"label":" ","price":2.88},{"type":"B","date":"2018-03-19T01:37:55.000Z","volume":10000,"label":" ","price":2.88},{"type":"B","date":"2018-03-19T01:37:55.000Z","volume":5000,"label":" ","price":2.88},{"type":"U","date":"2018-03-19T01:38:25.000Z","volume":55000,"label":" ","price":2.88},{"type":"A","date":"2018-03-19T01:38:54.000Z","volume":15000,"label":" ","price":2.88},{"type":"B","date":"2018-03-19T01:39:03.000Z","volume":20000,"label":" ","price":2.87},{"type":"A","date":"2018-03-19T01:39:56.000Z","volume":10000,"label":" ","price":2.88},{"type":"B","date":"2018-03-19T01:40:01.000Z","volume":5000,"label":" ","price":2.87},{"type":"A","date":"2018-03-19T01:40:02.000Z","volume":5000,"label":" ","price":2.88},{"type":"A","date":"2018-03-19T01:40:02.000Z","volume":10000,"label":"Y","price":2.88},{"type":"A","date":"2018-03-19T01:40:23.000Z","volume":20000,"label":" ","price":2.88},{"type":"A","date":"2018-03-19T01:40:27.000Z","volume":15000,"label":" ","price":2.89},{"type":"A","date":"2018-03-19T01:40:30.000Z","volume":10000,"label":" ","price":2.89},{"type":"A","date":"2018-03-19T01:40:56.000Z","volume":15000,"label":" ","price":2.89},{"type":"A","date":"2018-03-19T01:41:18.000Z","volume":200000,"label":" ","price":2.89},{"type":"A","date":"2018-03-19T01:41:21.000Z","volume":5000,"label":" ","price":2.89},{"type":"U","date":"2018-03-19T01:41:26.000Z","volume":5000,"label":" ","price":2.89},{"type":"U","date":"2018-03-19T01:41:30.000Z","volume":15000,"label":" ","price":2.89},{"type":"A","date":"2018-03-19T01:41:57.000Z","volume":15000,"label":" ","price":2.9},{"type":"A","date":"2018-03-19T01:42:01.000Z","volume":100000,"label":" ","price":2.9},{"type":"A","date":"2018-03-19T01:42:03.000Z","volume":10000,"label":" ","price":2.9},{"type":"B","date":"2018-03-19T01:42:31.000Z","volume":10000,"label":" ","price":2.89},{"type":"A","date":"2018-03-19T01:42:57.000Z","volume":15000,"label":" ","price":2.9},{"type":"A","date":"2018-03-19T01:43:58.000Z","volume":15000,"label":" ","price":2.91},{"type":"A","date":"2018-03-19T01:45:01.000Z","volume":10000,"label":" ","price":2.91},{"type":"A","date":"2018-03-19T01:45:30.000Z","volume":35000,"label":" ","price":2.91},{"type":"A","date":"2018-03-19T01:45:30.000Z","volume":5000,"label":" ","price":2.91},{"type":"A","date":"2018-03-19T01:45:49.000Z","volume":20000,"label":" ","price":2.91},{"type":"A","date":"2018-03-19T01:45:49.000Z","volume":15000,"label":" ","price":2.91},{"type":"A","date":"2018-03-19T01:45:49.000Z","volume":55000,"label":" ","price":2.92},{"type":"A","date":"2018-03-19T01:45:51.000Z","volume":10000,"label":" ","price":2.92},{"type":"A","date":"2018-03-19T01:46:02.000Z","volume":195000,"label":" ","price":2.92},{"type":"A","date":"2018-03-19T01:46:02.000Z","volume":15000,"label":" ","price":2.92},{"type":"A","date":"2018-03-19T01:46:06.000Z","volume":35000,"label":" ","price":2.92},{"type":"B","date":"2018-03-19T01:46:17.000Z","volume":5000,"label":" ","price":2.91},{"type":"A","date":"2018-03-19T01:46:21.000Z","volume":35000,"label":" ","price":2.92},{"type":"A","date":"2018-03-19T01:46:21.000Z","volume":5000,"label":" ","price":2.92},{"type":"A","date":"2018-03-19T01:46:32.000Z","volume":25000,"label":" ","price":2.92},{"type":"A","date":"2018-03-19T01:46:36.000Z","volume":20000,"label":" ","price":2.92},{"type":"A","date":"2018-03-19T01:46:36.000Z","volume":5000,"label":" ","price":2.92},{"type":"A","date":"2018-03-19T01:46:53.000Z","volume":60000,"label":" ","price":2.92},{"type":"A","date":"2018-03-19T01:46:54.000Z","volume":5000,"label":" ","price":2.93},{"type":"B","date":"2018-03-19T01:46:56.000Z","volume":5000,"label":"Y","price":2.91},{"type":"B","date":"2018-03-19T01:46:56.000Z","volume":40000,"label":" ","price":2.91},{"type":"A","date":"2018-03-19T01:46:56.000Z","volume":5000,"label":" ","price":2.91},{"type":"A","date":"2018-03-19T01:47:07.000Z","volume":70000,"label":" ","price":2.93},{"type":"B","date":"2018-03-19T01:47:10.000Z","volume":45000,"label":" ","price":2.91},{"type":"A","date":"2018-03-19T01:47:19.000Z","volume":100000,"label":" ","price":2.91},{"type":"A","date":"2018-03-19T01:47:19.000Z","volume":5000,"label":"Y","price":2.91},{"type":"A","date":"2018-03-19T01:47:19.000Z","volume":35000,"label":" ","price":2.91},{"type":"A","date":"2018-03-19T01:47:21.000Z","volume":90000,"label":" ","price":2.93},{"type":"A","date":"2018-03-19T01:47:24.000Z","volume":10000,"label":" ","price":2.93},{"type":"A","date":"2018-03-19T01:47:24.000Z","volume":10000,"label":" ","price":2.93},{"type":"A","date":"2018-03-19T01:47:33.000Z","volume":20000,"label":" ","price":2.93},{"type":"A","date":"2018-03-19T01:47:35.000Z","volume":50000,"label":" ","price":2.93},{"type":"A","date":"2018-03-19T01:47:35.000Z","volume":5000,"label":" ","price":2.93},{"type":"A","date":"2018-03-19T01:47:44.000Z","volume":5000,"label":" ","price":2.93},{"type":"A","date":"2018-03-19T01:48:07.000Z","volume":20000,"label":" ","price":2.93},{"type":"A","date":"2018-03-19T01:48:26.000Z","volume":50000,"label":" ","price":2.93},{"type":"A","date":"2018-03-19T01:48:26.000Z","volume":5000,"label":" ","price":2.93},{"type":"A","date":"2018-03-19T01:48:31.000Z","volume":20000,"label":" ","price":2.93},{"type":"A","date":"2018-03-19T01:48:31.000Z","volume":5000,"label":" ","price":2.93},{"type":"A","date":"2018-03-19T01:48:34.000Z","volume":10000,"label":" ","price":2.93},{"type":"B","date":"2018-03-19T01:48:46.000Z","volume":15000,"label":" ","price":2.93},{"type":"A","date":"2018-03-19T01:49:35.000Z","volume":20000,"label":" ","price":2.94},{"type":"A","date":"2018-03-19T01:49:45.000Z","volume":10000,"label":" ","price":2.94},{"type":"A","date":"2018-03-19T01:50:18.000Z","volume":10000,"label":" ","price":2.94},{"type":"A","date":"2018-03-19T01:50:18.000Z","volume":5000,"label":" ","price":2.94},{"type":"A","date":"2018-03-19T01:50:23.000Z","volume":5000,"label":" ","price":2.94},{"type":"A","date":"2018-03-19T01:50:28.000Z","volume":5000,"label":" ","price":2.94},{"type":"A","date":"2018-03-19T01:50:32.000Z","volume":5000,"label":"Y","price":2.94},{"type":"B","date":"2018-03-19T01:50:34.000Z","volume":55000,"label":" ","price":2.93},{"type":"A","date":"2018-03-19T01:50:37.000Z","volume":5000,"label":" ","price":2.94},{"type":"A","date":"2018-03-19T01:50:37.000Z","volume":20000,"label":" ","price":2.94},{"type":"A","date":"2018-03-19T01:50:49.000Z","volume":45000,"label":" ","price":2.94},{"type":"A","date":"2018-03-19T01:50:49.000Z","volume":5000,"label":"Y","price":2.95},{"type":"B","date":"2018-03-19T01:50:53.000Z","volume":5000,"label":" ","price":2.93},{"type":"A","date":"2018-03-19T01:50:55.000Z","volume":5000,"label":" ","price":2.93},{"type":"A","date":"2018-03-19T01:51:37.000Z","volume":25000,"label":" ","price":2.93},{"type":"A","date":"2018-03-19T01:51:43.000Z","volume":5000,"label":" ","price":2.94},{"type":"A","date":"2018-03-19T01:51:43.000Z","volume":10000,"label":" ","price":2.94},{"type":"B","date":"2018-03-19T01:52:02.000Z","volume":25000,"label":" ","price":2.93},{"type":"B","date":"2018-03-19T01:52:03.000Z","volume":10000,"label":" ","price":2.92},{"type":"B","date":"2018-03-19T01:52:04.000Z","volume":5000,"label":" ","price":2.92},{"type":"B","date":"2018-03-19T01:52:04.000Z","volume":5000,"label":" ","price":2.92},{"type":"A","date":"2018-03-19T01:52:38.000Z","volume":20000,"label":" ","price":2.93},{"type":"A","date":"2018-03-19T01:53:02.000Z","volume":20000,"label":" ","price":2.92},{"type":"B","date":"2018-03-19T01:53:32.000Z","volume":15000,"label":" ","price":2.91},{"type":"A","date":"2018-03-19T01:53:39.000Z","volume":25000,"label":" ","price":2.94},{"type":"A","date":"2018-03-19T01:54:40.000Z","volume":20000,"label":" ","price":2.93},{"type":"B","date":"2018-03-19T01:55:16.000Z","volume":20000,"label":" ","price":2.92},{"type":"A","date":"2018-03-19T01:55:28.000Z","volume":5000,"label":" ","price":2.93},{"type":"A","date":"2018-03-19T01:55:41.000Z","volume":15000,"label":" ","price":2.94},{"type":"A","date":"2018-03-19T01:55:41.000Z","volume":10000,"label":" ","price":2.94},{"type":"A","date":"2018-03-19T01:56:42.000Z","volume":25000,"label":" ","price":2.94},{"type":"A","date":"2018-03-19T01:57:28.000Z","volume":65000,"label":" ","price":2.94},{"type":"A","date":"2018-03-19T01:57:28.000Z","volume":5000,"label":" ","price":2.94},{"type":"A","date":"2018-03-19T01:57:30.000Z","volume":5000,"label":" ","price":2.94},{"type":"A","date":"2018-03-19T01:57:31.000Z","volume":40000,"label":" ","price":2.94},{"type":"A","date":"2018-03-19T01:57:44.000Z","volume":20000,"label":" ","price":2.94},{"type":"A","date":"2018-03-19T01:57:48.000Z","volume":30000,"label":" ","price":2.94},{"type":"A","date":"2018-03-19T01:57:53.000Z","volume":5000,"label":" ","price":2.94},{"type":"A","date":"2018-03-19T01:57:54.000Z","volume":5000,"label":" ","price":2.95},{"type":"A","date":"2018-03-19T01:57:57.000Z","volume":10000,"label":" ","price":2.95},{"type":"A","date":"2018-03-19T01:57:57.000Z","volume":5000,"label":" ","price":2.95},{"type":"A","date":"2018-03-19T01:58:43.000Z","volume":5000,"label":" ","price":2.95},{"type":"A","date":"2018-03-19T01:58:44.000Z","volume":25000,"label":" ","price":2.95},{"type":"B","date":"2018-03-19T01:59:18.000Z","volume":25000,"label":" ","price":2.94},{"type":"U","date":"2018-03-19T01:59:18.000Z","volume":5000,"label":" ","price":2.94},{"type":"A","date":"2018-03-19T01:59:45.000Z","volume":10000,"label":" ","price":2.94},{"type":"A","date":"2018-03-19T01:59:45.000Z","volume":10000,"label":" ","price":2.95},{"type":"B","date":"2018-03-19T02:00:45.000Z","volume":20000,"label":" ","price":2.94},{"type":"B","date":"2018-03-19T02:00:45.000Z","volume":5000,"label":" ","price":2.94},{"type":"A","date":"2018-03-19T02:00:46.000Z","volume":25000,"label":" ","price":2.95},{"type":"A","date":"2018-03-19T02:00:48.000Z","volume":5000,"label":" ","price":2.95},{"type":"A","date":"2018-03-19T02:01:04.000Z","volume":10000,"label":" ","price":2.95},{"type":"A","date":"2018-03-19T02:01:04.000Z","volume":5000,"label":"Y","price":2.95},{"type":"A","date":"2018-03-19T02:01:04.000Z","volume":35000,"label":" ","price":2.95},{"type":"B","date":"2018-03-19T02:01:28.000Z","volume":20000,"label":" ","price":2.94},{"type":"A","date":"2018-03-19T02:01:47.000Z","volume":25000,"label":" ","price":2.96},{"type":"A","date":"2018-03-19T02:01:48.000Z","volume":5000,"label":" ","price":2.96},{"type":"A","date":"2018-03-19T02:01:48.000Z","volume":35000,"label":" ","price":2.96},{"type":"B","date":"2018-03-19T02:01:49.000Z","volume":5000,"label":" ","price":2.95},{"type":"U","date":"2018-03-19T02:01:50.000Z","volume":5000,"label":" ","price":2.96},{"type":"U","date":"2018-03-19T02:02:27.000Z","volume":100,"label":"D","price":2.96},{"type":"B","date":"2018-03-19T02:02:33.000Z","volume":10000,"label":"Y","price":2.96},{"type":"A","date":"2018-03-19T02:02:46.000Z","volume":5000,"label":" ","price":2.96},{"type":"A","date":"2018-03-19T02:02:48.000Z","volume":20000,"label":" ","price":2.96},{"type":"A","date":"2018-03-19T02:02:48.000Z","volume":5000,"label":" ","price":2.96},{"type":"A","date":"2018-03-19T02:02:51.000Z","volume":5000,"label":" ","price":2.97},{"type":"A","date":"2018-03-19T02:03:42.000Z","volume":5000,"label":" ","price":2.97},{"type":"A","date":"2018-03-19T02:03:46.000Z","volume":25000,"label":" ","price":2.97},{"type":"A","date":"2018-03-19T02:03:50.000Z","volume":25000,"label":" ","price":2.97},{"type":"A","date":"2018-03-19T02:04:01.000Z","volume":85000,"label":"Y","price":2.97},{"type":"A","date":"2018-03-19T02:04:01.000Z","volume":15000,"label":" ","price":2.97},{"type":"A","date":"2018-03-19T02:04:01.000Z","volume":5000,"label":" ","price":2.97},{"type":"A","date":"2018-03-19T02:04:03.000Z","volume":5000,"label":" ","price":2.97},{"type":"A","date":"2018-03-19T02:04:50.000Z","volume":20000,"label":" ","price":2.97},{"type":"A","date":"2018-03-19T02:05:02.000Z","volume":30000,"label":" ","price":2.97},{"type":"A","date":"2018-03-19T02:05:02.000Z","volume":5000,"label":" ","price":2.97},{"type":"A","date":"2018-03-19T02:05:09.000Z","volume":10000,"label":" ","price":2.97},{"type":"A","date":"2018-03-19T02:05:13.000Z","volume":15000,"label":" ","price":2.97},{"type":"A","date":"2018-03-19T02:05:13.000Z","volume":15000,"label":" ","price":2.97},{"type":"B","date":"2018-03-19T02:05:28.000Z","volume":30000,"label":" ","price":2.97},{"type":"A","date":"2018-03-19T02:05:28.000Z","volume":5000,"label":" ","price":2.98},{"type":"A","date":"2018-03-19T02:05:28.000Z","volume":5000,"label":" ","price":2.97},{"type":"A","date":"2018-03-19T02:05:28.000Z","volume":20000,"label":" ","price":2.97},{"type":"A","date":"2018-03-19T02:05:51.000Z","volume":20000,"label":" ","price":2.97},{"type":"A","date":"2018-03-19T02:05:51.000Z","volume":5000,"label":" ","price":2.97},{"type":"A","date":"2018-03-19T02:05:54.000Z","volume":5000,"label":" ","price":2.98},{"type":"B","date":"2018-03-19T02:06:01.000Z","volume":5000,"label":" ","price":2.96},{"type":"U","date":"2018-03-19T02:06:02.000Z","volume":5000,"label":" ","price":2.97},{"type":"A","date":"2018-03-19T02:06:21.000Z","volume":15000,"label":" ","price":2.98},{"type":"A","date":"2018-03-19T02:06:52.000Z","volume":25000,"label":" ","price":2.98},{"type":"A","date":"2018-03-19T02:06:52.000Z","volume":5000,"label":" ","price":2.98},{"type":"A","date":"2018-03-19T02:06:54.000Z","volume":50000,"label":" ","price":2.98},{"type":"B","date":"2018-03-19T02:06:56.000Z","volume":200000,"label":" ","price":2.97},{"type":"A","date":"2018-03-19T02:06:57.000Z","volume":50000,"label":" ","price":2.98},{"type":"A","date":"2018-03-19T02:06:58.000Z","volume":20000,"label":" ","price":2.98},{"type":"A","date":"2018-03-19T02:07:01.000Z","volume":5000,"label":" ","price":2.98},{"type":"A","date":"2018-03-19T02:07:01.000Z","volume":5000,"label":" ","price":2.98},{"type":"A","date":"2018-03-19T02:07:15.000Z","volume":5000,"label":" ","price":2.98},{"type":"A","date":"2018-03-19T02:07:53.000Z","volume":20000,"label":" ","price":2.98},{"type":"A","date":"2018-03-19T02:08:10.000Z","volume":135000,"label":" ","price":2.98},{"type":"A","date":"2018-03-19T02:08:12.000Z","volume":5000,"label":" ","price":2.99},{"type":"A","date":"2018-03-19T02:08:14.000Z","volume":5000,"label":" ","price":2.99},{"type":"A","date":"2018-03-19T02:08:44.000Z","volume":5000,"label":" ","price":2.99},{"type":"A","date":"2018-03-19T02:08:54.000Z","volume":25000,"label":" ","price":2.99},{"type":"A","date":"2018-03-19T02:08:54.000Z","volume":5000,"label":" ","price":2.99},{"type":"A","date":"2018-03-19T02:09:00.000Z","volume":10000,"label":" ","price":2.99},{"type":"A","date":"2018-03-19T02:09:10.000Z","volume":5000,"label":" ","price":2.99},{"type":"A","date":"2018-03-19T02:09:10.000Z","volume":100000,"label":" ","price":2.99},{"type":"A","date":"2018-03-19T02:09:11.000Z","volume":5000,"label":" ","price":2.99},{"type":"A","date":"2018-03-19T02:09:16.000Z","volume":40000,"label":" ","price":2.99},{"type":"B","date":"2018-03-19T02:09:49.000Z","volume":20000,"label":" ","price":2.99},{"type":"B","date":"2018-03-19T02:09:49.000Z","volume":50000,"label":" ","price":2.99},{"type":"B","date":"2018-03-19T02:09:54.000Z","volume":15000,"label":" ","price":2.99},{"type":"A","date":"2018-03-19T02:09:56.000Z","volume":20000,"label":" ","price":3},{"type":"A","date":"2018-03-19T02:10:05.000Z","volume":5000,"label":" ","price":3},{"type":"A","date":"2018-03-19T02:10:14.000Z","volume":5000,"label":" ","price":2.99},{"type":"A","date":"2018-03-19T02:10:15.000Z","volume":5000,"label":" ","price":2.99},{"type":"A","date":"2018-03-19T02:10:16.000Z","volume":5000,"label":" ","price":2.99},{"type":"A","date":"2018-03-19T02:10:16.000Z","volume":5000,"label":" ","price":2.99},{"type":"A","date":"2018-03-19T02:10:16.000Z","volume":5000,"label":" ","price":2.99},{"type":"B","date":"2018-03-19T02:10:20.000Z","volume":10000,"label":" ","price":2.99},{"type":"B","date":"2018-03-19T02:10:46.000Z","volume":50000,"label":" ","price":2.98},{"type":"A","date":"2018-03-19T02:10:49.000Z","volume":5000,"label":" ","price":2.99},{"type":"B","date":"2018-03-19T02:10:49.000Z","volume":40000,"label":" ","price":2.98},{"type":"B","date":"2018-03-19T02:10:54.000Z","volume":50000,"label":" ","price":2.98},{"type":"B","date":"2018-03-19T02:10:57.000Z","volume":160000,"label":" ","price":2.98},{"type":"A","date":"2018-03-19T02:10:57.000Z","volume":25000,"label":" ","price":2.98},{"type":"A","date":"2018-03-19T02:11:21.000Z","volume":5000,"label":" ","price":2.98},{"type":"A","date":"2018-03-19T02:11:45.000Z","volume":5000,"label":" ","price":2.98},{"type":"B","date":"2018-03-19T02:11:54.000Z","volume":10000,"label":" ","price":2.97},{"type":"A","date":"2018-03-19T02:11:58.000Z","volume":25000,"label":" ","price":2.98},{"type":"A","date":"2018-03-19T02:12:24.000Z","volume":50000,"label":" ","price":2.98},{"type":"A","date":"2018-03-19T02:12:58.000Z","volume":10000,"label":" ","price":2.98},{"type":"A","date":"2018-03-19T02:13:59.000Z","volume":25000,"label":" ","price":2.99},{"type":"B","date":"2018-03-19T02:14:37.000Z","volume":5000,"label":" ","price":2.98},{"type":"B","date":"2018-03-19T02:14:37.000Z","volume":50000,"label":" ","price":2.98},{"type":"A","date":"2018-03-19T02:15:00.000Z","volume":20000,"label":" ","price":2.99},{"type":"A","date":"2018-03-19T02:15:37.000Z","volume":10000,"label":" ","price":2.98},{"type":"A","date":"2018-03-19T02:16:01.000Z","volume":25000,"label":" ","price":2.98},{"type":"A","date":"2018-03-19T02:16:25.000Z","volume":10000,"label":" ","price":2.98},{"type":"B","date":"2018-03-19T02:16:25.000Z","volume":10000,"label":" ","price":2.98},{"type":"B","date":"2018-03-19T02:16:39.000Z","volume":10000,"label":" ","price":2.98},{"type":"A","date":"2018-03-19T02:17:03.000Z","volume":25000,"label":" ","price":2.98},{"type":"A","date":"2018-03-19T02:17:24.000Z","volume":10000,"label":" ","price":2.98},{"type":"A","date":"2018-03-19T02:18:04.000Z","volume":20000,"label":" ","price":2.98},{"type":"A","date":"2018-03-19T02:18:09.000Z","volume":15000,"label":" ","price":2.98},{"type":"A","date":"2018-03-19T02:18:12.000Z","volume":5000,"label":" ","price":2.98},{"type":"A","date":"2018-03-19T02:18:13.000Z","volume":30000,"label":" ","price":2.98},{"type":"A","date":"2018-03-19T02:19:05.000Z","volume":25000,"label":" ","price":2.98},{"type":"A","date":"2018-03-19T02:20:05.000Z","volume":20000,"label":" ","price":2.98},{"type":"A","date":"2018-03-19T02:20:12.000Z","volume":5000,"label":" ","price":2.98},{"type":"A","date":"2018-03-19T02:20:33.000Z","volume":100000,"label":" ","price":2.98},{"type":"A","date":"2018-03-19T02:20:33.000Z","volume":10000,"label":" ","price":2.98},{"type":"A","date":"2018-03-19T02:20:47.000Z","volume":5000,"label":" ","price":2.98},{"type":"A","date":"2018-03-19T02:21:06.000Z","volume":20000,"label":" ","price":2.98},{"type":"A","date":"2018-03-19T02:21:06.000Z","volume":5000,"label":" ","price":2.98},{"type":"A","date":"2018-03-19T02:21:13.000Z","volume":5000,"label":" ","price":2.99},{"type":"A","date":"2018-03-19T02:22:07.000Z","volume":25000,"label":" ","price":2.99},{"type":"U","date":"2018-03-19T02:22:09.000Z","volume":5000,"label":" ","price":2.98},{"type":"A","date":"2018-03-19T02:22:13.000Z","volume":5000,"label":" ","price":2.99},{"type":"A","date":"2018-03-19T02:22:15.000Z","volume":15000,"label":" ","price":2.99},{"type":"A","date":"2018-03-19T02:22:43.000Z","volume":10000,"label":" ","price":2.98},{"type":"A","date":"2018-03-19T02:22:43.000Z","volume":25000,"label":" ","price":2.98},{"type":"A","date":"2018-03-19T02:22:43.000Z","volume":5000,"label":" ","price":2.99},{"type":"A","date":"2018-03-19T02:23:09.000Z","volume":20000,"label":" ","price":2.99},{"type":"A","date":"2018-03-19T02:23:15.000Z","volume":5000,"label":" ","price":2.99},{"type":"A","date":"2018-03-19T02:23:52.000Z","volume":15000,"label":" ","price":2.98},{"type":"A","date":"2018-03-19T02:24:10.000Z","volume":25000,"label":" ","price":2.99},{"type":"A","date":"2018-03-19T02:24:16.000Z","volume":5000,"label":" ","price":2.99},{"type":"A","date":"2018-03-19T02:24:24.000Z","volume":5000,"label":" ","price":2.99},{"type":"B","date":"2018-03-19T02:24:37.000Z","volume":15000,"label":" ","price":2.98},{"type":"A","date":"2018-03-19T02:25:11.000Z","volume":15000,"label":" ","price":2.98},{"type":"A","date":"2018-03-19T02:25:17.000Z","volume":5000,"label":" ","price":2.99},{"type":"B","date":"2018-03-19T02:25:38.000Z","volume":5000,"label":" ","price":2.98},{"type":"A","date":"2018-03-19T02:26:12.000Z","volume":25000,"label":" ","price":2.99},{"type":"A","date":"2018-03-19T02:26:18.000Z","volume":5000,"label":" ","price":2.99},{"type":"B","date":"2018-03-19T02:26:22.000Z","volume":10000,"label":" ","price":2.98},{"type":"B","date":"2018-03-19T02:26:58.000Z","volume":5000,"label":" ","price":2.98},{"type":"A","date":"2018-03-19T02:27:12.000Z","volume":25000,"label":" ","price":2.99},{"type":"U","date":"2018-03-19T02:27:17.000Z","volume":4666,"label":"D","price":2.95},{"type":"A","date":"2018-03-19T02:27:19.000Z","volume":5000,"label":" ","price":2.99},{"type":"A","date":"2018-03-19T02:27:21.000Z","volume":300000,"label":" ","price":2.99},{"type":"A","date":"2018-03-19T02:27:23.000Z","volume":15000,"label":" ","price":2.99},{"type":"B","date":"2018-03-19T02:27:43.000Z","volume":10000,"label":" ","price":2.98},{"type":"A","date":"2018-03-19T02:28:13.000Z","volume":20000,"label":" ","price":2.99},{"type":"A","date":"2018-03-19T02:28:20.000Z","volume":5000,"label":" ","price":2.99},{"type":"A","date":"2018-03-19T02:28:59.000Z","volume":10000,"label":"Y","price":2.99},{"type":"A","date":"2018-03-19T02:28:59.000Z","volume":60000,"label":" ","price":2.99},{"type":"A","date":"2018-03-19T02:29:15.000Z","volume":25000,"label":" ","price":3},{"type":"A","date":"2018-03-19T02:29:22.000Z","volume":5000,"label":" ","price":3},{"type":"A","date":"2018-03-19T02:29:43.000Z","volume":5000,"label":" ","price":2.99},{"type":"B","date":"2018-03-19T02:29:47.000Z","volume":5000,"label":" ","price":2.99},{"type":"B","date":"2018-03-19T02:29:57.000Z","volume":10000,"label":" ","price":2.99},{"type":"B","date":"2018-03-19T02:30:11.000Z","volume":35000,"label":" ","price":2.99},{"type":"A","date":"2018-03-19T02:30:16.000Z","volume":20000,"label":" ","price":3},{"type":"A","date":"2018-03-19T02:30:22.000Z","volume":5000,"label":" ","price":3},{"type":"A","date":"2018-03-19T02:30:57.000Z","volume":30000,"label":" ","price":3},{"type":"A","date":"2018-03-19T02:31:17.000Z","volume":25000,"label":" ","price":3},{"type":"A","date":"2018-03-19T02:31:23.000Z","volume":5000,"label":" ","price":3},{"type":"B","date":"2018-03-19T02:32:16.000Z","volume":40000,"label":" ","price":2.99},{"type":"A","date":"2018-03-19T02:32:18.000Z","volume":25000,"label":" ","price":3},{"type":"A","date":"2018-03-19T02:32:27.000Z","volume":100000,"label":" ","price":3},{"type":"A","date":"2018-03-19T02:32:29.000Z","volume":100000,"label":" ","price":3},{"type":"A","date":"2018-03-19T02:32:30.000Z","volume":50000,"label":" ","price":3},{"type":"A","date":"2018-03-19T02:32:58.000Z","volume":35000,"label":" ","price":3},{"type":"A","date":"2018-03-19T02:33:18.000Z","volume":20000,"label":" ","price":3},{"type":"A","date":"2018-03-19T02:33:22.000Z","volume":100000,"label":" ","price":3},{"type":"A","date":"2018-03-19T02:33:25.000Z","volume":5000,"label":" ","price":3},{"type":"A","date":"2018-03-19T02:33:38.000Z","volume":50000,"label":" ","price":3},{"type":"A","date":"2018-03-19T02:34:00.000Z","volume":100000,"label":" ","price":3},{"type":"A","date":"2018-03-19T02:34:02.000Z","volume":200000,"label":" ","price":3},{"type":"A","date":"2018-03-19T02:34:02.000Z","volume":340000,"label":" ","price":3},{"type":"A","date":"2018-03-19T02:34:02.000Z","volume":5000,"label":" ","price":3},{"type":"A","date":"2018-03-19T02:34:02.000Z","volume":5000,"label":"Y","price":3},{"type":"A","date":"2018-03-19T02:34:02.000Z","volume":370000,"label":" ","price":3},{"type":"A","date":"2018-03-19T02:34:03.000Z","volume":50000,"label":" ","price":3.01},{"type":"A","date":"2018-03-19T02:34:03.000Z","volume":15000,"label":" ","price":3.01},{"type":"A","date":"2018-03-19T02:34:03.000Z","volume":10000,"label":" ","price":3.01},{"type":"A","date":"2018-03-19T02:34:06.000Z","volume":65000,"label":" ","price":3.01},{"type":"A","date":"2018-03-19T02:34:14.000Z","volume":30000,"label":" ","price":3.02},{"type":"A","date":"2018-03-19T02:34:19.000Z","volume":25000,"label":" ","price":3.02},{"type":"B","date":"2018-03-19T02:34:24.000Z","volume":90000,"label":" ","price":3.01},{"type":"A","date":"2018-03-19T02:34:25.000Z","volume":5000,"label":" ","price":3.01},{"type":"A","date":"2018-03-19T02:34:26.000Z","volume":5000,"label":" ","price":3.01},{"type":"A","date":"2018-03-19T02:34:27.000Z","volume":10000,"label":" ","price":3.01},{"type":"B","date":"2018-03-19T02:34:30.000Z","volume":15000,"label":" ","price":3.01},{"type":"B","date":"2018-03-19T02:34:30.000Z","volume":20000,"label":" ","price":3.01},{"type":"B","date":"2018-03-19T02:34:49.000Z","volume":20000,"label":" ","price":3.01},{"type":"B","date":"2018-03-19T02:35:03.000Z","volume":100000,"label":" ","price":3.01},{"type":"B","date":"2018-03-19T02:35:03.000Z","volume":25000,"label":" ","price":3.01},{"type":"A","date":"2018-03-19T02:35:06.000Z","volume":10000,"label":" ","price":3.02},{"type":"A","date":"2018-03-19T02:35:21.000Z","volume":20000,"label":" ","price":3.01},{"type":"B","date":"2018-03-19T02:35:25.000Z","volume":5000,"label":" ","price":3},{"type":"A","date":"2018-03-19T02:35:28.000Z","volume":5000,"label":" ","price":3.01},{"type":"A","date":"2018-03-19T02:35:28.000Z","volume":25000,"label":" ","price":3.01},{"type":"B","date":"2018-03-19T02:35:30.000Z","volume":5000,"label":" ","price":3.01},{"type":"B","date":"2018-03-19T02:35:32.000Z","volume":30000,"label":" ","price":3.01},{"type":"A","date":"2018-03-19T02:36:03.000Z","volume":5000,"label":" ","price":3.01},{"type":"A","date":"2018-03-19T02:36:22.000Z","volume":25000,"label":" ","price":3.01},{"type":"A","date":"2018-03-19T02:36:29.000Z","volume":5000,"label":" ","price":3.01},{"type":"A","date":"2018-03-19T02:36:42.000Z","volume":50000,"label":" ","price":3.01},{"type":"A","date":"2018-03-19T02:36:48.000Z","volume":5000,"label":" ","price":3.01},{"type":"A","date":"2018-03-19T02:37:18.000Z","volume":25000,"label":" ","price":3.01},{"type":"B","date":"2018-03-19T02:37:18.000Z","volume":10000,"label":" ","price":3.01},{"type":"A","date":"2018-03-19T02:37:23.000Z","volume":25000,"label":" ","price":3.02},{"type":"A","date":"2018-03-19T02:37:29.000Z","volume":5000,"label":" ","price":3.02},{"type":"B","date":"2018-03-19T02:37:37.000Z","volume":5000,"label":" ","price":3.01},{"type":"A","date":"2018-03-19T02:37:57.000Z","volume":5000,"label":" ","price":3.01},{"type":"A","date":"2018-03-19T02:38:24.000Z","volume":20000,"label":" ","price":3.01},{"type":"A","date":"2018-03-19T02:38:30.000Z","volume":5000,"label":" ","price":3.01},{"type":"A","date":"2018-03-19T02:38:31.000Z","volume":60000,"label":" ","price":3.01},{"type":"A","date":"2018-03-19T02:39:25.000Z","volume":25000,"label":" ","price":3.01},{"type":"B","date":"2018-03-19T02:39:28.000Z","volume":50000,"label":" ","price":3},{"type":"A","date":"2018-03-19T02:39:31.000Z","volume":5000,"label":" ","price":3.01},{"type":"B","date":"2018-03-19T02:39:51.000Z","volume":10000,"label":" ","price":3},{"type":"B","date":"2018-03-19T02:40:08.000Z","volume":5000,"label":" ","price":3},{"type":"B","date":"2018-03-19T02:40:10.000Z","volume":150000,"label":" ","price":3},{"type":"B","date":"2018-03-19T02:40:10.000Z","volume":25000,"label":" ","price":3},{"type":"A","date":"2018-03-19T02:40:12.000Z","volume":5000,"label":" ","price":3},{"type":"A","date":"2018-03-19T02:40:25.000Z","volume":20000,"label":" ","price":3},{"type":"A","date":"2018-03-19T02:40:32.000Z","volume":5000,"label":" ","price":3},{"type":"A","date":"2018-03-19T02:41:26.000Z","volume":25000,"label":" ","price":3},{"type":"A","date":"2018-03-19T02:41:33.000Z","volume":5000,"label":" ","price":3},{"type":"A","date":"2018-03-19T02:42:28.000Z","volume":25000,"label":" ","price":3},{"type":"A","date":"2018-03-19T02:42:35.000Z","volume":5000,"label":" ","price":3},{"type":"A","date":"2018-03-19T02:43:22.000Z","volume":20000,"label":" ","price":3},{"type":"A","date":"2018-03-19T02:43:23.000Z","volume":30000,"label":" ","price":3},{"type":"A","date":"2018-03-19T02:43:29.000Z","volume":15000,"label":" ","price":3},{"type":"B","date":"2018-03-19T02:43:29.000Z","volume":5000,"label":" ","price":3},{"type":"B","date":"2018-03-19T02:43:29.000Z","volume":10000,"label":" ","price":3},{"type":"A","date":"2018-03-19T02:43:35.000Z","volume":5000,"label":" ","price":3.01},{"type":"U","date":"2018-03-19T02:43:58.000Z","volume":667,"label":"D","price":2.96},{"type":"A","date":"2018-03-19T02:44:12.000Z","volume":50000,"label":" ","price":3},{"type":"B","date":"2018-03-19T02:44:12.000Z","volume":50000,"label":" ","price":3},{"type":"A","date":"2018-03-19T02:44:30.000Z","volume":25000,"label":" ","price":3.01},{"type":"A","date":"2018-03-19T02:44:36.000Z","volume":5000,"label":" ","price":3},{"type":"B","date":"2018-03-19T02:44:40.000Z","volume":5000,"label":" ","price":2.99},{"type":"A","date":"2018-03-19T02:44:48.000Z","volume":35000,"label":" ","price":3},{"type":"A","date":"2018-03-19T02:45:00.000Z","volume":10000,"label":" ","price":3},{"type":"A","date":"2018-03-19T02:45:03.000Z","volume":20000,"label":" ","price":3},{"type":"A","date":"2018-03-19T02:45:03.000Z","volume":10000,"label":" ","price":3},{"type":"B","date":"2018-03-19T02:45:12.000Z","volume":25000,"label":" ","price":3},{"type":"A","date":"2018-03-19T02:45:19.000Z","volume":10000,"label":" ","price":3},{"type":"A","date":"2018-03-19T02:45:31.000Z","volume":20000,"label":" ","price":3},{"type":"A","date":"2018-03-19T02:45:37.000Z","volume":5000,"label":" ","price":3},{"type":"B","date":"2018-03-19T02:45:47.000Z","volume":10000,"label":" ","price":2.99},{"type":"B","date":"2018-03-19T02:46:10.000Z","volume":5000,"label":" ","price":2.99},{"type":"B","date":"2018-03-19T02:46:25.000Z","volume":50000,"label":" ","price":2.99},{"type":"U","date":"2018-03-19T02:46:28.000Z","volume":666,"label":"D","price":2.95},{"type":"A","date":"2018-03-19T02:46:32.000Z","volume":25000,"label":" ","price":2.99},{"type":"B","date":"2018-03-19T02:46:33.000Z","volume":50000,"label":" ","price":2.98},{"type":"A","date":"2018-03-19T02:46:38.000Z","volume":5000,"label":" ","price":2.98},{"type":"A","date":"2018-03-19T02:46:46.000Z","volume":40000,"label":" ","price":2.98},{"type":"A","date":"2018-03-19T02:47:04.000Z","volume":5000,"label":" ","price":2.98},{"type":"A","date":"2018-03-19T02:47:32.000Z","volume":25000,"label":" ","price":2.98},{"type":"A","date":"2018-03-19T02:47:32.000Z","volume":5000,"label":" ","price":2.98},{"type":"A","date":"2018-03-19T02:47:39.000Z","volume":5000,"label":" ","price":2.99},{"type":"A","date":"2018-03-19T02:48:34.000Z","volume":15000,"label":" ","price":2.98},{"type":"A","date":"2018-03-19T02:48:41.000Z","volume":5000,"label":" ","price":2.99},{"type":"A","date":"2018-03-19T02:49:35.000Z","volume":25000,"label":" ","price":2.99},{"type":"A","date":"2018-03-19T02:49:42.000Z","volume":5000,"label":" ","price":2.99},{"type":"A","date":"2018-03-19T02:49:42.000Z","volume":5000,"label":" ","price":2.99},{"type":"B","date":"2018-03-19T02:49:51.000Z","volume":5000,"label":" ","price":2.98},{"type":"B","date":"2018-03-19T02:50:02.000Z","volume":5000,"label":" ","price":2.98},{"type":"A","date":"2018-03-19T02:50:36.000Z","volume":20000,"label":" ","price":2.99},{"type":"A","date":"2018-03-19T02:50:42.000Z","volume":5000,"label":" ","price":2.99},{"type":"A","date":"2018-03-19T02:50:43.000Z","volume":5000,"label":" ","price":2.99},{"type":"A","date":"2018-03-19T02:50:43.000Z","volume":5000,"label":" ","price":2.99},{"type":"A","date":"2018-03-19T02:50:44.000Z","volume":30000,"label":" ","price":3},{"type":"A","date":"2018-03-19T02:51:37.000Z","volume":25000,"label":" ","price":3},{"type":"A","date":"2018-03-19T02:51:43.000Z","volume":5000,"label":" ","price":3},{"type":"A","date":"2018-03-19T02:52:38.000Z","volume":25000,"label":" ","price":3},{"type":"A","date":"2018-03-19T02:52:44.000Z","volume":5000,"label":" ","price":3},{"type":"A","date":"2018-03-19T02:53:16.000Z","volume":10000,"label":"Y","price":3},{"type":"A","date":"2018-03-19T02:53:39.000Z","volume":20000,"label":" ","price":3},{"type":"A","date":"2018-03-19T02:53:45.000Z","volume":5000,"label":" ","price":3},{"type":"B","date":"2018-03-19T02:54:07.000Z","volume":10000,"label":" ","price":2.99},{"type":"B","date":"2018-03-19T02:54:24.000Z","volume":10000,"label":" ","price":2.99},{"type":"A","date":"2018-03-19T02:54:40.000Z","volume":25000,"label":" ","price":3},{"type":"A","date":"2018-03-19T02:54:47.000Z","volume":5000,"label":" ","price":3},{"type":"A","date":"2018-03-19T02:54:52.000Z","volume":15000,"label":" ","price":3},{"type":"B","date":"2018-03-19T02:54:53.000Z","volume":5000,"label":" ","price":2.99},{"type":"A","date":"2018-03-19T02:55:39.000Z","volume":20000,"label":" ","price":3},{"type":"A","date":"2018-03-19T02:55:41.000Z","volume":20000,"label":" ","price":3},{"type":"A","date":"2018-03-19T02:55:48.000Z","volume":5000,"label":" ","price":3},{"type":"A","date":"2018-03-19T02:56:42.000Z","volume":25000,"label":" ","price":3},{"type":"A","date":"2018-03-19T02:56:49.000Z","volume":5000,"label":" ","price":3},{"type":"A","date":"2018-03-19T02:57:01.000Z","volume":5000,"label":" ","price":3},{"type":"A","date":"2018-03-19T02:57:43.000Z","volume":25000,"label":" ","price":3},{"type":"A","date":"2018-03-19T02:57:59.000Z","volume":5000,"label":"Y","price":3},{"type":"A","date":"2018-03-19T02:58:28.000Z","volume":100000,"label":" ","price":3},{"type":"A","date":"2018-03-19T02:58:44.000Z","volume":20000,"label":" ","price":3},{"type":"A","date":"2018-03-19T02:58:50.000Z","volume":5000,"label":" ","price":3},{"type":"A","date":"2018-03-19T02:59:43.000Z","volume":25000,"label":" ","price":3},{"type":"A","date":"2018-03-19T02:59:45.000Z","volume":25000,"label":" ","price":3},{"type":"A","date":"2018-03-19T02:59:51.000Z","volume":5000,"label":" ","price":3},{"type":"B","date":"2018-03-19T02:59:52.000Z","volume":5000,"label":" ","price":2.99},{"type":"A","date":"2018-03-19T03:00:46.000Z","volume":20000,"label":" ","price":3},{"type":"A","date":"2018-03-19T03:00:48.000Z","volume":10000,"label":" ","price":3},{"type":"A","date":"2018-03-19T03:00:52.000Z","volume":5000,"label":" ","price":3},{"type":"U","date":"2018-03-19T03:01:05.000Z","volume":469,"label":"D","price":2.95},{"type":"B","date":"2018-03-19T03:01:24.000Z","volume":10000,"label":" ","price":2.99},{"type":"A","date":"2018-03-19T03:01:47.000Z","volume":25000,"label":" ","price":3},{"type":"A","date":"2018-03-19T03:01:54.000Z","volume":5000,"label":" ","price":3},{"type":"B","date":"2018-03-19T03:02:19.000Z","volume":80000,"label":" ","price":2.99},{"type":"A","date":"2018-03-19T03:02:48.000Z","volume":25000,"label":" ","price":2.99},{"type":"B","date":"2018-03-19T03:02:54.000Z","volume":10000,"label":" ","price":2.98},{"type":"A","date":"2018-03-19T03:02:55.000Z","volume":5000,"label":" ","price":2.99},{"type":"B","date":"2018-03-19T03:03:12.000Z","volume":30000,"label":" ","price":2.98},{"type":"A","date":"2018-03-19T03:03:49.000Z","volume":20000,"label":" ","price":2.98},{"type":"A","date":"2018-03-19T03:03:56.000Z","volume":5000,"label":" ","price":2.98},{"type":"A","date":"2018-03-19T03:04:50.000Z","volume":25000,"label":" ","price":2.98},{"type":"A","date":"2018-03-19T03:04:56.000Z","volume":5000,"label":" ","price":2.98},{"type":"A","date":"2018-03-19T03:05:51.000Z","volume":20000,"label":" ","price":2.98},{"type":"A","date":"2018-03-19T03:05:57.000Z","volume":5000,"label":" ","price":2.98},{"type":"A","date":"2018-03-19T03:06:52.000Z","volume":25000,"label":" ","price":2.98},{"type":"A","date":"2018-03-19T03:06:58.000Z","volume":5000,"label":" ","price":2.98},{"type":"A","date":"2018-03-19T03:07:54.000Z","volume":25000,"label":" ","price":2.98},{"type":"A","date":"2018-03-19T03:08:00.000Z","volume":5000,"label":" ","price":2.98},{"type":"A","date":"2018-03-19T03:08:43.000Z","volume":30000,"label":" ","price":2.98},{"type":"A","date":"2018-03-19T03:08:54.000Z","volume":20000,"label":" ","price":2.98},{"type":"A","date":"2018-03-19T03:09:01.000Z","volume":5000,"label":" ","price":2.98},{"type":"B","date":"2018-03-19T03:09:25.000Z","volume":5000,"label":" ","price":2.97},{"type":"B","date":"2018-03-19T03:09:25.000Z","volume":5000,"label":" ","price":2.97},{"type":"A","date":"2018-03-19T03:09:54.000Z","volume":5000,"label":" ","price":2.98},{"type":"A","date":"2018-03-19T03:09:55.000Z","volume":25000,"label":" ","price":2.98},{"type":"A","date":"2018-03-19T03:10:02.000Z","volume":5000,"label":" ","price":2.98},{"type":"A","date":"2018-03-19T03:10:02.000Z","volume":5000,"label":"Y","price":2.98},{"type":"A","date":"2018-03-19T03:10:02.000Z","volume":105000,"label":" ","price":2.98},{"type":"A","date":"2018-03-19T03:10:08.000Z","volume":20000,"label":" ","price":2.98},{"type":"A","date":"2018-03-19T03:10:56.000Z","volume":20000,"label":" ","price":2.99},{"type":"A","date":"2018-03-19T03:11:02.000Z","volume":5000,"label":" ","price":2.99},{"type":"A","date":"2018-03-19T03:11:57.000Z","volume":25000,"label":" ","price":2.99},{"type":"A","date":"2018-03-19T03:12:03.000Z","volume":5000,"label":" ","price":2.99},{"type":"A","date":"2018-03-19T03:12:43.000Z","volume":30000,"label":" ","price":2.99},{"type":"A","date":"2018-03-19T03:12:58.000Z","volume":25000,"label":" ","price":2.99},{"type":"A","date":"2018-03-19T03:13:04.000Z","volume":5000,"label":" ","price":2.99},{"type":"A","date":"2018-03-19T03:14:00.000Z","volume":20000,"label":" ","price":2.99},{"type":"A","date":"2018-03-19T03:14:06.000Z","volume":5000,"label":" ","price":2.99},{"type":"A","date":"2018-03-19T03:14:50.000Z","volume":10000,"label":" ","price":2.99},{"type":"A","date":"2018-03-19T03:15:00.000Z","volume":25000,"label":" ","price":2.99},{"type":"A","date":"2018-03-19T03:15:03.000Z","volume":30000,"label":" ","price":2.99},{"type":"A","date":"2018-03-19T03:15:07.000Z","volume":5000,"label":" ","price":2.99},{"type":"A","date":"2018-03-19T03:15:13.000Z","volume":10000,"label":" ","price":2.99},{"type":"A","date":"2018-03-19T03:15:19.000Z","volume":5000,"label":"Y","price":2.99},{"type":"A","date":"2018-03-19T03:15:19.000Z","volume":10000,"label":" ","price":2.99},{"type":"A","date":"2018-03-19T03:16:01.000Z","volume":15000,"label":" ","price":2.99},{"type":"A","date":"2018-03-19T03:16:01.000Z","volume":5000,"label":" ","price":2.99},{"type":"A","date":"2018-03-19T03:16:08.000Z","volume":5000,"label":" ","price":3},{"type":"A","date":"2018-03-19T03:17:02.000Z","volume":25000,"label":" ","price":3},{"type":"A","date":"2018-03-19T03:17:09.000Z","volume":5000,"label":" ","price":3},{"type":"A","date":"2018-03-19T03:18:03.000Z","volume":25000,"label":" ","price":3},{"type":"A","date":"2018-03-19T03:18:09.000Z","volume":5000,"label":" ","price":3},{"type":"A","date":"2018-03-19T03:19:04.000Z","volume":20000,"label":" ","price":2.99},{"type":"A","date":"2018-03-19T03:19:10.000Z","volume":5000,"label":" ","price":2.99},{"type":"A","date":"2018-03-19T03:19:13.000Z","volume":35000,"label":" ","price":2.99},{"type":"B","date":"2018-03-19T03:19:32.000Z","volume":5000,"label":" ","price":2.98},{"type":"A","date":"2018-03-19T03:20:06.000Z","volume":25000,"label":" ","price":2.99},{"type":"A","date":"2018-03-19T03:20:12.000Z","volume":5000,"label":" ","price":2.99},{"type":"A","date":"2018-03-19T03:21:07.000Z","volume":20000,"label":" ","price":2.99},{"type":"A","date":"2018-03-19T03:21:13.000Z","volume":5000,"label":" ","price":3},{"type":"A","date":"2018-03-19T03:22:07.000Z","volume":5000,"label":" ","price":2.99},{"type":"A","date":"2018-03-19T03:22:07.000Z","volume":20000,"label":" ","price":2.99},{"type":"A","date":"2018-03-19T03:22:14.000Z","volume":5000,"label":" ","price":3},{"type":"B","date":"2018-03-19T03:22:20.000Z","volume":10000,"label":" ","price":2.99},{"type":"A","date":"2018-03-19T03:23:08.000Z","volume":25000,"label":" ","price":3},{"type":"U","date":"2018-03-19T03:23:37.000Z","volume":666,"label":"D","price":2.93},{"type":"A","date":"2018-03-19T03:23:48.000Z","volume":5000,"label":" ","price":2.99},{"type":"B","date":"2018-03-19T03:23:59.000Z","volume":25000,"label":" ","price":2.99},{"type":"A","date":"2018-03-19T03:24:09.000Z","volume":20000,"label":" ","price":3},{"type":"A","date":"2018-03-19T03:24:16.000Z","volume":5000,"label":" ","price":3},{"type":"A","date":"2018-03-19T03:24:24.000Z","volume":10000,"label":" ","price":3},{"type":"U","date":"2018-03-19T03:25:06.000Z","volume":1333,"label":"D","price":2.95},{"type":"A","date":"2018-03-19T03:25:10.000Z","volume":25000,"label":" ","price":3},{"type":"A","date":"2018-03-19T03:25:16.000Z","volume":5000,"label":" ","price":3},{"type":"A","date":"2018-03-19T03:26:11.000Z","volume":20000,"label":" ","price":3},{"type":"A","date":"2018-03-19T03:26:17.000Z","volume":5000,"label":" ","price":3},{"type":"A","date":"2018-03-19T03:27:13.000Z","volume":25000,"label":" ","price":3},{"type":"A","date":"2018-03-19T03:27:19.000Z","volume":5000,"label":" ","price":3},{"type":"B","date":"2018-03-19T03:27:36.000Z","volume":20000,"label":" ","price":2.98},{"type":"B","date":"2018-03-19T03:27:55.000Z","volume":20000,"label":" ","price":2.98},{"type":"A","date":"2018-03-19T03:28:14.000Z","volume":25000,"label":" ","price":3},{"type":"A","date":"2018-03-19T03:28:20.000Z","volume":5000,"label":" ","price":3},{"type":"A","date":"2018-03-19T03:28:28.000Z","volume":35000,"label":" ","price":2.99},{"type":"A","date":"2018-03-19T03:28:42.000Z","volume":20000,"label":" ","price":2.99},{"type":"A","date":"2018-03-19T03:28:42.000Z","volume":45000,"label":" ","price":2.99},{"type":"A","date":"2018-03-19T03:29:21.000Z","volume":5000,"label":" ","price":2.99},{"type":"A","date":"2018-03-19T03:29:43.000Z","volume":60000,"label":" ","price":2.99},{"type":"A","date":"2018-03-19T03:29:55.000Z","volume":40000,"label":" ","price":2.99},{"type":"A","date":"2018-03-19T03:29:55.000Z","volume":25000,"label":" ","price":2.99},{"type":"B","date":"2018-03-19T03:29:55.000Z","volume":5000,"label":" ","price":2.98},{"type":"A","date":"2018-03-19T03:30:22.000Z","volume":5000,"label":" ","price":3},{"type":"A","date":"2018-03-19T03:30:56.000Z","volume":10000,"label":" ","price":2.99},{"type":"B","date":"2018-03-19T03:30:56.000Z","volume":55000,"label":" ","price":2.99},{"type":"A","date":"2018-03-19T03:31:22.000Z","volume":5000,"label":" ","price":3},{"type":"B","date":"2018-03-19T03:31:45.000Z","volume":5000,"label":" ","price":2.99},{"type":"B","date":"2018-03-19T03:31:45.000Z","volume":5000,"label":" ","price":2.99},{"type":"B","date":"2018-03-19T03:31:45.000Z","volume":30000,"label":" ","price":2.99},{"type":"A","date":"2018-03-19T03:31:57.000Z","volume":65000,"label":" ","price":3},{"type":"B","date":"2018-03-19T03:32:16.000Z","volume":5000,"label":" ","price":2.99},{"type":"A","date":"2018-03-19T03:32:23.000Z","volume":5000,"label":" ","price":3},{"type":"A","date":"2018-03-19T03:32:58.000Z","volume":20000,"label":" ","price":2.99},{"type":"B","date":"2018-03-19T03:33:13.000Z","volume":5000,"label":" ","price":2.99},{"type":"B","date":"2018-03-19T03:33:14.000Z","volume":40000,"label":" ","price":2.99},{"type":"A","date":"2018-03-19T03:33:25.000Z","volume":5000,"label":" ","price":3},{"type":"A","date":"2018-03-19T03:33:59.000Z","volume":65000,"label":" ","price":3},{"type":"A","date":"2018-03-19T03:34:26.000Z","volume":5000,"label":" ","price":3},{"type":"A","date":"2018-03-19T03:35:00.000Z","volume":65000,"label":" ","price":3},{"type":"A","date":"2018-03-19T03:35:27.000Z","volume":5000,"label":" ","price":3},{"type":"B","date":"2018-03-19T03:35:46.000Z","volume":5000,"label":" ","price":2.99},{"type":"A","date":"2018-03-19T03:36:01.000Z","volume":65000,"label":" ","price":3},{"type":"A","date":"2018-03-19T03:36:28.000Z","volume":5000,"label":" ","price":3},{"type":"B","date":"2018-03-19T03:36:51.000Z","volume":5000,"label":" ","price":2.99},{"type":"A","date":"2018-03-19T03:37:02.000Z","volume":65000,"label":" ","price":3},{"type":"B","date":"2018-03-19T03:37:04.000Z","volume":40000,"label":" ","price":2.99},{"type":"A","date":"2018-03-19T03:37:29.000Z","volume":5000,"label":" ","price":3},{"type":"B","date":"2018-03-19T03:37:55.000Z","volume":15000,"label":" ","price":2.98},{"type":"A","date":"2018-03-19T03:38:03.000Z","volume":65000,"label":" ","price":3},{"type":"A","date":"2018-03-19T03:38:30.000Z","volume":5000,"label":" ","price":3},{"type":"U","date":"2018-03-19T03:38:32.000Z","volume":4000,"label":"D","price":2.94},{"type":"A","date":"2018-03-19T03:38:32.000Z","volume":5000,"label":" ","price":3},{"type":"A","date":"2018-03-19T03:38:49.000Z","volume":15000,"label":" ","price":2.99},{"type":"A","date":"2018-03-19T03:39:03.000Z","volume":400000,"label":" ","price":3},{"type":"A","date":"2018-03-19T03:39:04.000Z","volume":5000,"label":" ","price":3},{"type":"A","date":"2018-03-19T03:39:31.000Z","volume":5000,"label":" ","price":3.01},{"type":"B","date":"2018-03-19T03:39:52.000Z","volume":20000,"label":" ","price":3},{"type":"B","date":"2018-03-19T03:39:52.000Z","volume":15000,"label":" ","price":3},{"type":"A","date":"2018-03-19T03:40:05.000Z","volume":65000,"label":" ","price":3.01},{"type":"A","date":"2018-03-19T03:40:32.000Z","volume":5000,"label":" ","price":3.01},{"type":"B","date":"2018-03-19T03:40:50.000Z","volume":5000,"label":" ","price":3},{"type":"A","date":"2018-03-19T03:41:06.000Z","volume":15000,"label":" ","price":3},{"type":"A","date":"2018-03-19T03:41:33.000Z","volume":5000,"label":" ","price":3.01},{"type":"A","date":"2018-03-19T03:42:07.000Z","volume":65000,"label":" ","price":3.01},{"type":"A","date":"2018-03-19T03:42:34.000Z","volume":5000,"label":" ","price":3.01},{"type":"A","date":"2018-03-19T03:43:08.000Z","volume":65000,"label":" ","price":3.01},{"type":"A","date":"2018-03-19T03:43:35.000Z","volume":5000,"label":" ","price":3.01},{"type":"A","date":"2018-03-19T03:44:09.000Z","volume":65000,"label":" ","price":3.01},{"type":"A","date":"2018-03-19T03:44:36.000Z","volume":5000,"label":" ","price":3.01},{"type":"A","date":"2018-03-19T03:45:09.000Z","volume":20000,"label":" ","price":3.01},{"type":"A","date":"2018-03-19T03:45:10.000Z","volume":65000,"label":" ","price":3.01},{"type":"A","date":"2018-03-19T03:45:36.000Z","volume":5000,"label":" ","price":3.01},{"type":"A","date":"2018-03-19T03:46:11.000Z","volume":65000,"label":" ","price":3.01},{"type":"A","date":"2018-03-19T03:46:18.000Z","volume":50000,"label":" ","price":3.01},{"type":"A","date":"2018-03-19T03:47:10.000Z","volume":5000,"label":" ","price":3.01},{"type":"A","date":"2018-03-19T03:47:12.000Z","volume":65000,"label":" ","price":3.01},{"type":"A","date":"2018-03-19T03:47:38.000Z","volume":40000,"label":" ","price":3.01},{"type":"A","date":"2018-03-19T03:48:13.000Z","volume":65000,"label":" ","price":3.01},{"type":"A","date":"2018-03-19T03:48:13.000Z","volume":25000,"label":" ","price":3.01},{"type":"A","date":"2018-03-19T03:48:13.000Z","volume":10000,"label":" ","price":3.01},{"type":"A","date":"2018-03-19T03:49:14.000Z","volume":65000,"label":" ","price":3.02},{"type":"A","date":"2018-03-19T03:50:15.000Z","volume":65000,"label":" ","price":3.02},{"type":"A","date":"2018-03-19T03:50:43.000Z","volume":10000,"label":" ","price":3.02},{"type":"A","date":"2018-03-19T03:51:16.000Z","volume":65000,"label":" ","price":3.02},{"type":"A","date":"2018-03-19T03:53:10.000Z","volume":5000,"label":" ","price":3.02},{"type":"A","date":"2018-03-19T03:53:30.000Z","volume":5000,"label":" ","price":3.02},{"type":"B","date":"2018-03-19T03:53:35.000Z","volume":20000,"label":" ","price":3.01},{"type":"A","date":"2018-03-19T03:53:35.000Z","volume":5000,"label":" ","price":3.02},{"type":"B","date":"2018-03-19T03:54:49.000Z","volume":10000,"label":"Y","price":3.01},{"type":"B","date":"2018-03-19T03:54:56.000Z","volume":10000,"label":" ","price":3.01},{"type":"A","date":"2018-03-19T03:55:17.000Z","volume":20000,"label":" ","price":3.02},{"type":"A","date":"2018-03-19T03:55:20.000Z","volume":65000,"label":" ","price":3.02},{"type":"A","date":"2018-03-19T03:55:58.000Z","volume":10000,"label":" ","price":3.02},{"type":"A","date":"2018-03-19T03:56:13.000Z","volume":100000,"label":" ","price":3.02},{"type":"B","date":"2018-03-19T03:56:15.000Z","volume":5000,"label":" ","price":3.01},{"type":"B","date":"2018-03-19T03:56:42.000Z","volume":5000,"label":" ","price":3.01},{"type":"A","date":"2018-03-19T03:57:18.000Z","volume":15000,"label":" ","price":3.02},{"type":"A","date":"2018-03-19T03:57:20.000Z","volume":190000,"label":" ","price":3.02},{"type":"A","date":"2018-03-19T03:57:37.000Z","volume":100000,"label":" ","price":3.02},{"type":"A","date":"2018-03-19T03:57:38.000Z","volume":50000,"label":" ","price":3.02},{"type":"A","date":"2018-03-19T03:57:50.000Z","volume":30000,"label":" ","price":3.02},{"type":"A","date":"2018-03-19T03:57:53.000Z","volume":20000,"label":" ","price":3.02},{"type":"A","date":"2018-03-19T03:59:03.000Z","volume":15000,"label":" ","price":3.02},{"type":"A","date":"2018-03-19T03:59:13.000Z","volume":5000,"label":" ","price":3.02},{"type":"A","date":"2018-03-19T05:00:00.000Z","volume":5000,"label":" ","price":3.02},{"type":"A","date":"2018-03-19T05:00:12.000Z","volume":5000,"label":" ","price":3.02},{"type":"B","date":"2018-03-19T05:01:40.000Z","volume":5000,"label":" ","price":3.01},{"type":"B","date":"2018-03-19T05:03:16.000Z","volume":5000,"label":" ","price":3.01},{"type":"B","date":"2018-03-19T05:03:26.000Z","volume":20000,"label":" ","price":3.01},{"type":"B","date":"2018-03-19T05:03:30.000Z","volume":5000,"label":" ","price":3.01},{"type":"B","date":"2018-03-19T05:04:15.000Z","volume":40000,"label":" ","price":3.01},{"type":"B","date":"2018-03-19T05:05:46.000Z","volume":10000,"label":" ","price":3.01},{"type":"B","date":"2018-03-19T05:05:46.000Z","volume":30000,"label":" ","price":3.01},{"type":"B","date":"2018-03-19T05:05:54.000Z","volume":190000,"label":" ","price":3},{"type":"B","date":"2018-03-19T05:05:55.000Z","volume":30000,"label":" ","price":2.99},{"type":"A","date":"2018-03-19T05:06:03.000Z","volume":10000,"label":" ","price":3},{"type":"B","date":"2018-03-19T05:06:04.000Z","volume":10000,"label":" ","price":2.99},{"type":"B","date":"2018-03-19T05:06:04.000Z","volume":135000,"label":" ","price":2.98},{"type":"B","date":"2018-03-19T05:06:04.000Z","volume":255000,"label":" ","price":2.97},{"type":"A","date":"2018-03-19T05:06:31.000Z","volume":65000,"label":" ","price":2.98},{"type":"B","date":"2018-03-19T05:06:31.000Z","volume":5000,"label":" ","price":2.97},{"type":"A","date":"2018-03-19T05:06:53.000Z","volume":20000,"label":" ","price":2.98},{"type":"A","date":"2018-03-19T05:06:58.000Z","volume":5000,"label":" ","price":2.98},{"type":"A","date":"2018-03-19T05:07:32.000Z","volume":65000,"label":" ","price":2.98},{"type":"A","date":"2018-03-19T05:08:00.000Z","volume":5000,"label":" ","price":2.98},{"type":"A","date":"2018-03-19T05:08:00.000Z","volume":10000,"label":" ","price":2.98},{"type":"B","date":"2018-03-19T05:08:07.000Z","volume":40000,"label":" ","price":2.97},{"type":"A","date":"2018-03-19T05:08:07.000Z","volume":20000,"label":" ","price":2.98},{"type":"A","date":"2018-03-19T05:08:19.000Z","volume":20000,"label":" ","price":2.98},{"type":"A","date":"2018-03-19T05:08:34.000Z","volume":30000,"label":" ","price":2.98},{"type":"A","date":"2018-03-19T05:09:00.000Z","volume":5000,"label":" ","price":2.99},{"type":"A","date":"2018-03-19T05:10:01.000Z","volume":5000,"label":" ","price":2.99},{"type":"A","date":"2018-03-19T05:10:25.000Z","volume":35000,"label":" ","price":2.99},{"type":"B","date":"2018-03-19T05:10:41.000Z","volume":10000,"label":" ","price":2.98},{"type":"B","date":"2018-03-19T05:10:42.000Z","volume":10000,"label":" ","price":2.97},{"type":"A","date":"2018-03-19T05:11:02.000Z","volume":5000,"label":" ","price":2.98},{"type":"A","date":"2018-03-19T05:11:37.000Z","volume":65000,"label":" ","price":2.99},{"type":"A","date":"2018-03-19T05:12:03.000Z","volume":5000,"label":" ","price":2.99},{"type":"A","date":"2018-03-19T05:13:04.000Z","volume":5000,"label":" ","price":2.99},{"type":"A","date":"2018-03-19T05:14:23.000Z","volume":10000,"label":" ","price":2.98},{"type":"B","date":"2018-03-19T05:15:07.000Z","volume":5000,"label":" ","price":2.97},{"type":"B","date":"2018-03-19T05:15:07.000Z","volume":5000,"label":" ","price":2.97},{"type":"B","date":"2018-03-19T05:15:07.000Z","volume":5000,"label":" ","price":2.97},{"type":"B","date":"2018-03-19T05:15:07.000Z","volume":5000,"label":" ","price":2.97},{"type":"B","date":"2018-03-19T05:15:07.000Z","volume":5000,"label":" ","price":2.97},{"type":"B","date":"2018-03-19T05:15:07.000Z","volume":5000,"label":" ","price":2.97},{"type":"B","date":"2018-03-19T05:15:07.000Z","volume":5000,"label":" ","price":2.97},{"type":"B","date":"2018-03-19T05:15:07.000Z","volume":5000,"label":" ","price":2.97},{"type":"B","date":"2018-03-19T05:15:07.000Z","volume":5000,"label":" ","price":2.97},{"type":"B","date":"2018-03-19T05:15:07.000Z","volume":5000,"label":" ","price":2.97},{"type":"A","date":"2018-03-19T05:15:07.000Z","volume":5000,"label":" ","price":2.98},{"type":"B","date":"2018-03-19T05:15:09.000Z","volume":5000,"label":" ","price":2.97},{"type":"B","date":"2018-03-19T05:15:09.000Z","volume":5000,"label":" ","price":2.97},{"type":"B","date":"2018-03-19T05:15:09.000Z","volume":5000,"label":" ","price":2.97},{"type":"B","date":"2018-03-19T05:15:09.000Z","volume":5000,"label":" ","price":2.97},{"type":"B","date":"2018-03-19T05:15:09.000Z","volume":5000,"label":" ","price":2.97},{"type":"B","date":"2018-03-19T05:15:09.000Z","volume":5000,"label":" ","price":2.97},{"type":"B","date":"2018-03-19T05:15:09.000Z","volume":5000,"label":" ","price":2.97},{"type":"B","date":"2018-03-19T05:15:09.000Z","volume":5000,"label":" ","price":2.97},{"type":"B","date":"2018-03-19T05:15:09.000Z","volume":5000,"label":" ","price":2.97},{"type":"B","date":"2018-03-19T05:15:09.000Z","volume":5000,"label":" ","price":2.97},{"type":"A","date":"2018-03-19T05:15:41.000Z","volume":65000,"label":" ","price":2.98},{"type":"A","date":"2018-03-19T05:16:08.000Z","volume":5000,"label":" ","price":2.98},{"type":"A","date":"2018-03-19T05:16:12.000Z","volume":15000,"label":" ","price":2.98},{"type":"A","date":"2018-03-19T05:16:18.000Z","volume":5000,"label":" ","price":2.98},{"type":"A","date":"2018-03-19T05:16:20.000Z","volume":5000,"label":" ","price":2.98},{"type":"A","date":"2018-03-19T05:17:08.000Z","volume":5000,"label":" ","price":2.99},{"type":"A","date":"2018-03-19T05:17:42.000Z","volume":35000,"label":" ","price":2.99},{"type":"B","date":"2018-03-19T05:17:45.000Z","volume":10000,"label":" ","price":2.98},{"type":"B","date":"2018-03-19T05:18:04.000Z","volume":10000,"label":" ","price":2.98},{"type":"B","date":"2018-03-19T05:19:48.000Z","volume":5000,"label":" ","price":2.97},{"type":"U","date":"2018-03-19T05:20:03.000Z","volume":666,"label":"D","price":2.92},{"type":"A","date":"2018-03-19T05:20:17.000Z","volume":90000,"label":" ","price":2.98},{"type":"B","date":"2018-03-19T05:20:18.000Z","volume":10000,"label":" ","price":2.98},{"type":"A","date":"2018-03-19T05:20:42.000Z","volume":30000,"label":" ","price":2.99},{"type":"A","date":"2018-03-19T05:20:47.000Z","volume":5000,"label":" ","price":2.99},{"type":"A","date":"2018-03-19T05:21:43.000Z","volume":30000,"label":" ","price":3},{"type":"A","date":"2018-03-19T05:21:59.000Z","volume":5000,"label":" ","price":2.99},{"type":"A","date":"2018-03-19T05:22:05.000Z","volume":5000,"label":" ","price":2.99},{"type":"A","date":"2018-03-19T05:22:44.000Z","volume":30000,"label":" ","price":3},{"type":"A","date":"2018-03-19T05:23:45.000Z","volume":30000,"label":" ","price":3},{"type":"A","date":"2018-03-19T05:23:50.000Z","volume":10000,"label":" ","price":2.99},{"type":"A","date":"2018-03-19T05:23:52.000Z","volume":5000,"label":" ","price":3},{"type":"A","date":"2018-03-19T05:24:38.000Z","volume":5000,"label":" ","price":3},{"type":"A","date":"2018-03-19T05:24:46.000Z","volume":30000,"label":" ","price":3},{"type":"A","date":"2018-03-19T05:25:47.000Z","volume":30000,"label":" ","price":3},{"type":"B","date":"2018-03-19T05:26:22.000Z","volume":15000,"label":" ","price":2.99},{"type":"A","date":"2018-03-19T05:26:22.000Z","volume":5000,"label":" ","price":2.99},{"type":"A","date":"2018-03-19T05:26:48.000Z","volume":30000,"label":" ","price":3},{"type":"A","date":"2018-03-19T05:27:50.000Z","volume":30000,"label":" ","price":3},{"type":"A","date":"2018-03-19T05:28:05.000Z","volume":10000,"label":" ","price":2.99},{"type":"A","date":"2018-03-19T05:28:09.000Z","volume":65000,"label":" ","price":2.99},{"type":"A","date":"2018-03-19T05:28:09.000Z","volume":25000,"label":" ","price":2.99},{"type":"B","date":"2018-03-19T05:28:37.000Z","volume":10000,"label":" ","price":2.98},{"type":"A","date":"2018-03-19T05:28:50.000Z","volume":30000,"label":" ","price":3},{"type":"A","date":"2018-03-19T05:29:51.000Z","volume":30000,"label":" ","price":3},{"type":"A","date":"2018-03-19T05:30:52.000Z","volume":30000,"label":" ","price":3},{"type":"A","date":"2018-03-19T05:30:56.000Z","volume":25000,"label":" ","price":3},{"type":"A","date":"2018-03-19T05:30:56.000Z","volume":25000,"label":" ","price":3.01},{"type":"U","date":"2018-03-19T05:33:37.000Z","volume":666,"label":"D","price":2.95},{"type":"A","date":"2018-03-19T05:33:39.000Z","volume":10000,"label":" ","price":3.01},{"type":"B","date":"2018-03-19T05:34:10.000Z","volume":10000,"label":" ","price":3},{"type":"B","date":"2018-03-19T05:34:27.000Z","volume":10000,"label":" ","price":3},{"type":"B","date":"2018-03-19T05:35:31.000Z","volume":5000,"label":" ","price":3},{"type":"B","date":"2018-03-19T05:35:54.000Z","volume":5000,"label":" ","price":3},{"type":"A","date":"2018-03-19T05:37:01.000Z","volume":5000,"label":" ","price":3.01},{"type":"B","date":"2018-03-19T05:37:01.000Z","volume":10000,"label":" ","price":3},{"type":"B","date":"2018-03-19T05:37:37.000Z","volume":5000,"label":" ","price":3},{"type":"B","date":"2018-03-19T05:38:40.000Z","volume":10000,"label":" ","price":3},{"type":"A","date":"2018-03-19T05:38:55.000Z","volume":10000,"label":" ","price":3.01},{"type":"B","date":"2018-03-19T05:39:21.000Z","volume":5000,"label":" ","price":3},{"type":"B","date":"2018-03-19T05:41:09.000Z","volume":5000,"label":" ","price":3},{"type":"B","date":"2018-03-19T05:41:09.000Z","volume":40000,"label":" ","price":3},{"type":"A","date":"2018-03-19T05:42:03.000Z","volume":30000,"label":" ","price":3},{"type":"A","date":"2018-03-19T05:43:04.000Z","volume":30000,"label":" ","price":3},{"type":"A","date":"2018-03-19T05:43:57.000Z","volume":5000,"label":" ","price":3},{"type":"A","date":"2018-03-19T05:44:05.000Z","volume":30000,"label":" ","price":3},{"type":"A","date":"2018-03-19T05:45:02.000Z","volume":5000,"label":" ","price":3},{"type":"A","date":"2018-03-19T05:45:06.000Z","volume":30000,"label":" ","price":3},{"type":"A","date":"2018-03-19T05:46:07.000Z","volume":30000,"label":" ","price":3},{"type":"A","date":"2018-03-19T05:46:10.000Z","volume":10000,"label":" ","price":3},{"type":"A","date":"2018-03-19T05:46:20.000Z","volume":10000,"label":" ","price":3},{"type":"A","date":"2018-03-19T05:47:09.000Z","volume":30000,"label":" ","price":3},{"type":"A","date":"2018-03-19T05:47:23.000Z","volume":10000,"label":" ","price":3},{"type":"A","date":"2018-03-19T05:47:23.000Z","volume":10000,"label":" ","price":3},{"type":"A","date":"2018-03-19T05:47:23.000Z","volume":10000,"label":" ","price":3},{"type":"A","date":"2018-03-19T05:47:23.000Z","volume":10000,"label":" ","price":3},{"type":"A","date":"2018-03-19T05:47:23.000Z","volume":10000,"label":" ","price":3},{"type":"A","date":"2018-03-19T05:48:02.000Z","volume":275000,"label":" ","price":3.01},{"type":"A","date":"2018-03-19T05:48:02.000Z","volume":25000,"label":" ","price":3.02},{"type":"A","date":"2018-03-19T05:48:03.000Z","volume":5000,"label":" ","price":3.02},{"type":"U","date":"2018-03-19T05:48:04.000Z","volume":667,"label":"D","price":2.96},{"type":"A","date":"2018-03-19T05:51:10.000Z","volume":10000,"label":" ","price":3.01},{"type":"B","date":"2018-03-19T05:51:25.000Z","volume":5000,"label":" ","price":3},{"type":"A","date":"2018-03-19T05:51:38.000Z","volume":10000,"label":" ","price":3.01},{"type":"B","date":"2018-03-19T05:51:44.000Z","volume":20000,"label":" ","price":3.01},{"type":"B","date":"2018-03-19T05:53:10.000Z","volume":35000,"label":" ","price":3.01},{"type":"B","date":"2018-03-19T05:55:16.000Z","volume":40000,"label":" ","price":3},{"type":"B","date":"2018-03-19T05:56:01.000Z","volume":10000,"label":" ","price":3},{"type":"B","date":"2018-03-19T05:56:18.000Z","volume":20000,"label":" ","price":3},{"type":"B","date":"2018-03-19T06:00:00.000Z","volume":50000,"label":" ","price":3},{"type":"B","date":"2018-03-19T06:00:06.000Z","volume":30000,"label":" ","price":3},{"type":"B","date":"2018-03-19T06:00:06.000Z","volume":25000,"label":" ","price":3},{"type":"B","date":"2018-03-19T06:00:06.000Z","volume":45000,"label":" ","price":3},{"type":"A","date":"2018-03-19T06:00:22.000Z","volume":30000,"label":" ","price":3},{"type":"A","date":"2018-03-19T06:00:45.000Z","volume":15000,"label":" ","price":3},{"type":"B","date":"2018-03-19T06:00:48.000Z","volume":15000,"label":" ","price":2.99},{"type":"A","date":"2018-03-19T06:00:49.000Z","volume":10000,"label":" ","price":3},{"type":"A","date":"2018-03-19T06:01:23.000Z","volume":30000,"label":" ","price":3},{"type":"B","date":"2018-03-19T06:01:47.000Z","volume":20000,"label":" ","price":2.99},{"type":"A","date":"2018-03-19T06:02:23.000Z","volume":30000,"label":" ","price":3},{"type":"U","date":"2018-03-19T06:02:24.000Z","volume":667,"label":"D","price":2.95},{"type":"A","date":"2018-03-19T06:03:24.000Z","volume":30000,"label":" ","price":3},{"type":"B","date":"2018-03-19T06:04:03.000Z","volume":25000,"label":" ","price":2.99},{"type":"A","date":"2018-03-19T06:04:25.000Z","volume":30000,"label":" ","price":3},{"type":"A","date":"2018-03-19T06:04:26.000Z","volume":10000,"label":" ","price":3},{"type":"U","date":"2018-03-19T06:05:40.000Z","volume":1333,"label":"D","price":2.95},{"type":"B","date":"2018-03-19T06:06:28.000Z","volume":25000,"label":" ","price":3},{"type":"B","date":"2018-03-19T06:06:28.000Z","volume":20000,"label":" ","price":3},{"type":"A","date":"2018-03-19T06:08:30.000Z","volume":30000,"label":" ","price":3},{"type":"A","date":"2018-03-19T06:08:31.000Z","volume":5000,"label":" ","price":3},{"type":"B","date":"2018-03-19T06:09:27.000Z","volume":25000,"label":" ","price":3},{"type":"A","date":"2018-03-19T06:10:31.000Z","volume":30000,"label":" ","price":3},{"type":"A","date":"2018-03-19T06:10:34.000Z","volume":5000,"label":" ","price":3},{"type":"A","date":"2018-03-19T06:10:53.000Z","volume":30000,"label":" ","price":3},{"type":"A","date":"2018-03-19T06:11:01.000Z","volume":30000,"label":" ","price":3},{"type":"A","date":"2018-03-19T06:11:17.000Z","volume":30000,"label":" ","price":3},{"type":"A","date":"2018-03-19T06:11:24.000Z","volume":30000,"label":" ","price":3},{"type":"A","date":"2018-03-19T06:11:32.000Z","volume":30000,"label":" ","price":3},{"type":"A","date":"2018-03-19T06:11:35.000Z","volume":50000,"label":" ","price":3},{"type":"A","date":"2018-03-19T06:11:35.000Z","volume":10000,"label":" ","price":3},{"type":"B","date":"2018-03-19T06:16:05.000Z","volume":30000,"label":" ","price":3},{"type":"A","date":"2018-03-19T06:16:16.000Z","volume":5000,"label":" ","price":3.01},{"type":"A","date":"2018-03-19T06:17:05.000Z","volume":5000,"label":" ","price":3.01},{"type":"A","date":"2018-03-19T06:17:37.000Z","volume":5000,"label":" ","price":3.01},{"type":"U","date":"2018-03-19T06:18:53.000Z","volume":666,"label":"D","price":2.96},{"type":"A","date":"2018-03-19T06:21:00.000Z","volume":10000,"label":" ","price":3.01},{"type":"B","date":"2018-03-19T06:22:32.000Z","volume":15000,"label":" ","price":3},{"type":"B","date":"2018-03-19T06:22:41.000Z","volume":10000,"label":" ","price":3},{"type":"B","date":"2018-03-19T06:23:09.000Z","volume":5000,"label":" ","price":3},{"type":"B","date":"2018-03-19T06:24:23.000Z","volume":5000,"label":" ","price":3},{"type":"A","date":"2018-03-19T06:26:03.000Z","volume":15000,"label":" ","price":3.01},{"type":"A","date":"2018-03-19T06:26:21.000Z","volume":15000,"label":" ","price":3.01},{"type":"A","date":"2018-03-19T06:26:31.000Z","volume":20000,"label":" ","price":3.01},{"type":"B","date":"2018-03-19T06:28:11.000Z","volume":5000,"label":" ","price":3},{"type":"B","date":"2018-03-19T06:29:15.000Z","volume":100000,"label":" ","price":3},{"type":"B","date":"2018-03-19T06:29:15.000Z","volume":5000,"label":"Y","price":3},{"type":"B","date":"2018-03-19T06:29:15.000Z","volume":95000,"label":" ","price":3},{"type":"B","date":"2018-03-19T06:29:15.000Z","volume":15000,"label":" ","price":3},{"type":"B","date":"2018-03-19T06:29:46.000Z","volume":25000,"label":" ","price":2.99},{"type":"A","date":"2018-03-19T06:29:51.000Z","volume":30000,"label":" ","price":3},{"type":"A","date":"2018-03-19T06:30:52.000Z","volume":30000,"label":" ","price":3},{"type":"A","date":"2018-03-19T06:31:53.000Z","volume":30000,"label":" ","price":3},{"type":"B","date":"2018-03-19T06:32:01.000Z","volume":5000,"label":" ","price":2.99},{"type":"B","date":"2018-03-19T06:32:03.000Z","volume":30000,"label":" ","price":2.99},{"type":"A","date":"2018-03-19T06:32:54.000Z","volume":30000,"label":" ","price":3},{"type":"U","date":"2018-03-19T06:33:38.000Z","volume":1333,"label":"D","price":2.95},{"type":"A","date":"2018-03-19T06:33:55.000Z","volume":30000,"label":" ","price":3},{"type":"B","date":"2018-03-19T06:34:30.000Z","volume":10000,"label":" ","price":2.99},{"type":"A","date":"2018-03-19T06:34:56.000Z","volume":30000,"label":" ","price":3},{"type":"A","date":"2018-03-19T06:35:57.000Z","volume":30000,"label":" ","price":3},{"type":"B","date":"2018-03-19T06:36:20.000Z","volume":5000,"label":" ","price":2.99},{"type":"A","date":"2018-03-19T06:36:57.000Z","volume":30000,"label":" ","price":3},{"type":"A","date":"2018-03-19T06:37:59.000Z","volume":30000,"label":" ","price":3},{"type":"A","date":"2018-03-19T06:39:00.000Z","volume":30000,"label":" ","price":3},{"type":"A","date":"2018-03-19T06:40:00.000Z","volume":5000,"label":" ","price":3},{"type":"A","date":"2018-03-19T06:40:01.000Z","volume":30000,"label":" ","price":3},{"type":"A","date":"2018-03-19T06:40:03.000Z","volume":5000,"label":"Y","price":3},{"type":"A","date":"2018-03-19T06:40:03.000Z","volume":85000,"label":" ","price":3},{"type":"A","date":"2018-03-19T06:40:03.000Z","volume":20000,"label":" ","price":3},{"type":"B","date":"2018-03-19T06:41:29.000Z","volume":20000,"label":" ","price":2.99},{"type":"B","date":"2018-03-19T06:42:49.000Z","volume":10000,"label":" ","price":2.99},{"type":"A","date":"2018-03-19T06:44:05.000Z","volume":30000,"label":" ","price":3},{"type":"A","date":"2018-03-19T06:45:02.000Z","volume":5000,"label":" ","price":3},{"type":"A","date":"2018-03-19T06:45:05.000Z","volume":10000,"label":" ","price":3},{"type":"A","date":"2018-03-19T06:45:06.000Z","volume":20000,"label":" ","price":3},{"type":"B","date":"2018-03-19T06:45:22.000Z","volume":25000,"label":" ","price":3},{"type":"A","date":"2018-03-19T06:45:27.000Z","volume":5000,"label":" ","price":3},{"type":"B","date":"2018-03-19T06:45:54.000Z","volume":30000,"label":" ","price":3},{"type":"U","date":"2018-03-19T06:45:54.000Z","volume":10000,"label":"X","price":3},{"type":"A","date":"2018-03-19T06:50:10.000Z","volume":10000,"label":" ","price":3},{"type":"A","date":"2018-03-19T06:50:14.000Z","volume":10000,"label":"Y","price":3},{"type":"A","date":"2018-03-19T06:50:14.000Z","volume":5000,"label":" ","price":3},{"type":"U","date":"2018-03-19T06:50:16.000Z","volume":5000,"label":"X","price":3.005},{"type":"U","date":"2018-03-19T06:50:16.000Z","volume":5000,"label":"X","price":3.005},{"type":"A","date":"2018-03-19T06:50:34.000Z","volume":200000,"label":" ","price":3.01},{"type":"B","date":"2018-03-19T06:50:40.000Z","volume":20000,"label":" ","price":3},{"type":"A","date":"2018-03-19T06:51:22.000Z","volume":15000,"label":" ","price":3},{"type":"B","date":"2018-03-19T06:51:44.000Z","volume":5000,"label":" ","price":3},{"type":"B","date":"2018-03-19T06:51:44.000Z","volume":5000,"label":" ","price":3},{"type":"B","date":"2018-03-19T06:51:44.000Z","volume":5000,"label":" ","price":3},{"type":"B","date":"2018-03-19T06:51:44.000Z","volume":5000,"label":" ","price":3},{"type":"B","date":"2018-03-19T06:51:44.000Z","volume":5000,"label":" ","price":3},{"type":"B","date":"2018-03-19T06:51:44.000Z","volume":5000,"label":"Y","price":3},{"type":"A","date":"2018-03-19T06:51:48.000Z","volume":5000,"label":" ","price":3},{"type":"A","date":"2018-03-19T06:51:50.000Z","volume":10000,"label":" ","price":3},{"type":"B","date":"2018-03-19T06:52:05.000Z","volume":5000,"label":" ","price":3},{"type":"B","date":"2018-03-19T06:52:05.000Z","volume":5000,"label":" ","price":3},{"type":"B","date":"2018-03-19T06:52:05.000Z","volume":5000,"label":" ","price":3},{"type":"U","date":"2018-03-19T06:52:05.000Z","volume":5000,"label":"X","price":2.995},{"type":"A","date":"2018-03-19T06:52:13.000Z","volume":30000,"label":" ","price":3},{"type":"A","date":"2018-03-19T06:53:14.000Z","volume":30000,"label":" ","price":3},{"type":"A","date":"2018-03-19T06:54:15.000Z","volume":30000,"label":" ","price":3},{"type":"A","date":"2018-03-19T06:55:16.000Z","volume":30000,"label":" ","price":3},{"type":"A","date":"2018-03-19T06:56:10.000Z","volume":10000,"label":" ","price":3},{"type":"A","date":"2018-03-19T06:56:17.000Z","volume":30000,"label":" ","price":3},{"type":"A","date":"2018-03-19T06:56:57.000Z","volume":5000,"label":" ","price":3},{"type":"A","date":"2018-03-19T06:57:16.000Z","volume":5000,"label":" ","price":3},{"type":"A","date":"2018-03-19T06:57:17.000Z","volume":30000,"label":" ","price":3},{"type":"A","date":"2018-03-19T06:57:34.000Z","volume":50000,"label":" ","price":3},{"type":"U","date":"2018-03-19T06:58:02.000Z","volume":5000,"label":"X","price":3.005},{"type":"U","date":"2018-03-19T06:58:02.000Z","volume":5000,"label":"X","price":3.005},{"type":"B","date":"2018-03-19T06:58:49.000Z","volume":20000,"label":" ","price":3},{"type":"B","date":"2018-03-19T06:58:51.000Z","volume":10000,"label":" ","price":3},{"type":"U","date":"2018-03-19T07:00:17.000Z","volume":2000,"label":"D","price":2.96},{"type":"B","date":"2018-03-19T07:00:27.000Z","volume":10000,"label":" ","price":3},{"type":"B","date":"2018-03-19T07:00:31.000Z","volume":40000,"label":" ","price":3},{"type":"A","date":"2018-03-19T07:00:46.000Z","volume":55000,"label":" ","price":3},{"type":"B","date":"2018-03-19T07:02:09.000Z","volume":45000,"label":" ","price":3},{"type":"U","date":"2018-03-19T07:02:10.000Z","volume":666,"label":"D","price":2.96},{"type":"A","date":"2018-03-19T07:02:18.000Z","volume":25000,"label":" ","price":3},{"type":"B","date":"2018-03-19T07:04:46.000Z","volume":10000,"label":" ","price":3},{"type":"B","date":"2018-03-19T07:04:58.000Z","volume":10000,"label":" ","price":3},{"type":"U","date":"2018-03-19T07:04:58.000Z","volume":5000,"label":"X","price":3},{"type":"A","date":"2018-03-19T07:05:07.000Z","volume":25000,"label":" ","price":3},{"type":"B","date":"2018-03-19T07:05:16.000Z","volume":5000,"label":" ","price":3},{"type":"A","date":"2018-03-19T07:05:27.000Z","volume":30000,"label":" ","price":3},{"type":"A","date":"2018-03-19T07:05:32.000Z","volume":35000,"label":" ","price":3},{"type":"B","date":"2018-03-19T07:05:51.000Z","volume":5000,"label":" ","price":3},{"type":"B","date":"2018-03-19T07:06:04.000Z","volume":500000,"label":" ","price":2.99},{"type":"B","date":"2018-03-19T07:06:04.000Z","volume":30000,"label":" ","price":2.99},{"type":"A","date":"2018-03-19T07:06:28.000Z","volume":30000,"label":" ","price":2.99},{"type":"A","date":"2018-03-19T07:07:29.000Z","volume":30000,"label":" ","price":2.99},{"type":"A","date":"2018-03-19T07:08:29.000Z","volume":30000,"label":" ","price":2.99},{"type":"A","date":"2018-03-19T07:08:30.000Z","volume":10000,"label":" ","price":2.99},{"type":"A","date":"2018-03-19T07:09:29.000Z","volume":25000,"label":" ","price":2.99},{"type":"A","date":"2018-03-19T07:10:32.000Z","volume":30000,"label":" ","price":3},{"type":"A","date":"2018-03-19T07:11:33.000Z","volume":30000,"label":" ","price":3},{"type":"B","date":"2018-03-19T07:11:46.000Z","volume":10000,"label":" ","price":2.99},{"type":"A","date":"2018-03-19T07:11:50.000Z","volume":25000,"label":" ","price":3},{"type":"B","date":"2018-03-19T07:11:57.000Z","volume":10000,"label":" ","price":2.99},{"type":"A","date":"2018-03-19T07:12:08.000Z","volume":25000,"label":" ","price":3},{"type":"A","date":"2018-03-19T07:12:34.000Z","volume":30000,"label":" ","price":3},{"type":"A","date":"2018-03-19T07:12:35.000Z","volume":10000,"label":" ","price":3},{"type":"A","date":"2018-03-19T07:12:46.000Z","volume":20000,"label":" ","price":3},{"type":"B","date":"2018-03-19T07:12:49.000Z","volume":15000,"label":" ","price":2.99},{"type":"B","date":"2018-03-19T07:12:50.000Z","volume":10000,"label":" ","price":2.99},{"type":"A","date":"2018-03-19T07:13:35.000Z","volume":30000,"label":" ","price":3},{"type":"A","date":"2018-03-19T07:13:35.000Z","volume":5000,"label":" ","price":3},{"type":"U","date":"2018-03-19T07:14:26.000Z","volume":1333,"label":"D","price":2.95},{"type":"A","date":"2018-03-19T07:14:35.000Z","volume":30000,"label":" ","price":3},{"type":"A","date":"2018-03-19T07:14:39.000Z","volume":30000,"label":" ","price":3},{"type":"B","date":"2018-03-19T07:15:05.000Z","volume":25000,"label":" ","price":2.99},{"type":"A","date":"2018-03-19T07:15:06.000Z","volume":25000,"label":" ","price":2.99},{"type":"A","date":"2018-03-19T07:15:06.000Z","volume":75000,"label":" ","price":3},{"type":"A","date":"2018-03-19T07:15:12.000Z","volume":30000,"label":" ","price":3},{"type":"A","date":"2018-03-19T07:16:37.000Z","volume":20000,"label":" ","price":3.01},{"type":"A","date":"2018-03-19T07:17:09.000Z","volume":5000,"label":" ","price":3.01},{"type":"B","date":"2018-03-19T07:17:58.000Z","volume":5000,"label":" ","price":3},{"type":"B","date":"2018-03-19T07:18:31.000Z","volume":20000,"label":" ","price":3},{"type":"B","date":"2018-03-19T07:19:08.000Z","volume":5000,"label":" ","price":3},{"type":"B","date":"2018-03-19T07:19:33.000Z","volume":5000,"label":" ","price":3},{"type":"A","date":"2018-03-19T07:19:34.000Z","volume":25000,"label":" ","price":3.01},{"type":"B","date":"2018-03-19T07:19:37.000Z","volume":10000,"label":" ","price":3},{"type":"A","date":"2018-03-19T07:19:57.000Z","volume":5000,"label":" ","price":3.01},{"type":"B","date":"2018-03-19T07:20:06.000Z","volume":135000,"label":" ","price":3},{"type":"B","date":"2018-03-19T07:20:09.000Z","volume":80000,"label":" ","price":3},{"type":"A","date":"2018-03-19T07:20:16.000Z","volume":90000,"label":" ","price":2.99},{"type":"U","date":"2018-03-19T07:20:16.000Z","volume":10000,"label":"X","price":2.99},{"type":"A","date":"2018-03-19T07:20:42.000Z","volume":30000,"label":" ","price":3},{"type":"A","date":"2018-03-19T07:20:54.000Z","volume":5000,"label":" ","price":3},{"type":"A","date":"2018-03-19T07:21:42.000Z","volume":30000,"label":" ","price":3},{"type":"A","date":"2018-03-19T07:22:05.000Z","volume":10000,"label":" ","price":3},{"type":"A","date":"2018-03-19T07:23:12.000Z","volume":10000,"label":" ","price":3.01},{"type":"B","date":"2018-03-19T07:23:17.000Z","volume":100000,"label":" ","price":3},{"type":"B","date":"2018-03-19T07:23:20.000Z","volume":5000,"label":" ","price":3},{"type":"B","date":"2018-03-19T07:23:47.000Z","volume":20000,"label":" ","price":3},{"type":"B","date":"2018-03-19T07:24:04.000Z","volume":5000,"label":" ","price":3},{"type":"U","date":"2018-03-19T07:25:00.000Z","volume":10000,"label":"X","price":3.005},{"type":"B","date":"2018-03-19T07:25:05.000Z","volume":30000,"label":" ","price":3},{"type":"A","date":"2018-03-19T07:25:15.000Z","volume":15000,"label":" ","price":3},{"type":"B","date":"2018-03-19T07:25:26.000Z","volume":5000,"label":" ","price":2.99},{"type":"A","date":"2018-03-19T07:25:29.000Z","volume":45000,"label":" ","price":3},{"type":"B","date":"2018-03-19T07:25:33.000Z","volume":55000,"label":" ","price":3},{"type":"A","date":"2018-03-19T07:25:47.000Z","volume":10000,"label":" ","price":3},{"type":"B","date":"2018-03-19T07:27:44.000Z","volume":10000,"label":"Y","price":3},{"type":"B","date":"2018-03-19T07:27:44.000Z","volume":25000,"label":" ","price":3},{"type":"A","date":"2018-03-19T07:28:05.000Z","volume":15000,"label":" ","price":3},{"type":"B","date":"2018-03-19T07:28:05.000Z","volume":10000,"label":" ","price":2.99},{"type":"A","date":"2018-03-19T07:28:49.000Z","volume":25000,"label":" ","price":3},{"type":"B","date":"2018-03-19T07:29:17.000Z","volume":15000,"label":" ","price":3},{"type":"A","date":"2018-03-19T07:29:51.000Z","volume":30000,"label":" ","price":3},{"type":"B","date":"2018-03-19T07:30:25.000Z","volume":10000,"label":" ","price":2.99},{"type":"B","date":"2018-03-19T07:30:30.000Z","volume":10000,"label":" ","price":2.99},{"type":"A","date":"2018-03-19T07:30:41.000Z","volume":15000,"label":" ","price":3},{"type":"B","date":"2018-03-19T07:30:41.000Z","volume":35000,"label":" ","price":3},{"type":"A","date":"2018-03-19T07:30:48.000Z","volume":10000,"label":" ","price":3},{"type":"B","date":"2018-03-19T07:31:37.000Z","volume":10000,"label":"Y","price":3},{"type":"B","date":"2018-03-19T07:31:37.000Z","volume":90000,"label":" ","price":3},{"type":"A","date":"2018-03-19T07:31:53.000Z","volume":25000,"label":" ","price":3},{"type":"B","date":"2018-03-19T07:32:27.000Z","volume":20000,"label":" ","price":3},{"type":"B","date":"2018-03-19T07:32:27.000Z","volume":980000,"label":" ","price":2.99},{"type":"A","date":"2018-03-19T07:32:54.000Z","volume":30000,"label":" ","price":3},{"type":"A","date":"2018-03-19T07:33:55.000Z","volume":30000,"label":" ","price":3},{"type":"A","date":"2018-03-19T07:34:01.000Z","volume":100000,"label":" ","price":3},{"type":"A","date":"2018-03-19T07:34:32.000Z","volume":40000,"label":" ","price":3},{"type":"A","date":"2018-03-19T07:34:56.000Z","volume":30000,"label":" ","price":3},{"type":"A","date":"2018-03-19T07:35:15.000Z","volume":10000,"label":" ","price":3},{"type":"A","date":"2018-03-19T07:35:18.000Z","volume":20000,"label":" ","price":3},{"type":"U","date":"2018-03-19T07:35:25.000Z","volume":5000,"label":"X","price":3},{"type":"A","date":"2018-03-19T07:35:57.000Z","volume":30000,"label":" ","price":3},{"type":"A","date":"2018-03-19T07:36:00.000Z","volume":10000,"label":" ","price":3},{"type":"U","date":"2018-03-19T07:36:13.000Z","volume":5000,"label":"X","price":3},{"type":"A","date":"2018-03-19T07:36:39.000Z","volume":40000,"label":" ","price":3},{"type":"B","date":"2018-03-19T07:37:18.000Z","volume":10000,"label":" ","price":3},{"type":"B","date":"2018-03-19T07:38:50.000Z","volume":5000,"label":" ","price":3},{"type":"A","date":"2018-03-19T07:39:27.000Z","volume":15000,"label":" ","price":3.01},{"type":"B","date":"2018-03-19T07:39:44.000Z","volume":5000,"label":" ","price":3},{"type":"B","date":"2018-03-19T07:39:48.000Z","volume":100000,"label":" ","price":3},{"type":"B","date":"2018-03-19T07:39:48.000Z","volume":20000,"label":" ","price":3},{"type":"B","date":"2018-03-19T07:40:26.000Z","volume":5000,"label":" ","price":2.99},{"type":"A","date":"2018-03-19T07:40:35.000Z","volume":20000,"label":" ","price":3},{"type":"A","date":"2018-03-19T07:40:47.000Z","volume":5000,"label":" ","price":3},{"type":"B","date":"2018-03-19T07:40:53.000Z","volume":50000,"label":" ","price":2.99},{"type":"A","date":"2018-03-19T07:41:02.000Z","volume":30000,"label":" ","price":3},{"type":"A","date":"2018-03-19T07:41:18.000Z","volume":85000,"label":" ","price":3},{"type":"B","date":"2018-03-19T07:41:43.000Z","volume":10000,"label":" ","price":3},{"type":"B","date":"2018-03-19T07:41:46.000Z","volume":25000,"label":" ","price":3},{"type":"A","date":"2018-03-19T07:43:04.000Z","volume":30000,"label":" ","price":3},{"type":"A","date":"2018-03-19T07:43:17.000Z","volume":110000,"label":" ","price":3},{"type":"U","date":"2018-03-19T07:45:22.000Z","volume":5000,"label":"X","price":3.005},{"type":"B","date":"2018-03-19T07:45:36.000Z","volume":10000,"label":" ","price":3},{"type":"B","date":"2018-03-19T07:45:36.000Z","volume":5000,"label":" ","price":3},{"type":"B","date":"2018-03-19T07:46:41.000Z","volume":5000,"label":" ","price":3},{"type":"B","date":"2018-03-19T07:46:47.000Z","volume":5000,"label":" ","price":3},{"type":"B","date":"2018-03-19T07:47:13.000Z","volume":5000,"label":" ","price":3},{"type":"B","date":"2018-03-19T07:47:14.000Z","volume":10000,"label":" ","price":3},{"type":"U","date":"2018-03-19T07:47:23.000Z","volume":5000,"label":"X","price":3.005},{"type":"B","date":"2018-03-19T07:47:49.000Z","volume":5000,"label":" ","price":3},{"type":"B","date":"2018-03-19T07:48:40.000Z","volume":5000,"label":" ","price":3},{"type":"B","date":"2018-03-19T07:49:03.000Z","volume":5000,"label":" ","price":3},{"type":"A","date":"2018-03-19T07:49:43.000Z","volume":10000,"label":" ","price":3.01},{"type":"A","date":"2018-03-19T07:49:47.000Z","volume":5000,"label":" ","price":3.01},{"type":"B","date":"2018-03-19T07:50:04.000Z","volume":5000,"label":" ","price":3},{"type":"B","date":"2018-03-19T07:50:11.000Z","volume":10000,"label":" ","price":3},{"type":"U","date":"2018-03-19T07:50:19.000Z","volume":5000,"label":"X","price":3.005},{"type":"A","date":"2018-03-19T07:50:50.000Z","volume":15000,"label":" ","price":3.01},{"type":"U","date":"2018-03-19T07:51:04.000Z","volume":5000,"label":"X","price":3.01},{"type":"B","date":"2018-03-19T07:51:12.000Z","volume":5000,"label":" ","price":3},{"type":"B","date":"2018-03-19T07:51:12.000Z","volume":5000,"label":" ","price":3},{"type":"U","date":"2018-03-19T07:51:57.000Z","volume":5000,"label":"X","price":3.01},{"type":"B","date":"2018-03-19T07:51:57.000Z","volume":15000,"label":" ","price":3},{"type":"A","date":"2018-03-19T07:52:07.000Z","volume":15000,"label":" ","price":3.01},{"type":"A","date":"2018-03-19T07:52:17.000Z","volume":5000,"label":" ","price":3.01},{"type":"B","date":"2018-03-19T07:52:20.000Z","volume":5000,"label":" ","price":3},{"type":"U","date":"2018-03-19T07:52:34.000Z","volume":5000,"label":"X","price":3.01},{"type":"B","date":"2018-03-19T07:52:46.000Z","volume":5000,"label":" ","price":3},{"type":"B","date":"2018-03-19T07:52:47.000Z","volume":5000,"label":" ","price":3},{"type":"B","date":"2018-03-19T07:53:07.000Z","volume":5000,"label":" ","price":3},{"type":"A","date":"2018-03-19T07:53:13.000Z","volume":5000,"label":" ","price":3.01},{"type":"B","date":"2018-03-19T07:53:17.000Z","volume":5000,"label":" ","price":3},{"type":"U","date":"2018-03-19T07:53:34.000Z","volume":5000,"label":"X","price":3.01},{"type":"B","date":"2018-03-19T07:53:35.000Z","volume":15000,"label":" ","price":3},{"type":"B","date":"2018-03-19T07:53:35.000Z","volume":5000,"label":" ","price":3},{"type":"A","date":"2018-03-19T07:54:17.000Z","volume":5000,"label":" ","price":3.01},{"type":"B","date":"2018-03-19T07:54:24.000Z","volume":15000,"label":" ","price":3},{"type":"A","date":"2018-03-19T07:54:32.000Z","volume":5000,"label":" ","price":3.01},{"type":"B","date":"2018-03-19T07:54:36.000Z","volume":5000,"label":" ","price":3},{"type":"B","date":"2018-03-19T07:54:45.000Z","volume":10000,"label":" ","price":3},{"type":"B","date":"2018-03-19T07:55:01.000Z","volume":5000,"label":" ","price":3},{"type":"U","date":"2018-03-19T07:55:34.000Z","volume":5000,"label":"X","price":3.01},{"type":"U","date":"2018-03-19T07:55:35.000Z","volume":5000,"label":"X","price":3.01},{"type":"B","date":"2018-03-19T07:55:51.000Z","volume":5000,"label":" ","price":3},{"type":"B","date":"2018-03-19T07:55:53.000Z","volume":200000,"label":" ","price":3},{"type":"B","date":"2018-03-19T07:55:53.000Z","volume":5000,"label":" ","price":3},{"type":"B","date":"2018-03-19T07:55:54.000Z","volume":15000,"label":" ","price":3},{"type":"A","date":"2018-03-19T07:56:01.000Z","volume":30000,"label":" ","price":3.01},{"type":"B","date":"2018-03-19T07:56:10.000Z","volume":55000,"label":" ","price":3},{"type":"B","date":"2018-03-19T07:56:13.000Z","volume":10000,"label":" ","price":3},{"type":"B","date":"2018-03-19T07:56:24.000Z","volume":50000,"label":" ","price":3},{"type":"U","date":"2018-03-19T07:56:24.000Z","volume":5000,"label":"X","price":3.005},{"type":"A","date":"2018-03-19T07:56:27.000Z","volume":5000,"label":" ","price":3.01},{"type":"B","date":"2018-03-19T07:56:34.000Z","volume":15000,"label":" ","price":3},{"type":"B","date":"2018-03-19T07:56:51.000Z","volume":5000,"label":" ","price":3},{"type":"A","date":"2018-03-19T07:57:03.000Z","volume":5000,"label":" ","price":3.01},{"type":"B","date":"2018-03-19T07:57:08.000Z","volume":5000,"label":" ","price":3},{"type":"B","date":"2018-03-19T07:57:14.000Z","volume":50000,"label":" ","price":3},{"type":"B","date":"2018-03-19T07:58:01.000Z","volume":5000,"label":" ","price":3},{"type":"B","date":"2018-03-19T07:58:03.000Z","volume":5000,"label":" ","price":3},{"type":"B","date":"2018-03-19T07:58:12.000Z","volume":20000,"label":" ","price":3},{"type":"B","date":"2018-03-19T07:58:36.000Z","volume":10000,"label":" ","price":3},{"type":"U","date":"2018-03-19T07:58:50.000Z","volume":5000,"label":"X","price":3.005},{"type":"B","date":"2018-03-19T07:58:50.000Z","volume":15000,"label":" ","price":3},{"type":"A","date":"2018-03-19T07:59:03.000Z","volume":10000,"label":" ","price":3.01},{"type":"B","date":"2018-03-19T07:59:03.000Z","volume":5000,"label":" ","price":3},{"type":"B","date":"2018-03-19T07:59:05.000Z","volume":5000,"label":" ","price":3},{"type":"A","date":"2018-03-19T07:59:06.000Z","volume":5000,"label":" ","price":3.01},{"type":"B","date":"2018-03-19T07:59:08.000Z","volume":250000,"label":" ","price":3},{"type":"A","date":"2018-03-19T07:59:09.000Z","volume":5000,"label":"Y","price":3},{"type":"A","date":"2018-03-19T07:59:09.000Z","volume":5000,"label":" ","price":3},{"type":"B","date":"2018-03-19T07:59:09.000Z","volume":15000,"label":" ","price":3},{"type":"A","date":"2018-03-19T07:59:18.000Z","volume":65000,"label":" ","price":3},{"type":"A","date":"2018-03-19T07:59:20.000Z","volume":30000,"label":" ","price":3},{"type":"B","date":"2018-03-19T07:59:33.000Z","volume":5000,"label":" ","price":2.99},{"type":"A","date":"2018-03-19T07:59:50.000Z","volume":5000,"label":" ","price":3},{"type":"U","date":"2018-03-19T08:08:17.000Z","volume":170000,"label":"U","price":3}]