[{"type":"U","date":"2018-03-27T01:20:00.000Z","volume":46000,"label":"U","price":7.43},{"type":"B","date":"2018-03-27T01:30:00.000Z","volume":10000,"label":" ","price":7.41},{"type":"B","date":"2018-03-27T01:30:01.000Z","volume":3000,"label":" ","price":7.41},{"type":"B","date":"2018-03-27T01:30:01.000Z","volume":57500,"label":" ","price":7.4},{"type":"A","date":"2018-03-27T01:30:02.000Z","volume":8500,"label":" ","price":7.4},{"type":"A","date":"2018-03-27T01:30:02.000Z","volume":10000,"label":" ","price":7.42},{"type":"A","date":"2018-03-27T01:30:02.000Z","volume":12000,"label":" ","price":7.42},{"type":"A","date":"2018-03-27T01:30:02.000Z","volume":1000,"label":" ","price":7.42},{"type":"A","date":"2018-03-27T01:30:03.000Z","volume":2000,"label":" ","price":7.42},{"type":"A","date":"2018-03-27T01:30:03.000Z","volume":17000,"label":" ","price":7.43},{"type":"B","date":"2018-03-27T01:30:04.000Z","volume":500,"label":" ","price":7.4},{"type":"B","date":"2018-03-27T01:30:04.000Z","volume":3000,"label":" ","price":7.4},{"type":"A","date":"2018-03-27T01:30:05.000Z","volume":500,"label":" ","price":7.41},{"type":"A","date":"2018-03-27T01:30:05.000Z","volume":1500,"label":" ","price":7.42},{"type":"A","date":"2018-03-27T01:30:05.000Z","volume":1500,"label":" ","price":7.43},{"type":"A","date":"2018-03-27T01:30:05.000Z","volume":500,"label":" ","price":7.44},{"type":"A","date":"2018-03-27T01:30:05.000Z","volume":1000,"label":" ","price":7.45},{"type":"A","date":"2018-03-27T01:30:05.000Z","volume":500,"label":" ","price":7.46},{"type":"A","date":"2018-03-27T01:30:05.000Z","volume":10000,"label":"Y","price":7.5},{"type":"A","date":"2018-03-27T01:30:05.000Z","volume":4500,"label":" ","price":7.5},{"type":"B","date":"2018-03-27T01:30:05.000Z","volume":2000,"label":" ","price":7.4},{"type":"A","date":"2018-03-27T01:30:05.000Z","volume":500,"label":" ","price":7.47},{"type":"A","date":"2018-03-27T01:30:05.000Z","volume":4500,"label":" ","price":7.47},{"type":"A","date":"2018-03-27T01:30:05.000Z","volume":500,"label":" ","price":7.48},{"type":"A","date":"2018-03-27T01:30:05.000Z","volume":4000,"label":" ","price":7.48},{"type":"U","date":"2018-03-27T01:30:06.000Z","volume":500,"label":" ","price":7.47},{"type":"A","date":"2018-03-27T01:30:06.000Z","volume":8000,"label":" ","price":7.5},{"type":"A","date":"2018-03-27T01:30:07.000Z","volume":1000,"label":" ","price":7.5},{"type":"A","date":"2018-03-27T01:30:07.000Z","volume":3000,"label":" ","price":7.5},{"type":"A","date":"2018-03-27T01:30:07.000Z","volume":7500,"label":" ","price":7.5},{"type":"A","date":"2018-03-27T01:30:07.000Z","volume":1000,"label":" ","price":7.5},{"type":"A","date":"2018-03-27T01:30:07.000Z","volume":1000,"label":" ","price":7.5},{"type":"U","date":"2018-03-27T01:30:07.000Z","volume":8500,"label":" ","price":7.41},{"type":"U","date":"2018-03-27T01:30:07.000Z","volume":6000,"label":" ","price":7.41},{"type":"A","date":"2018-03-27T01:30:07.000Z","volume":17500,"label":" ","price":7.41},{"type":"A","date":"2018-03-27T01:30:07.000Z","volume":1500,"label":" ","price":7.41},{"type":"A","date":"2018-03-27T01:30:08.000Z","volume":7000,"label":" ","price":7.41},{"type":"A","date":"2018-03-27T01:30:08.000Z","volume":1000,"label":" ","price":7.41},{"type":"A","date":"2018-03-27T01:30:09.000Z","volume":10500,"label":" ","price":7.41},{"type":"A","date":"2018-03-27T01:30:09.000Z","volume":48000,"label":" ","price":7.41},{"type":"B","date":"2018-03-27T01:30:09.000Z","volume":40500,"label":" ","price":7.4},{"type":"A","date":"2018-03-27T01:30:10.000Z","volume":24500,"label":" ","price":7.5},{"type":"B","date":"2018-03-27T01:30:11.000Z","volume":1000,"label":"Y","price":7.45},{"type":"B","date":"2018-03-27T01:30:11.000Z","volume":9000,"label":" ","price":7.45},{"type":"B","date":"2018-03-27T01:30:11.000Z","volume":7000,"label":" ","price":7.41},{"type":"B","date":"2018-03-27T01:30:11.000Z","volume":10000,"label":" ","price":7.41},{"type":"B","date":"2018-03-27T01:30:12.000Z","volume":13500,"label":" ","price":7.44},{"type":"B","date":"2018-03-27T01:30:12.000Z","volume":6000,"label":" ","price":7.43},{"type":"B","date":"2018-03-27T01:30:12.000Z","volume":3000,"label":" ","price":7.42},{"type":"A","date":"2018-03-27T01:30:12.000Z","volume":11500,"label":" ","price":7.42},{"type":"A","date":"2018-03-27T01:30:13.000Z","volume":5000,"label":" ","price":7.42},{"type":"A","date":"2018-03-27T01:30:14.000Z","volume":5000,"label":" ","price":7.42},{"type":"A","date":"2018-03-27T01:30:14.000Z","volume":3000,"label":" ","price":7.42},{"type":"A","date":"2018-03-27T01:30:15.000Z","volume":1500,"label":" ","price":7.42},{"type":"A","date":"2018-03-27T01:30:16.000Z","volume":500,"label":" ","price":7.42},{"type":"B","date":"2018-03-27T01:30:16.000Z","volume":7500,"label":" ","price":7.41},{"type":"A","date":"2018-03-27T01:30:16.000Z","volume":7000,"label":" ","price":7.42},{"type":"A","date":"2018-03-27T01:30:17.000Z","volume":1000,"label":" ","price":7.42},{"type":"A","date":"2018-03-27T01:30:17.000Z","volume":2500,"label":" ","price":7.42},{"type":"A","date":"2018-03-27T01:30:17.000Z","volume":13000,"label":" ","price":7.42},{"type":"A","date":"2018-03-27T01:30:17.000Z","volume":17500,"label":" ","price":7.42},{"type":"A","date":"2018-03-27T01:30:20.000Z","volume":1500,"label":" ","price":7.43},{"type":"A","date":"2018-03-27T01:30:21.000Z","volume":500,"label":" ","price":7.43},{"type":"B","date":"2018-03-27T01:30:23.000Z","volume":3000,"label":" ","price":7.46},{"type":"A","date":"2018-03-27T01:30:24.000Z","volume":10000,"label":" ","price":7.49},{"type":"B","date":"2018-03-27T01:30:25.000Z","volume":29000,"label":" ","price":7.46},{"type":"B","date":"2018-03-27T01:30:25.000Z","volume":3000,"label":" ","price":7.45},{"type":"B","date":"2018-03-27T01:30:25.000Z","volume":1500,"label":" ","price":7.44},{"type":"B","date":"2018-03-27T01:30:25.000Z","volume":14500,"label":" ","price":7.43},{"type":"B","date":"2018-03-27T01:30:27.000Z","volume":23000,"label":" ","price":7.46},{"type":"B","date":"2018-03-27T01:30:27.000Z","volume":127000,"label":" ","price":7.43},{"type":"B","date":"2018-03-27T01:30:29.000Z","volume":2000,"label":" ","price":7.46},{"type":"U","date":"2018-03-27T01:30:31.000Z","volume":500,"label":" ","price":7.49},{"type":"A","date":"2018-03-27T01:30:32.000Z","volume":10000,"label":" ","price":7.5},{"type":"B","date":"2018-03-27T01:30:37.000Z","volume":15500,"label":" ","price":7.46},{"type":"B","date":"2018-03-27T01:30:43.000Z","volume":46000,"label":" ","price":7.46},{"type":"B","date":"2018-03-27T01:30:43.000Z","volume":4000,"label":" ","price":7.45},{"type":"B","date":"2018-03-27T01:31:27.000Z","volume":8000,"label":" ","price":7.45},{"type":"B","date":"2018-03-27T01:31:48.000Z","volume":100000,"label":" ","price":7.45},{"type":"A","date":"2018-03-27T01:32:14.000Z","volume":11500,"label":" ","price":7.48},{"type":"B","date":"2018-03-27T01:32:16.000Z","volume":30000,"label":" ","price":7.45},{"type":"B","date":"2018-03-27T01:32:44.000Z","volume":3000,"label":" ","price":7.46},{"type":"A","date":"2018-03-27T01:32:45.000Z","volume":4000,"label":" ","price":7.48},{"type":"B","date":"2018-03-27T01:33:17.000Z","volume":2000,"label":" ","price":7.46},{"type":"B","date":"2018-03-27T01:33:42.000Z","volume":41000,"label":" ","price":7.46},{"type":"A","date":"2018-03-27T01:33:44.000Z","volume":6000,"label":" ","price":7.47},{"type":"A","date":"2018-03-27T01:33:44.000Z","volume":7500,"label":" ","price":7.47},{"type":"A","date":"2018-03-27T01:33:45.000Z","volume":2000,"label":" ","price":7.47},{"type":"B","date":"2018-03-27T01:34:12.000Z","volume":50000,"label":" ","price":7.46},{"type":"B","date":"2018-03-27T01:34:28.000Z","volume":49000,"label":" ","price":7.46},{"type":"B","date":"2018-03-27T01:34:28.000Z","volume":4000,"label":" ","price":7.46},{"type":"B","date":"2018-03-27T01:34:28.000Z","volume":1000,"label":" ","price":7.46},{"type":"B","date":"2018-03-27T01:34:43.000Z","volume":4500,"label":" ","price":7.45},{"type":"B","date":"2018-03-27T01:34:44.000Z","volume":23500,"label":" ","price":7.45},{"type":"B","date":"2018-03-27T01:34:44.000Z","volume":2000,"label":" ","price":7.45},{"type":"B","date":"2018-03-27T01:34:44.000Z","volume":500,"label":" ","price":7.45},{"type":"U","date":"2018-03-27T01:35:03.000Z","volume":1000,"label":"X","price":7.445},{"type":"A","date":"2018-03-27T01:35:11.000Z","volume":13500,"label":" ","price":7.45},{"type":"A","date":"2018-03-27T01:35:12.000Z","volume":500,"label":" ","price":7.45},{"type":"A","date":"2018-03-27T01:35:14.000Z","volume":14500,"label":" ","price":7.46},{"type":"B","date":"2018-03-27T01:35:14.000Z","volume":20000,"label":" ","price":7.45},{"type":"B","date":"2018-03-27T01:35:29.000Z","volume":20000,"label":" ","price":7.45},{"type":"A","date":"2018-03-27T01:35:29.000Z","volume":1500,"label":" ","price":7.45},{"type":"B","date":"2018-03-27T01:35:39.000Z","volume":5000,"label":" ","price":7.44},{"type":"A","date":"2018-03-27T01:35:40.000Z","volume":2000,"label":" ","price":7.45},{"type":"A","date":"2018-03-27T01:35:40.000Z","volume":1000,"label":" ","price":7.45},{"type":"A","date":"2018-03-27T01:35:48.000Z","volume":41500,"label":" ","price":7.46},{"type":"A","date":"2018-03-27T01:35:48.000Z","volume":500,"label":" ","price":7.47},{"type":"A","date":"2018-03-27T01:35:48.000Z","volume":51500,"label":" ","price":7.48},{"type":"A","date":"2018-03-27T01:35:48.000Z","volume":10000,"label":" ","price":7.49},{"type":"A","date":"2018-03-27T01:35:48.000Z","volume":10000,"label":"Y","price":7.5},{"type":"A","date":"2018-03-27T01:35:48.000Z","volume":226000,"label":" ","price":7.5},{"type":"A","date":"2018-03-27T01:35:48.000Z","volume":2500,"label":" ","price":7.51},{"type":"A","date":"2018-03-27T01:35:49.000Z","volume":19500,"label":" ","price":7.51},{"type":"A","date":"2018-03-27T01:35:50.000Z","volume":58000,"label":" ","price":7.51},{"type":"A","date":"2018-03-27T01:35:54.000Z","volume":1000,"label":" ","price":7.51},{"type":"A","date":"2018-03-27T01:35:56.000Z","volume":500,"label":" ","price":7.51},{"type":"B","date":"2018-03-27T01:35:58.000Z","volume":100000,"label":" ","price":7.5},{"type":"A","date":"2018-03-27T01:35:58.000Z","volume":1000,"label":" ","price":7.51},{"type":"A","date":"2018-03-27T01:35:58.000Z","volume":21000,"label":" ","price":7.51},{"type":"A","date":"2018-03-27T01:35:58.000Z","volume":24500,"label":" ","price":7.51},{"type":"A","date":"2018-03-27T01:36:01.000Z","volume":2000,"label":"Y","price":7.55},{"type":"A","date":"2018-03-27T01:36:01.000Z","volume":10500,"label":" ","price":7.55},{"type":"B","date":"2018-03-27T01:36:18.000Z","volume":20000,"label":" ","price":7.54},{"type":"A","date":"2018-03-27T01:36:19.000Z","volume":1000,"label":" ","price":7.55},{"type":"A","date":"2018-03-27T01:37:07.000Z","volume":4000,"label":"Y","price":7.55},{"type":"B","date":"2018-03-27T01:37:07.000Z","volume":5000,"label":" ","price":7.54},{"type":"B","date":"2018-03-27T01:37:07.000Z","volume":121500,"label":" ","price":7.54},{"type":"B","date":"2018-03-27T01:37:07.000Z","volume":48500,"label":" ","price":7.54},{"type":"B","date":"2018-03-27T01:37:07.000Z","volume":14500,"label":" ","price":7.54},{"type":"B","date":"2018-03-27T01:37:07.000Z","volume":2000,"label":" ","price":7.54},{"type":"B","date":"2018-03-27T01:37:07.000Z","volume":7500,"label":" ","price":7.54},{"type":"B","date":"2018-03-27T01:37:07.000Z","volume":16500,"label":" ","price":7.54},{"type":"B","date":"2018-03-27T01:37:12.000Z","volume":10000,"label":" ","price":7.54},{"type":"B","date":"2018-03-27T01:37:25.000Z","volume":31500,"label":" ","price":7.54},{"type":"B","date":"2018-03-27T01:37:25.000Z","volume":2500,"label":" ","price":7.54},{"type":"B","date":"2018-03-27T01:37:25.000Z","volume":500,"label":" ","price":7.54},{"type":"B","date":"2018-03-27T01:37:25.000Z","volume":2500,"label":" ","price":7.54},{"type":"B","date":"2018-03-27T01:37:28.000Z","volume":1000,"label":" ","price":7.53},{"type":"B","date":"2018-03-27T01:37:47.000Z","volume":20000,"label":" ","price":7.53},{"type":"B","date":"2018-03-27T01:37:47.000Z","volume":2500,"label":" ","price":7.53},{"type":"B","date":"2018-03-27T01:38:18.000Z","volume":13500,"label":" ","price":7.53},{"type":"B","date":"2018-03-27T01:38:18.000Z","volume":4000,"label":" ","price":7.53},{"type":"U","date":"2018-03-27T01:38:29.000Z","volume":125,"label":"D","price":7.48},{"type":"B","date":"2018-03-27T01:38:49.000Z","volume":10000,"label":" ","price":7.53},{"type":"A","date":"2018-03-27T01:38:58.000Z","volume":2000,"label":" ","price":7.54},{"type":"B","date":"2018-03-27T01:39:26.000Z","volume":15000,"label":" ","price":7.53},{"type":"B","date":"2018-03-27T01:39:28.000Z","volume":6000,"label":" ","price":7.53},{"type":"B","date":"2018-03-27T01:40:09.000Z","volume":500,"label":" ","price":7.52},{"type":"B","date":"2018-03-27T01:40:09.000Z","volume":6000,"label":" ","price":7.52},{"type":"B","date":"2018-03-27T01:40:10.000Z","volume":500,"label":"Y","price":7.52},{"type":"B","date":"2018-03-27T01:40:10.000Z","volume":49500,"label":" ","price":7.52},{"type":"A","date":"2018-03-27T01:40:34.000Z","volume":10000,"label":" ","price":7.53},{"type":"B","date":"2018-03-27T01:41:02.000Z","volume":10000,"label":" ","price":7.52},{"type":"B","date":"2018-03-27T01:41:02.000Z","volume":500,"label":" ","price":7.52},{"type":"B","date":"2018-03-27T01:41:06.000Z","volume":25000,"label":" ","price":7.52},{"type":"B","date":"2018-03-27T01:41:06.000Z","volume":15500,"label":" ","price":7.51},{"type":"B","date":"2018-03-27T01:41:06.000Z","volume":500,"label":" ","price":7.52},{"type":"B","date":"2018-03-27T01:41:06.000Z","volume":1000,"label":" ","price":7.52},{"type":"B","date":"2018-03-27T01:41:06.000Z","volume":2000,"label":" ","price":7.52},{"type":"A","date":"2018-03-27T01:41:07.000Z","volume":70000,"label":" ","price":7.53},{"type":"A","date":"2018-03-27T01:41:12.000Z","volume":1000,"label":" ","price":7.53},{"type":"A","date":"2018-03-27T01:41:24.000Z","volume":1000,"label":" ","price":7.53},{"type":"A","date":"2018-03-27T01:42:37.000Z","volume":8500,"label":" ","price":7.52},{"type":"A","date":"2018-03-27T01:42:37.000Z","volume":3000,"label":" ","price":7.52},{"type":"B","date":"2018-03-27T01:42:40.000Z","volume":1500,"label":"Y","price":7.51},{"type":"B","date":"2018-03-27T01:42:40.000Z","volume":8500,"label":" ","price":7.51},{"type":"B","date":"2018-03-27T01:43:33.000Z","volume":30000,"label":" ","price":7.51},{"type":"B","date":"2018-03-27T01:43:57.000Z","volume":40000,"label":" ","price":7.51},{"type":"B","date":"2018-03-27T01:44:02.000Z","volume":65000,"label":" ","price":7.51},{"type":"B","date":"2018-03-27T01:44:02.000Z","volume":16000,"label":" ","price":7.51},{"type":"A","date":"2018-03-27T01:44:04.000Z","volume":13500,"label":" ","price":7.51},{"type":"A","date":"2018-03-27T01:44:04.000Z","volume":6500,"label":" ","price":7.51},{"type":"B","date":"2018-03-27T01:44:19.000Z","volume":10000,"label":" ","price":7.5},{"type":"B","date":"2018-03-27T01:45:09.000Z","volume":1000,"label":" ","price":7.5},{"type":"B","date":"2018-03-27T01:45:11.000Z","volume":4000,"label":" ","price":7.5},{"type":"A","date":"2018-03-27T01:45:55.000Z","volume":500,"label":" ","price":7.51},{"type":"B","date":"2018-03-27T01:46:10.000Z","volume":5000,"label":" ","price":7.5},{"type":"A","date":"2018-03-27T01:46:37.000Z","volume":43000,"label":" ","price":7.51},{"type":"A","date":"2018-03-27T01:46:41.000Z","volume":5000,"label":" ","price":7.51},{"type":"B","date":"2018-03-27T01:46:47.000Z","volume":61000,"label":" ","price":7.5},{"type":"B","date":"2018-03-27T01:46:55.000Z","volume":600000,"label":" ","price":7.5},{"type":"A","date":"2018-03-27T01:47:01.000Z","volume":57000,"label":" ","price":7.51},{"type":"A","date":"2018-03-27T01:47:53.000Z","volume":9000,"label":" ","price":7.52},{"type":"A","date":"2018-03-27T01:47:53.000Z","volume":7500,"label":" ","price":7.52},{"type":"B","date":"2018-03-27T01:47:59.000Z","volume":10000,"label":" ","price":7.51},{"type":"B","date":"2018-03-27T01:48:19.000Z","volume":1000,"label":" ","price":7.51},{"type":"B","date":"2018-03-27T01:48:36.000Z","volume":500,"label":"Y","price":7.51},{"type":"B","date":"2018-03-27T01:48:37.000Z","volume":80000,"label":" ","price":7.51},{"type":"A","date":"2018-03-27T01:48:37.000Z","volume":16000,"label":" ","price":7.52},{"type":"A","date":"2018-03-27T01:48:38.000Z","volume":1500,"label":" ","price":7.52},{"type":"A","date":"2018-03-27T01:48:39.000Z","volume":500,"label":" ","price":7.52},{"type":"A","date":"2018-03-27T01:48:43.000Z","volume":500,"label":" ","price":7.52},{"type":"B","date":"2018-03-27T01:48:44.000Z","volume":5000,"label":" ","price":7.51},{"type":"A","date":"2018-03-27T01:48:47.000Z","volume":1500,"label":" ","price":7.52},{"type":"B","date":"2018-03-27T01:49:04.000Z","volume":20000,"label":" ","price":7.51},{"type":"A","date":"2018-03-27T01:49:04.000Z","volume":5500,"label":" ","price":7.52},{"type":"B","date":"2018-03-27T01:49:10.000Z","volume":500,"label":" ","price":7.51},{"type":"B","date":"2018-03-27T01:49:30.000Z","volume":20000,"label":" ","price":7.51},{"type":"A","date":"2018-03-27T01:49:31.000Z","volume":6000,"label":" ","price":7.52},{"type":"A","date":"2018-03-27T01:49:31.000Z","volume":1000,"label":" ","price":7.52},{"type":"B","date":"2018-03-27T01:49:32.000Z","volume":500,"label":" ","price":7.51},{"type":"A","date":"2018-03-27T01:49:33.000Z","volume":500,"label":" ","price":7.52},{"type":"U","date":"2018-03-27T01:49:59.000Z","volume":83,"label":"D","price":7.43},{"type":"B","date":"2018-03-27T01:50:00.000Z","volume":6000,"label":" ","price":7.51},{"type":"A","date":"2018-03-27T01:50:01.000Z","volume":1500,"label":" ","price":7.52},{"type":"B","date":"2018-03-27T01:50:06.000Z","volume":10000,"label":" ","price":7.51},{"type":"A","date":"2018-03-27T01:50:08.000Z","volume":3000,"label":" ","price":7.52},{"type":"B","date":"2018-03-27T01:50:15.000Z","volume":500,"label":" ","price":7.51},{"type":"A","date":"2018-03-27T01:50:32.000Z","volume":12000,"label":" ","price":7.52},{"type":"A","date":"2018-03-27T01:50:32.000Z","volume":1500,"label":" ","price":7.52},{"type":"A","date":"2018-03-27T01:50:33.000Z","volume":4000,"label":" ","price":7.52},{"type":"B","date":"2018-03-27T01:50:35.000Z","volume":500,"label":" ","price":7.51},{"type":"B","date":"2018-03-27T01:51:17.000Z","volume":500,"label":" ","price":7.51},{"type":"B","date":"2018-03-27T01:51:26.000Z","volume":200000,"label":" ","price":7.51},{"type":"B","date":"2018-03-27T01:51:26.000Z","volume":50000,"label":" ","price":7.51},{"type":"B","date":"2018-03-27T01:51:39.000Z","volume":5000,"label":" ","price":7.51},{"type":"B","date":"2018-03-27T01:51:57.000Z","volume":10000,"label":" ","price":7.51},{"type":"B","date":"2018-03-27T01:52:11.000Z","volume":500,"label":" ","price":7.51},{"type":"U","date":"2018-03-27T01:52:17.000Z","volume":500,"label":"X","price":7.511},{"type":"U","date":"2018-03-27T01:53:00.000Z","volume":101,"label":"D","price":7.52},{"type":"B","date":"2018-03-27T01:53:11.000Z","volume":500,"label":" ","price":7.51},{"type":"B","date":"2018-03-27T01:53:17.000Z","volume":23000,"label":" ","price":7.51},{"type":"B","date":"2018-03-27T01:53:33.000Z","volume":500,"label":" ","price":7.51},{"type":"B","date":"2018-03-27T01:53:36.000Z","volume":4500,"label":" ","price":7.51},{"type":"B","date":"2018-03-27T01:53:54.000Z","volume":5000,"label":" ","price":7.51},{"type":"B","date":"2018-03-27T01:54:02.000Z","volume":500,"label":" ","price":7.51},{"type":"B","date":"2018-03-27T01:54:25.000Z","volume":50000,"label":" ","price":7.51},{"type":"A","date":"2018-03-27T01:54:37.000Z","volume":1000,"label":"Y","price":7.52},{"type":"A","date":"2018-03-27T01:54:37.000Z","volume":500,"label":" ","price":7.52},{"type":"A","date":"2018-03-27T01:54:38.000Z","volume":10000,"label":" ","price":7.52},{"type":"A","date":"2018-03-27T01:54:38.000Z","volume":1000,"label":" ","price":7.52},{"type":"B","date":"2018-03-27T01:54:47.000Z","volume":10000,"label":" ","price":7.51},{"type":"B","date":"2018-03-27T01:54:52.000Z","volume":14000,"label":" ","price":7.51},{"type":"A","date":"2018-03-27T01:54:59.000Z","volume":1500,"label":" ","price":7.52},{"type":"A","date":"2018-03-27T01:55:13.000Z","volume":1000,"label":" ","price":7.52},{"type":"A","date":"2018-03-27T01:56:01.000Z","volume":1500,"label":" ","price":7.52},{"type":"B","date":"2018-03-27T01:56:11.000Z","volume":10000,"label":" ","price":7.51},{"type":"B","date":"2018-03-27T01:57:12.000Z","volume":170000,"label":" ","price":7.51},{"type":"B","date":"2018-03-27T01:57:12.000Z","volume":50000,"label":" ","price":7.51},{"type":"U","date":"2018-03-27T01:57:17.000Z","volume":1000,"label":"X","price":7.51},{"type":"A","date":"2018-03-27T01:57:19.000Z","volume":2500,"label":" ","price":7.52},{"type":"B","date":"2018-03-27T01:57:45.000Z","volume":10000,"label":" ","price":7.51},{"type":"B","date":"2018-03-27T01:58:00.000Z","volume":10000,"label":" ","price":7.51},{"type":"U","date":"2018-03-27T01:58:03.000Z","volume":1500,"label":"X","price":7.51},{"type":"B","date":"2018-03-27T01:58:03.000Z","volume":3500,"label":" ","price":7.51},{"type":"B","date":"2018-03-27T01:58:24.000Z","volume":5000,"label":" ","price":7.51},{"type":"U","date":"2018-03-27T01:58:33.000Z","volume":500,"label":"X","price":7.51},{"type":"B","date":"2018-03-27T01:58:51.000Z","volume":1000,"label":" ","price":7.51},{"type":"B","date":"2018-03-27T01:59:14.000Z","volume":10000,"label":" ","price":7.51},{"type":"U","date":"2018-03-27T01:59:19.000Z","volume":1000,"label":"X","price":7.51},{"type":"B","date":"2018-03-27T01:59:19.000Z","volume":50000,"label":" ","price":7.51},{"type":"B","date":"2018-03-27T01:59:19.000Z","volume":500,"label":" ","price":7.51},{"type":"B","date":"2018-03-27T01:59:22.000Z","volume":15500,"label":" ","price":7.51},{"type":"U","date":"2018-03-27T01:59:22.000Z","volume":1500,"label":"X","price":7.51},{"type":"B","date":"2018-03-27T02:00:11.000Z","volume":2000,"label":" ","price":7.51},{"type":"B","date":"2018-03-27T02:00:18.000Z","volume":500,"label":" ","price":7.51},{"type":"B","date":"2018-03-27T02:00:49.000Z","volume":500,"label":" ","price":7.51},{"type":"B","date":"2018-03-27T02:00:57.000Z","volume":10000,"label":" ","price":7.51},{"type":"B","date":"2018-03-27T02:00:57.000Z","volume":50000,"label":" ","price":7.51},{"type":"B","date":"2018-03-27T02:00:57.000Z","volume":500,"label":"Y","price":7.51},{"type":"B","date":"2018-03-27T02:00:57.000Z","volume":2500,"label":" ","price":7.51},{"type":"B","date":"2018-03-27T02:00:58.000Z","volume":500,"label":" ","price":7.51},{"type":"B","date":"2018-03-27T02:01:00.000Z","volume":9000,"label":" ","price":7.51},{"type":"U","date":"2018-03-27T02:01:00.000Z","volume":2000,"label":"X","price":7.51},{"type":"U","date":"2018-03-27T02:01:00.000Z","volume":1000,"label":"X","price":7.51},{"type":"B","date":"2018-03-27T02:01:13.000Z","volume":10000,"label":" ","price":7.51},{"type":"B","date":"2018-03-27T02:01:37.000Z","volume":16500,"label":" ","price":7.51},{"type":"B","date":"2018-03-27T02:01:37.000Z","volume":50000,"label":" ","price":7.5},{"type":"B","date":"2018-03-27T02:01:37.000Z","volume":11500,"label":" ","price":7.5},{"type":"B","date":"2018-03-27T02:02:24.000Z","volume":10000,"label":" ","price":7.49},{"type":"A","date":"2018-03-27T02:02:34.000Z","volume":36000,"label":" ","price":7.5},{"type":"B","date":"2018-03-27T02:04:05.000Z","volume":8000,"label":" ","price":7.49},{"type":"A","date":"2018-03-27T02:04:21.000Z","volume":100000,"label":" ","price":7.5},{"type":"A","date":"2018-03-27T02:04:24.000Z","volume":7500,"label":" ","price":7.5},{"type":"A","date":"2018-03-27T02:05:32.000Z","volume":500,"label":" ","price":7.5},{"type":"A","date":"2018-03-27T02:05:35.000Z","volume":6000,"label":" ","price":7.5},{"type":"A","date":"2018-03-27T02:05:41.000Z","volume":2000,"label":" ","price":7.5},{"type":"B","date":"2018-03-27T02:06:03.000Z","volume":5000,"label":" ","price":7.49},{"type":"A","date":"2018-03-27T02:06:33.000Z","volume":1000,"label":" ","price":7.5},{"type":"A","date":"2018-03-27T02:06:35.000Z","volume":500,"label":" ","price":7.5},{"type":"B","date":"2018-03-27T02:06:38.000Z","volume":10500,"label":" ","price":7.49},{"type":"B","date":"2018-03-27T02:07:01.000Z","volume":2000,"label":" ","price":7.49},{"type":"B","date":"2018-03-27T02:07:01.000Z","volume":5000,"label":" ","price":7.49},{"type":"B","date":"2018-03-27T02:07:13.000Z","volume":10000,"label":" ","price":7.49},{"type":"U","date":"2018-03-27T02:07:17.000Z","volume":1000,"label":"X","price":7.503},{"type":"B","date":"2018-03-27T02:07:36.000Z","volume":10000,"label":" ","price":7.49},{"type":"B","date":"2018-03-27T02:08:58.000Z","volume":10000,"label":" ","price":7.49},{"type":"B","date":"2018-03-27T02:09:03.000Z","volume":500,"label":" ","price":7.49},{"type":"B","date":"2018-03-27T02:09:04.000Z","volume":5000,"label":" ","price":7.49},{"type":"A","date":"2018-03-27T02:10:06.000Z","volume":500,"label":" ","price":7.5},{"type":"B","date":"2018-03-27T02:10:21.000Z","volume":10000,"label":" ","price":7.49},{"type":"B","date":"2018-03-27T02:10:55.000Z","volume":1000,"label":" ","price":7.49},{"type":"B","date":"2018-03-27T02:11:19.000Z","volume":500,"label":" ","price":7.49},{"type":"B","date":"2018-03-27T02:11:20.000Z","volume":50000,"label":" ","price":7.49},{"type":"B","date":"2018-03-27T02:11:20.000Z","volume":1500,"label":"Y","price":7.49},{"type":"B","date":"2018-03-27T02:11:20.000Z","volume":48500,"label":" ","price":7.49},{"type":"B","date":"2018-03-27T02:11:20.000Z","volume":2000,"label":" ","price":7.49},{"type":"B","date":"2018-03-27T02:11:30.000Z","volume":50000,"label":" ","price":7.49},{"type":"B","date":"2018-03-27T02:11:30.000Z","volume":11000,"label":" ","price":7.49},{"type":"B","date":"2018-03-27T02:11:30.000Z","volume":500,"label":" ","price":7.49},{"type":"A","date":"2018-03-27T02:11:30.000Z","volume":21000,"label":" ","price":7.49},{"type":"A","date":"2018-03-27T02:11:30.000Z","volume":2500,"label":" ","price":7.49},{"type":"A","date":"2018-03-27T02:11:30.000Z","volume":2500,"label":" ","price":7.49},{"type":"B","date":"2018-03-27T02:11:40.000Z","volume":500,"label":" ","price":7.49},{"type":"A","date":"2018-03-27T02:12:27.000Z","volume":4000,"label":" ","price":7.5},{"type":"A","date":"2018-03-27T02:12:29.000Z","volume":1500,"label":" ","price":7.5},{"type":"B","date":"2018-03-27T02:13:22.000Z","volume":10000,"label":" ","price":7.49},{"type":"B","date":"2018-03-27T02:13:41.000Z","volume":23000,"label":" ","price":7.49},{"type":"B","date":"2018-03-27T02:13:41.000Z","volume":1000,"label":" ","price":7.49},{"type":"B","date":"2018-03-27T02:13:41.000Z","volume":1000,"label":" ","price":7.48},{"type":"A","date":"2018-03-27T02:13:44.000Z","volume":112000,"label":" ","price":7.49},{"type":"A","date":"2018-03-27T02:14:43.000Z","volume":500,"label":" ","price":7.49},{"type":"A","date":"2018-03-27T02:14:52.000Z","volume":500,"label":" ","price":7.49},{"type":"A","date":"2018-03-27T02:16:14.000Z","volume":1000,"label":" ","price":7.49},{"type":"B","date":"2018-03-27T02:16:42.000Z","volume":5000,"label":" ","price":7.48},{"type":"B","date":"2018-03-27T02:16:44.000Z","volume":10000,"label":" ","price":7.48},{"type":"B","date":"2018-03-27T02:16:44.000Z","volume":20000,"label":" ","price":7.48},{"type":"B","date":"2018-03-27T02:17:05.000Z","volume":30000,"label":" ","price":7.48},{"type":"A","date":"2018-03-27T02:17:38.000Z","volume":4000,"label":" ","price":7.49},{"type":"B","date":"2018-03-27T02:19:19.000Z","volume":7000,"label":" ","price":7.48},{"type":"B","date":"2018-03-27T02:19:40.000Z","volume":5000,"label":" ","price":7.48},{"type":"B","date":"2018-03-27T02:20:19.000Z","volume":30000,"label":" ","price":7.48},{"type":"B","date":"2018-03-27T02:20:47.000Z","volume":50000,"label":" ","price":7.48},{"type":"B","date":"2018-03-27T02:20:47.000Z","volume":18500,"label":" ","price":7.48},{"type":"A","date":"2018-03-27T02:20:47.000Z","volume":2500,"label":" ","price":7.48},{"type":"B","date":"2018-03-27T02:23:02.000Z","volume":10000,"label":" ","price":7.47},{"type":"B","date":"2018-03-27T02:23:23.000Z","volume":4000,"label":" ","price":7.47},{"type":"B","date":"2018-03-27T02:23:47.000Z","volume":4500,"label":"Y","price":7.47},{"type":"B","date":"2018-03-27T02:23:47.000Z","volume":5500,"label":" ","price":7.47},{"type":"B","date":"2018-03-27T02:24:07.000Z","volume":20000,"label":" ","price":7.47},{"type":"B","date":"2018-03-27T02:24:53.000Z","volume":500,"label":" ","price":7.47},{"type":"B","date":"2018-03-27T02:25:06.000Z","volume":3500,"label":" ","price":7.47},{"type":"B","date":"2018-03-27T02:25:08.000Z","volume":1500,"label":"Y","price":7.47},{"type":"B","date":"2018-03-27T02:25:08.000Z","volume":1000,"label":" ","price":7.47},{"type":"B","date":"2018-03-27T02:25:14.000Z","volume":10000,"label":" ","price":7.47},{"type":"B","date":"2018-03-27T02:25:14.000Z","volume":1000,"label":" ","price":7.47},{"type":"B","date":"2018-03-27T02:25:14.000Z","volume":3000,"label":"Y","price":7.47},{"type":"B","date":"2018-03-27T02:25:28.000Z","volume":3000,"label":" ","price":7.47},{"type":"A","date":"2018-03-27T02:25:28.000Z","volume":500,"label":" ","price":7.47},{"type":"A","date":"2018-03-27T02:25:34.000Z","volume":10000,"label":" ","price":7.47},{"type":"A","date":"2018-03-27T02:25:37.000Z","volume":500,"label":" ","price":7.47},{"type":"A","date":"2018-03-27T02:25:48.000Z","volume":6000,"label":" ","price":7.47},{"type":"B","date":"2018-03-27T02:26:37.000Z","volume":6000,"label":"Y","price":7.46},{"type":"B","date":"2018-03-27T02:26:37.000Z","volume":4000,"label":" ","price":7.46},{"type":"U","date":"2018-03-27T02:26:54.000Z","volume":250,"label":"D","price":7.38},{"type":"U","date":"2018-03-27T02:26:56.000Z","volume":500,"label":"X","price":7.465},{"type":"U","date":"2018-03-27T02:26:56.000Z","volume":500,"label":"X","price":7.465},{"type":"B","date":"2018-03-27T02:27:10.000Z","volume":12000,"label":" ","price":7.46},{"type":"B","date":"2018-03-27T02:27:24.000Z","volume":7000,"label":" ","price":7.46},{"type":"B","date":"2018-03-27T02:27:24.000Z","volume":3000,"label":" ","price":7.45},{"type":"U","date":"2018-03-27T02:27:26.000Z","volume":1000,"label":"X","price":7.465},{"type":"U","date":"2018-03-27T02:27:36.000Z","volume":500,"label":"X","price":7.465},{"type":"U","date":"2018-03-27T02:27:36.000Z","volume":500,"label":"X","price":7.465},{"type":"B","date":"2018-03-27T02:27:47.000Z","volume":500,"label":" ","price":7.46},{"type":"B","date":"2018-03-27T02:27:59.000Z","volume":500,"label":" ","price":7.46},{"type":"B","date":"2018-03-27T02:28:09.000Z","volume":7000,"label":" ","price":7.46},{"type":"A","date":"2018-03-27T02:28:09.000Z","volume":500,"label":" ","price":7.46},{"type":"A","date":"2018-03-27T02:28:09.000Z","volume":1000,"label":" ","price":7.46},{"type":"A","date":"2018-03-27T02:28:09.000Z","volume":500,"label":" ","price":7.46},{"type":"A","date":"2018-03-27T02:28:09.000Z","volume":500,"label":" ","price":7.46},{"type":"A","date":"2018-03-27T02:28:14.000Z","volume":1000,"label":" ","price":7.46},{"type":"U","date":"2018-03-27T02:28:26.000Z","volume":1000,"label":"X","price":7.455},{"type":"B","date":"2018-03-27T02:29:18.000Z","volume":14000,"label":" ","price":7.45},{"type":"U","date":"2018-03-27T02:29:37.000Z","volume":500,"label":"X","price":7.455},{"type":"U","date":"2018-03-27T02:29:37.000Z","volume":1000,"label":"X","price":7.455},{"type":"B","date":"2018-03-27T02:29:40.000Z","volume":1000,"label":" ","price":7.45},{"type":"B","date":"2018-03-27T02:29:55.000Z","volume":500,"label":" ","price":7.45},{"type":"B","date":"2018-03-27T02:30:41.000Z","volume":1500,"label":" ","price":7.45},{"type":"A","date":"2018-03-27T02:30:52.000Z","volume":5000,"label":" ","price":7.46},{"type":"U","date":"2018-03-27T02:31:07.000Z","volume":500,"label":"X","price":7.455},{"type":"U","date":"2018-03-27T02:31:07.000Z","volume":500,"label":"X","price":7.455},{"type":"B","date":"2018-03-27T02:31:19.000Z","volume":500,"label":" ","price":7.45},{"type":"U","date":"2018-03-27T02:31:54.000Z","volume":250,"label":"D","price":7.37},{"type":"B","date":"2018-03-27T02:32:44.000Z","volume":1000,"label":" ","price":7.45},{"type":"B","date":"2018-03-27T02:33:21.000Z","volume":10000,"label":" ","price":7.45},{"type":"B","date":"2018-03-27T02:33:21.000Z","volume":1000,"label":" ","price":7.45},{"type":"B","date":"2018-03-27T02:33:29.000Z","volume":500,"label":" ","price":7.45},{"type":"B","date":"2018-03-27T02:33:29.000Z","volume":500,"label":" ","price":7.45},{"type":"U","date":"2018-03-27T02:33:33.000Z","volume":500,"label":"X","price":7.455},{"type":"U","date":"2018-03-27T02:33:33.000Z","volume":1000,"label":"X","price":7.455},{"type":"B","date":"2018-03-27T02:33:37.000Z","volume":8500,"label":" ","price":7.45},{"type":"B","date":"2018-03-27T02:33:37.000Z","volume":2000,"label":" ","price":7.45},{"type":"B","date":"2018-03-27T02:33:37.000Z","volume":500,"label":" ","price":7.45},{"type":"A","date":"2018-03-27T02:33:44.000Z","volume":3000,"label":" ","price":7.45},{"type":"U","date":"2018-03-27T02:33:44.000Z","volume":500,"label":" ","price":7.45},{"type":"U","date":"2018-03-27T02:33:53.000Z","volume":500,"label":"X","price":7.445},{"type":"U","date":"2018-03-27T02:33:53.000Z","volume":1000,"label":"X","price":7.445},{"type":"B","date":"2018-03-27T02:34:21.000Z","volume":5000,"label":" ","price":7.45},{"type":"B","date":"2018-03-27T02:35:26.000Z","volume":500,"label":" ","price":7.45},{"type":"B","date":"2018-03-27T02:36:23.000Z","volume":24000,"label":" ","price":7.45},{"type":"B","date":"2018-03-27T02:36:23.000Z","volume":500,"label":" ","price":7.45},{"type":"B","date":"2018-03-27T02:36:23.000Z","volume":3000,"label":" ","price":7.45},{"type":"A","date":"2018-03-27T02:36:23.000Z","volume":3000,"label":" ","price":7.45},{"type":"U","date":"2018-03-27T02:36:23.000Z","volume":500,"label":"X","price":7.45},{"type":"B","date":"2018-03-27T02:37:34.000Z","volume":500,"label":" ","price":7.44},{"type":"B","date":"2018-03-27T02:38:53.000Z","volume":9000,"label":"Y","price":7.44},{"type":"B","date":"2018-03-27T02:38:53.000Z","volume":4000,"label":" ","price":7.44},{"type":"B","date":"2018-03-27T02:39:51.000Z","volume":500,"label":" ","price":7.44},{"type":"B","date":"2018-03-27T02:40:20.000Z","volume":20000,"label":" ","price":7.44},{"type":"B","date":"2018-03-27T02:40:20.000Z","volume":2000,"label":" ","price":7.44},{"type":"B","date":"2018-03-27T02:40:55.000Z","volume":500,"label":" ","price":7.44},{"type":"A","date":"2018-03-27T02:42:03.000Z","volume":500,"label":" ","price":7.45},{"type":"B","date":"2018-03-27T02:42:40.000Z","volume":500,"label":"Y","price":7.44},{"type":"A","date":"2018-03-27T02:43:10.000Z","volume":6500,"label":" ","price":7.45},{"type":"A","date":"2018-03-27T02:43:53.000Z","volume":4000,"label":" ","price":7.45},{"type":"B","date":"2018-03-27T02:44:14.000Z","volume":10500,"label":" ","price":7.44},{"type":"B","date":"2018-03-27T02:44:14.000Z","volume":2500,"label":" ","price":7.44},{"type":"A","date":"2018-03-27T02:44:14.000Z","volume":2500,"label":" ","price":7.44},{"type":"A","date":"2018-03-27T02:44:14.000Z","volume":2500,"label":" ","price":7.44},{"type":"A","date":"2018-03-27T02:44:14.000Z","volume":1000,"label":" ","price":7.44},{"type":"A","date":"2018-03-27T02:44:14.000Z","volume":500,"label":" ","price":7.44},{"type":"A","date":"2018-03-27T02:44:15.000Z","volume":23000,"label":" ","price":7.44},{"type":"A","date":"2018-03-27T02:44:18.000Z","volume":7500,"label":" ","price":7.44},{"type":"A","date":"2018-03-27T02:44:31.000Z","volume":1500,"label":" ","price":7.44},{"type":"A","date":"2018-03-27T02:45:05.000Z","volume":1000,"label":" ","price":7.44},{"type":"B","date":"2018-03-27T02:45:24.000Z","volume":4000,"label":" ","price":7.44},{"type":"B","date":"2018-03-27T02:47:46.000Z","volume":10000,"label":" ","price":7.44},{"type":"A","date":"2018-03-27T02:48:32.000Z","volume":5000,"label":" ","price":7.45},{"type":"B","date":"2018-03-27T02:50:58.000Z","volume":30000,"label":" ","price":7.44},{"type":"B","date":"2018-03-27T02:50:58.000Z","volume":500,"label":" ","price":7.44},{"type":"A","date":"2018-03-27T02:51:18.000Z","volume":10000,"label":" ","price":7.45},{"type":"B","date":"2018-03-27T02:51:21.000Z","volume":10000,"label":" ","price":7.44},{"type":"B","date":"2018-03-27T02:51:21.000Z","volume":500,"label":" ","price":7.44},{"type":"A","date":"2018-03-27T02:51:30.000Z","volume":500,"label":"Y","price":7.45},{"type":"B","date":"2018-03-27T02:51:31.000Z","volume":1000,"label":" ","price":7.44},{"type":"B","date":"2018-03-27T02:52:36.000Z","volume":500,"label":" ","price":7.44},{"type":"B","date":"2018-03-27T02:53:26.000Z","volume":10000,"label":" ","price":7.44},{"type":"B","date":"2018-03-27T02:53:48.000Z","volume":20000,"label":" ","price":7.44},{"type":"B","date":"2018-03-27T02:53:56.000Z","volume":5000,"label":" ","price":7.44},{"type":"B","date":"2018-03-27T02:54:45.000Z","volume":500,"label":" ","price":7.44},{"type":"B","date":"2018-03-27T02:54:59.000Z","volume":1000,"label":" ","price":7.44},{"type":"B","date":"2018-03-27T02:58:42.000Z","volume":50000,"label":" ","price":7.44},{"type":"B","date":"2018-03-27T02:59:07.000Z","volume":1000,"label":" ","price":7.44},{"type":"A","date":"2018-03-27T03:01:51.000Z","volume":500,"label":"Y","price":7.45},{"type":"B","date":"2018-03-27T03:02:01.000Z","volume":5000,"label":"Y","price":7.44},{"type":"B","date":"2018-03-27T03:02:01.000Z","volume":101500,"label":" ","price":7.44},{"type":"B","date":"2018-03-27T03:02:33.000Z","volume":10000,"label":" ","price":7.43},{"type":"B","date":"2018-03-27T03:02:51.000Z","volume":1000,"label":" ","price":7.43},{"type":"A","date":"2018-03-27T03:03:07.000Z","volume":5000,"label":"Y","price":7.44},{"type":"B","date":"2018-03-27T03:04:19.000Z","volume":50000,"label":" ","price":7.43},{"type":"B","date":"2018-03-27T03:04:20.000Z","volume":500,"label":" ","price":7.43},{"type":"B","date":"2018-03-27T03:04:35.000Z","volume":17000,"label":" ","price":7.43},{"type":"B","date":"2018-03-27T03:04:35.000Z","volume":3000,"label":" ","price":7.43},{"type":"A","date":"2018-03-27T03:04:48.000Z","volume":9500,"label":" ","price":7.44},{"type":"U","date":"2018-03-27T03:04:48.000Z","volume":500,"label":"X","price":7.44},{"type":"B","date":"2018-03-27T03:04:50.000Z","volume":500,"label":" ","price":7.43},{"type":"A","date":"2018-03-27T03:05:56.000Z","volume":30000,"label":" ","price":7.44},{"type":"B","date":"2018-03-27T03:06:38.000Z","volume":5000,"label":" ","price":7.43},{"type":"B","date":"2018-03-27T03:07:54.000Z","volume":3000,"label":"Y","price":7.43},{"type":"B","date":"2018-03-27T03:07:54.000Z","volume":7000,"label":" ","price":7.43},{"type":"B","date":"2018-03-27T03:08:47.000Z","volume":14000,"label":" ","price":7.43},{"type":"B","date":"2018-03-27T03:08:47.000Z","volume":500,"label":" ","price":7.43},{"type":"B","date":"2018-03-27T03:08:52.000Z","volume":10000,"label":" ","price":7.43},{"type":"B","date":"2018-03-27T03:09:56.000Z","volume":500,"label":" ","price":7.43},{"type":"B","date":"2018-03-27T03:10:14.000Z","volume":5000,"label":" ","price":7.43},{"type":"A","date":"2018-03-27T03:10:28.000Z","volume":1000,"label":" ","price":7.44},{"type":"A","date":"2018-03-27T03:10:35.000Z","volume":1000,"label":" ","price":7.44},{"type":"B","date":"2018-03-27T03:11:57.000Z","volume":20000,"label":" ","price":7.43},{"type":"B","date":"2018-03-27T03:12:00.000Z","volume":500,"label":" ","price":7.43},{"type":"A","date":"2018-03-27T03:13:46.000Z","volume":3000,"label":" ","price":7.44},{"type":"A","date":"2018-03-27T03:14:00.000Z","volume":500,"label":" ","price":7.44},{"type":"A","date":"2018-03-27T03:15:48.000Z","volume":12500,"label":" ","price":7.44},{"type":"A","date":"2018-03-27T03:15:49.000Z","volume":2000,"label":" ","price":7.44},{"type":"B","date":"2018-03-27T03:16:05.000Z","volume":30000,"label":" ","price":7.43},{"type":"B","date":"2018-03-27T03:17:20.000Z","volume":40000,"label":" ","price":7.43},{"type":"B","date":"2018-03-27T03:17:20.000Z","volume":500,"label":"Y","price":7.43},{"type":"B","date":"2018-03-27T03:17:20.000Z","volume":1000,"label":"Y","price":7.43},{"type":"B","date":"2018-03-27T03:17:20.000Z","volume":2500,"label":" ","price":7.43},{"type":"B","date":"2018-03-27T03:17:58.000Z","volume":20000,"label":" ","price":7.43},{"type":"B","date":"2018-03-27T03:18:00.000Z","volume":500,"label":" ","price":7.43},{"type":"B","date":"2018-03-27T03:18:25.000Z","volume":1500,"label":" ","price":7.43},{"type":"A","date":"2018-03-27T03:19:25.000Z","volume":500,"label":" ","price":7.44},{"type":"A","date":"2018-03-27T03:21:12.000Z","volume":40000,"label":"Y","price":7.44},{"type":"A","date":"2018-03-27T03:21:14.000Z","volume":13500,"label":" ","price":7.44},{"type":"A","date":"2018-03-27T03:21:49.000Z","volume":3000,"label":" ","price":7.44},{"type":"A","date":"2018-03-27T03:21:51.000Z","volume":1000,"label":" ","price":7.44},{"type":"A","date":"2018-03-27T03:23:36.000Z","volume":20000,"label":"Y","price":7.44},{"type":"A","date":"2018-03-27T03:23:38.000Z","volume":6500,"label":" ","price":7.44},{"type":"B","date":"2018-03-27T03:23:48.000Z","volume":19000,"label":"Y","price":7.43},{"type":"B","date":"2018-03-27T03:23:48.000Z","volume":11000,"label":" ","price":7.43},{"type":"U","date":"2018-03-27T03:24:14.000Z","volume":500,"label":"X","price":7.435},{"type":"B","date":"2018-03-27T03:24:14.000Z","volume":10000,"label":" ","price":7.43},{"type":"B","date":"2018-03-27T03:24:15.000Z","volume":5000,"label":" ","price":7.43},{"type":"B","date":"2018-03-27T03:24:42.000Z","volume":3500,"label":" ","price":7.43},{"type":"B","date":"2018-03-27T03:25:10.000Z","volume":1000,"label":" ","price":7.43},{"type":"B","date":"2018-03-27T03:28:14.000Z","volume":40000,"label":" ","price":7.43},{"type":"B","date":"2018-03-27T03:28:31.000Z","volume":1000,"label":" ","price":7.43},{"type":"B","date":"2018-03-27T03:31:18.000Z","volume":500,"label":" ","price":7.43},{"type":"B","date":"2018-03-27T03:31:22.000Z","volume":3000,"label":" ","price":7.43},{"type":"B","date":"2018-03-27T03:31:30.000Z","volume":3000,"label":"Y","price":7.43},{"type":"B","date":"2018-03-27T03:31:30.000Z","volume":7000,"label":" ","price":7.43},{"type":"B","date":"2018-03-27T03:31:53.000Z","volume":1000,"label":"Y","price":7.43},{"type":"B","date":"2018-03-27T03:33:45.000Z","volume":10000,"label":" ","price":7.43},{"type":"B","date":"2018-03-27T03:34:21.000Z","volume":5000,"label":" ","price":7.43},{"type":"A","date":"2018-03-27T03:34:58.000Z","volume":500,"label":" ","price":7.44},{"type":"B","date":"2018-03-27T03:37:23.000Z","volume":1500,"label":" ","price":7.43},{"type":"A","date":"2018-03-27T03:37:26.000Z","volume":10000,"label":" ","price":7.44},{"type":"A","date":"2018-03-27T03:37:26.000Z","volume":3500,"label":" ","price":7.44},{"type":"B","date":"2018-03-27T03:37:40.000Z","volume":500,"label":"Y","price":7.43},{"type":"B","date":"2018-03-27T03:38:32.000Z","volume":6000,"label":" ","price":7.43},{"type":"A","date":"2018-03-27T03:39:16.000Z","volume":20000,"label":" ","price":7.44},{"type":"A","date":"2018-03-27T03:39:16.000Z","volume":7500,"label":" ","price":7.44},{"type":"A","date":"2018-03-27T03:39:18.000Z","volume":9000,"label":" ","price":7.44},{"type":"B","date":"2018-03-27T03:39:18.000Z","volume":1000,"label":" ","price":7.43},{"type":"A","date":"2018-03-27T03:39:25.000Z","volume":120000,"label":" ","price":7.44},{"type":"A","date":"2018-03-27T03:39:25.000Z","volume":82500,"label":" ","price":7.44},{"type":"A","date":"2018-03-27T03:39:25.000Z","volume":500,"label":" ","price":7.44},{"type":"A","date":"2018-03-27T03:39:40.000Z","volume":30500,"label":" ","price":7.45},{"type":"A","date":"2018-03-27T03:39:40.000Z","volume":7000,"label":" ","price":7.45},{"type":"A","date":"2018-03-27T03:40:50.000Z","volume":10000,"label":" ","price":7.45},{"type":"A","date":"2018-03-27T03:41:07.000Z","volume":500,"label":" ","price":7.45},{"type":"B","date":"2018-03-27T03:41:20.000Z","volume":5000,"label":" ","price":7.44},{"type":"B","date":"2018-03-27T03:42:43.000Z","volume":290000,"label":" ","price":7.44},{"type":"B","date":"2018-03-27T03:42:43.000Z","volume":1000,"label":" ","price":7.44},{"type":"B","date":"2018-03-27T03:43:18.000Z","volume":1000,"label":" ","price":7.44},{"type":"B","date":"2018-03-27T03:44:53.000Z","volume":5000,"label":" ","price":7.44},{"type":"U","date":"2018-03-27T03:45:13.000Z","volume":250,"label":"D","price":7.38},{"type":"U","date":"2018-03-27T03:46:12.000Z","volume":500,"label":"X","price":7.44},{"type":"B","date":"2018-03-27T03:47:02.000Z","volume":50000,"label":" ","price":7.44},{"type":"B","date":"2018-03-27T03:47:02.000Z","volume":5000,"label":" ","price":7.44},{"type":"B","date":"2018-03-27T03:47:15.000Z","volume":500,"label":" ","price":7.44},{"type":"B","date":"2018-03-27T03:48:10.000Z","volume":2500,"label":" ","price":7.44},{"type":"B","date":"2018-03-27T03:48:20.000Z","volume":500,"label":" ","price":7.44},{"type":"B","date":"2018-03-27T03:48:44.000Z","volume":10000,"label":" ","price":7.44},{"type":"A","date":"2018-03-27T03:49:43.000Z","volume":500,"label":" ","price":7.45},{"type":"U","date":"2018-03-27T03:51:12.000Z","volume":500,"label":"X","price":7.44},{"type":"B","date":"2018-03-27T03:51:30.000Z","volume":9000,"label":" ","price":7.44},{"type":"A","date":"2018-03-27T03:51:30.000Z","volume":2000,"label":" ","price":7.44},{"type":"A","date":"2018-03-27T03:51:30.000Z","volume":1000,"label":" ","price":7.44},{"type":"A","date":"2018-03-27T03:51:30.000Z","volume":11000,"label":" ","price":7.44},{"type":"A","date":"2018-03-27T03:51:30.000Z","volume":500,"label":" ","price":7.44},{"type":"B","date":"2018-03-27T03:51:35.000Z","volume":500,"label":" ","price":7.43},{"type":"A","date":"2018-03-27T03:51:44.000Z","volume":3000,"label":" ","price":7.44},{"type":"B","date":"2018-03-27T03:53:56.000Z","volume":5000,"label":" ","price":7.43},{"type":"A","date":"2018-03-27T03:54:20.000Z","volume":10000,"label":" ","price":7.44},{"type":"A","date":"2018-03-27T03:54:21.000Z","volume":2500,"label":" ","price":7.44},{"type":"A","date":"2018-03-27T03:54:33.000Z","volume":1000,"label":" ","price":7.44},{"type":"A","date":"2018-03-27T03:54:44.000Z","volume":3000,"label":" ","price":7.44},{"type":"A","date":"2018-03-27T03:54:44.000Z","volume":1000,"label":" ","price":7.44},{"type":"A","date":"2018-03-27T03:56:24.000Z","volume":1000,"label":" ","price":7.44},{"type":"A","date":"2018-03-27T03:56:25.000Z","volume":500,"label":" ","price":7.44},{"type":"A","date":"2018-03-27T03:59:12.000Z","volume":25500,"label":" ","price":7.44},{"type":"U","date":"2018-03-27T05:00:00.000Z","volume":173,"label":"D","price":7.49},{"type":"B","date":"2018-03-27T05:00:02.000Z","volume":18500,"label":" ","price":7.44},{"type":"A","date":"2018-03-27T05:00:02.000Z","volume":5500,"label":" ","price":7.44},{"type":"B","date":"2018-03-27T05:00:02.000Z","volume":1500,"label":" ","price":7.44},{"type":"B","date":"2018-03-27T05:00:03.000Z","volume":20000,"label":" ","price":7.44},{"type":"A","date":"2018-03-27T05:00:05.000Z","volume":500,"label":" ","price":7.45},{"type":"B","date":"2018-03-27T05:00:06.000Z","volume":1500,"label":"Y","price":7.44},{"type":"B","date":"2018-03-27T05:00:06.000Z","volume":26500,"label":" ","price":7.44},{"type":"A","date":"2018-03-27T05:00:06.000Z","volume":500,"label":" ","price":7.44},{"type":"B","date":"2018-03-27T05:00:06.000Z","volume":500,"label":" ","price":7.44},{"type":"A","date":"2018-03-27T05:00:08.000Z","volume":10000,"label":" ","price":7.45},{"type":"A","date":"2018-03-27T05:00:09.000Z","volume":2500,"label":" ","price":7.45},{"type":"B","date":"2018-03-27T05:00:16.000Z","volume":27500,"label":" ","price":7.44},{"type":"B","date":"2018-03-27T05:00:16.000Z","volume":500,"label":" ","price":7.44},{"type":"A","date":"2018-03-27T05:00:16.000Z","volume":5500,"label":" ","price":7.44},{"type":"A","date":"2018-03-27T05:00:18.000Z","volume":5000,"label":" ","price":7.44},{"type":"A","date":"2018-03-27T05:00:31.000Z","volume":1000,"label":" ","price":7.44},{"type":"A","date":"2018-03-27T05:00:45.000Z","volume":3000,"label":" ","price":7.44},{"type":"A","date":"2018-03-27T05:00:47.000Z","volume":1000,"label":" ","price":7.44},{"type":"A","date":"2018-03-27T05:02:23.000Z","volume":10000,"label":" ","price":7.44},{"type":"A","date":"2018-03-27T05:02:24.000Z","volume":3500,"label":" ","price":7.44},{"type":"A","date":"2018-03-27T05:02:35.000Z","volume":1000,"label":" ","price":7.44},{"type":"B","date":"2018-03-27T05:02:35.000Z","volume":500,"label":" ","price":7.44},{"type":"B","date":"2018-03-27T05:02:53.000Z","volume":500,"label":" ","price":7.44},{"type":"B","date":"2018-03-27T05:02:55.000Z","volume":1500,"label":" ","price":7.44},{"type":"A","date":"2018-03-27T05:02:55.000Z","volume":500,"label":" ","price":7.44},{"type":"A","date":"2018-03-27T05:02:55.000Z","volume":18000,"label":" ","price":7.44},{"type":"A","date":"2018-03-27T05:02:56.000Z","volume":6000,"label":" ","price":7.44},{"type":"A","date":"2018-03-27T05:03:03.000Z","volume":1500,"label":" ","price":7.44},{"type":"A","date":"2018-03-27T05:03:04.000Z","volume":500,"label":" ","price":7.44},{"type":"A","date":"2018-03-27T05:04:15.000Z","volume":3000,"label":" ","price":7.44},{"type":"A","date":"2018-03-27T05:04:15.000Z","volume":500,"label":" ","price":7.44},{"type":"B","date":"2018-03-27T05:05:26.000Z","volume":20000,"label":" ","price":7.44},{"type":"B","date":"2018-03-27T05:06:20.000Z","volume":7000,"label":" ","price":7.44},{"type":"B","date":"2018-03-27T05:07:22.000Z","volume":1000,"label":" ","price":7.44},{"type":"U","date":"2018-03-27T05:07:29.000Z","volume":500,"label":"X","price":7.44},{"type":"A","date":"2018-03-27T05:09:19.000Z","volume":1000,"label":" ","price":7.45},{"type":"A","date":"2018-03-27T05:09:19.000Z","volume":500,"label":" ","price":7.45},{"type":"U","date":"2018-03-27T05:10:18.000Z","volume":97,"label":"D","price":7.4},{"type":"B","date":"2018-03-27T05:10:52.000Z","volume":10000,"label":" ","price":7.44},{"type":"B","date":"2018-03-27T05:10:52.000Z","volume":1000,"label":" ","price":7.44},{"type":"B","date":"2018-03-27T05:11:49.000Z","volume":10000,"label":" ","price":7.44},{"type":"B","date":"2018-03-27T05:11:54.000Z","volume":500,"label":" ","price":7.44},{"type":"U","date":"2018-03-27T05:12:23.000Z","volume":500,"label":"X","price":7.441},{"type":"B","date":"2018-03-27T05:18:39.000Z","volume":5000,"label":" ","price":7.44},{"type":"B","date":"2018-03-27T05:18:39.000Z","volume":1000,"label":" ","price":7.44},{"type":"B","date":"2018-03-27T05:18:56.000Z","volume":1500,"label":"Y","price":7.44},{"type":"B","date":"2018-03-27T05:18:56.000Z","volume":8500,"label":" ","price":7.44},{"type":"B","date":"2018-03-27T05:19:15.000Z","volume":20000,"label":" ","price":7.44},{"type":"B","date":"2018-03-27T05:19:15.000Z","volume":5000,"label":"Y","price":7.44},{"type":"B","date":"2018-03-27T05:19:15.000Z","volume":50000,"label":" ","price":7.44},{"type":"B","date":"2018-03-27T05:19:15.000Z","volume":1000,"label":"Y","price":7.44},{"type":"B","date":"2018-03-27T05:20:06.000Z","volume":1500,"label":" ","price":7.44},{"type":"B","date":"2018-03-27T05:21:49.000Z","volume":500,"label":" ","price":7.44},{"type":"B","date":"2018-03-27T05:22:11.000Z","volume":500,"label":" ","price":7.44},{"type":"B","date":"2018-03-27T05:22:13.000Z","volume":5000,"label":" ","price":7.44},{"type":"B","date":"2018-03-27T05:22:13.000Z","volume":1000,"label":" ","price":7.44},{"type":"B","date":"2018-03-27T05:22:13.000Z","volume":94000,"label":" ","price":7.44},{"type":"U","date":"2018-03-27T05:22:13.000Z","volume":500,"label":"X","price":7.44},{"type":"A","date":"2018-03-27T05:22:16.000Z","volume":1500,"label":"Y","price":7.44},{"type":"A","date":"2018-03-27T05:22:16.000Z","volume":30000,"label":" ","price":7.44},{"type":"A","date":"2018-03-27T05:23:09.000Z","volume":6500,"label":" ","price":7.44},{"type":"A","date":"2018-03-27T05:23:11.000Z","volume":2500,"label":" ","price":7.44},{"type":"A","date":"2018-03-27T05:24:33.000Z","volume":4000,"label":" ","price":7.44},{"type":"A","date":"2018-03-27T05:24:33.000Z","volume":6000,"label":" ","price":7.44},{"type":"U","date":"2018-03-27T05:24:33.000Z","volume":1000,"label":"X","price":7.44},{"type":"A","date":"2018-03-27T05:24:34.000Z","volume":3000,"label":" ","price":7.44},{"type":"A","date":"2018-03-27T05:26:13.000Z","volume":500,"label":" ","price":7.44},{"type":"U","date":"2018-03-27T05:26:13.000Z","volume":500,"label":"X","price":7.44},{"type":"A","date":"2018-03-27T05:26:14.000Z","volume":500,"label":" ","price":7.44},{"type":"A","date":"2018-03-27T05:26:26.000Z","volume":3000,"label":" ","price":7.44},{"type":"A","date":"2018-03-27T05:26:26.000Z","volume":1000,"label":" ","price":7.44},{"type":"A","date":"2018-03-27T05:26:47.000Z","volume":3500,"label":" ","price":7.44},{"type":"A","date":"2018-03-27T05:26:48.000Z","volume":1000,"label":" ","price":7.44},{"type":"A","date":"2018-03-27T05:27:07.000Z","volume":8000,"label":" ","price":7.44},{"type":"A","date":"2018-03-27T05:27:10.000Z","volume":2500,"label":" ","price":7.44},{"type":"A","date":"2018-03-27T05:28:43.000Z","volume":1000,"label":" ","price":7.44},{"type":"A","date":"2018-03-27T05:28:45.000Z","volume":500,"label":" ","price":7.44},{"type":"A","date":"2018-03-27T05:30:17.000Z","volume":3500,"label":" ","price":7.44},{"type":"A","date":"2018-03-27T05:30:20.000Z","volume":1000,"label":" ","price":7.44},{"type":"A","date":"2018-03-27T05:30:33.000Z","volume":4000,"label":" ","price":7.44},{"type":"A","date":"2018-03-27T05:30:35.000Z","volume":1500,"label":" ","price":7.44},{"type":"A","date":"2018-03-27T05:31:14.000Z","volume":1000,"label":" ","price":7.44},{"type":"A","date":"2018-03-27T05:31:14.000Z","volume":500,"label":" ","price":7.44},{"type":"A","date":"2018-03-27T05:32:50.000Z","volume":3000,"label":" ","price":7.44},{"type":"A","date":"2018-03-27T05:32:53.000Z","volume":1000,"label":" ","price":7.44},{"type":"A","date":"2018-03-27T05:33:44.000Z","volume":1000,"label":" ","price":7.44},{"type":"A","date":"2018-03-27T05:33:55.000Z","volume":22000,"label":" ","price":7.44},{"type":"B","date":"2018-03-27T05:33:55.000Z","volume":500,"label":" ","price":7.44},{"type":"B","date":"2018-03-27T05:40:32.000Z","volume":4000,"label":" ","price":7.44},{"type":"B","date":"2018-03-27T05:40:53.000Z","volume":10000,"label":" ","price":7.44},{"type":"B","date":"2018-03-27T05:41:05.000Z","volume":1000,"label":" ","price":7.44},{"type":"B","date":"2018-03-27T05:41:17.000Z","volume":1000,"label":" ","price":7.44},{"type":"B","date":"2018-03-27T05:42:14.000Z","volume":500,"label":" ","price":7.44},{"type":"B","date":"2018-03-27T05:43:41.000Z","volume":2000,"label":" ","price":7.44},{"type":"A","date":"2018-03-27T05:44:44.000Z","volume":5000,"label":" ","price":7.45},{"type":"A","date":"2018-03-27T05:44:47.000Z","volume":1500,"label":" ","price":7.45},{"type":"B","date":"2018-03-27T05:46:09.000Z","volume":1000,"label":" ","price":7.44},{"type":"A","date":"2018-03-27T05:46:44.000Z","volume":1500,"label":" ","price":7.45},{"type":"A","date":"2018-03-27T05:46:45.000Z","volume":500,"label":" ","price":7.45},{"type":"A","date":"2018-03-27T05:47:08.000Z","volume":2000,"label":" ","price":7.45},{"type":"A","date":"2018-03-27T05:47:09.000Z","volume":500,"label":" ","price":7.45},{"type":"A","date":"2018-03-27T05:50:44.000Z","volume":500,"label":" ","price":7.45},{"type":"U","date":"2018-03-27T05:50:44.000Z","volume":1000,"label":"X","price":7.45},{"type":"A","date":"2018-03-27T05:50:46.000Z","volume":500,"label":" ","price":7.45},{"type":"A","date":"2018-03-27T05:51:28.000Z","volume":500,"label":" ","price":7.45},{"type":"A","date":"2018-03-27T05:51:43.000Z","volume":1000,"label":" ","price":7.45},{"type":"A","date":"2018-03-27T05:51:43.000Z","volume":500,"label":" ","price":7.45},{"type":"B","date":"2018-03-27T05:51:44.000Z","volume":1000,"label":" ","price":7.44},{"type":"A","date":"2018-03-27T05:52:24.000Z","volume":500,"label":" ","price":7.45},{"type":"A","date":"2018-03-27T05:52:47.000Z","volume":1000,"label":" ","price":7.45},{"type":"A","date":"2018-03-27T05:52:49.000Z","volume":500,"label":" ","price":7.45},{"type":"A","date":"2018-03-27T05:52:58.000Z","volume":500,"label":"Y","price":7.45},{"type":"A","date":"2018-03-27T05:52:58.000Z","volume":64500,"label":" ","price":7.45},{"type":"A","date":"2018-03-27T05:52:59.000Z","volume":21500,"label":" ","price":7.45},{"type":"A","date":"2018-03-27T05:53:44.000Z","volume":1000,"label":" ","price":7.45},{"type":"A","date":"2018-03-27T05:53:44.000Z","volume":1500,"label":" ","price":7.45},{"type":"A","date":"2018-03-27T05:53:45.000Z","volume":1000,"label":" ","price":7.45},{"type":"A","date":"2018-03-27T05:55:07.000Z","volume":1000,"label":" ","price":7.45},{"type":"B","date":"2018-03-27T05:55:51.000Z","volume":5000,"label":" ","price":7.44},{"type":"A","date":"2018-03-27T05:57:02.000Z","volume":500,"label":" ","price":7.45},{"type":"A","date":"2018-03-27T05:57:03.000Z","volume":500,"label":" ","price":7.45},{"type":"A","date":"2018-03-27T05:57:18.000Z","volume":4500,"label":" ","price":7.45},{"type":"A","date":"2018-03-27T05:57:19.000Z","volume":1500,"label":" ","price":7.45},{"type":"A","date":"2018-03-27T05:57:19.000Z","volume":2000,"label":" ","price":7.45},{"type":"U","date":"2018-03-27T05:57:45.000Z","volume":1000,"label":"X","price":7.45},{"type":"B","date":"2018-03-27T05:57:49.000Z","volume":1500,"label":" ","price":7.44},{"type":"A","date":"2018-03-27T05:58:24.000Z","volume":1000,"label":" ","price":7.45},{"type":"A","date":"2018-03-27T05:58:51.000Z","volume":1500,"label":" ","price":7.45},{"type":"A","date":"2018-03-27T05:58:51.000Z","volume":500,"label":" ","price":7.45},{"type":"A","date":"2018-03-27T05:59:20.000Z","volume":2500,"label":" ","price":7.45},{"type":"A","date":"2018-03-27T05:59:21.000Z","volume":1000,"label":" ","price":7.45},{"type":"A","date":"2018-03-27T05:59:53.000Z","volume":1500,"label":" ","price":7.45},{"type":"A","date":"2018-03-27T05:59:54.000Z","volume":500,"label":" ","price":7.45},{"type":"A","date":"2018-03-27T06:01:14.000Z","volume":500,"label":" ","price":7.45},{"type":"A","date":"2018-03-27T06:01:15.000Z","volume":1500,"label":" ","price":7.45},{"type":"A","date":"2018-03-27T06:01:17.000Z","volume":500,"label":" ","price":7.45},{"type":"A","date":"2018-03-27T06:01:47.000Z","volume":1500,"label":" ","price":7.45},{"type":"A","date":"2018-03-27T06:01:48.000Z","volume":500,"label":" ","price":7.45},{"type":"A","date":"2018-03-27T06:02:18.000Z","volume":3500,"label":" ","price":7.45},{"type":"A","date":"2018-03-27T06:02:19.000Z","volume":1500,"label":" ","price":7.45},{"type":"A","date":"2018-03-27T06:03:10.000Z","volume":1000,"label":" ","price":7.45},{"type":"A","date":"2018-03-27T06:03:10.000Z","volume":1500,"label":" ","price":7.45},{"type":"A","date":"2018-03-27T06:03:10.000Z","volume":1500,"label":" ","price":7.45},{"type":"A","date":"2018-03-27T06:03:11.000Z","volume":1000,"label":" ","price":7.45},{"type":"A","date":"2018-03-27T06:03:15.000Z","volume":500,"label":" ","price":7.45},{"type":"B","date":"2018-03-27T06:03:22.000Z","volume":35000,"label":" ","price":7.44},{"type":"A","date":"2018-03-27T06:03:23.000Z","volume":500,"label":" ","price":7.45},{"type":"B","date":"2018-03-27T06:04:24.000Z","volume":1500,"label":" ","price":7.44},{"type":"A","date":"2018-03-27T06:05:48.000Z","volume":3500,"label":" ","price":7.45},{"type":"A","date":"2018-03-27T06:05:50.000Z","volume":1000,"label":" ","price":7.45},{"type":"A","date":"2018-03-27T06:06:34.000Z","volume":8000,"label":" ","price":7.45},{"type":"A","date":"2018-03-27T06:06:36.000Z","volume":2500,"label":" ","price":7.45},{"type":"A","date":"2018-03-27T06:07:14.000Z","volume":500,"label":" ","price":7.45},{"type":"A","date":"2018-03-27T06:07:14.000Z","volume":500,"label":" ","price":7.45},{"type":"B","date":"2018-03-27T06:07:20.000Z","volume":15000,"label":" ","price":7.44},{"type":"A","date":"2018-03-27T06:07:40.000Z","volume":1000,"label":" ","price":7.45},{"type":"A","date":"2018-03-27T06:09:18.000Z","volume":3500,"label":" ","price":7.45},{"type":"A","date":"2018-03-27T06:09:19.000Z","volume":1500,"label":" ","price":7.45},{"type":"A","date":"2018-03-27T06:10:17.000Z","volume":4000,"label":" ","price":7.45},{"type":"A","date":"2018-03-27T06:10:17.000Z","volume":4000,"label":" ","price":7.45},{"type":"A","date":"2018-03-27T06:10:20.000Z","volume":2500,"label":" ","price":7.45},{"type":"B","date":"2018-03-27T06:10:23.000Z","volume":1000,"label":" ","price":7.44},{"type":"A","date":"2018-03-27T06:11:32.000Z","volume":1000,"label":" ","price":7.45},{"type":"A","date":"2018-03-27T06:11:34.000Z","volume":500,"label":" ","price":7.45},{"type":"A","date":"2018-03-27T06:12:18.000Z","volume":500,"label":" ","price":7.45},{"type":"B","date":"2018-03-27T06:12:31.000Z","volume":1500,"label":" ","price":7.44},{"type":"A","date":"2018-03-27T06:12:48.000Z","volume":4000,"label":" ","price":7.45},{"type":"A","date":"2018-03-27T06:12:49.000Z","volume":1500,"label":" ","price":7.45},{"type":"A","date":"2018-03-27T06:13:45.000Z","volume":1500,"label":" ","price":7.45},{"type":"A","date":"2018-03-27T06:13:47.000Z","volume":500,"label":" ","price":7.45},{"type":"A","date":"2018-03-27T06:13:58.000Z","volume":500,"label":" ","price":7.45},{"type":"B","date":"2018-03-27T06:15:18.000Z","volume":1500,"label":" ","price":7.44},{"type":"U","date":"2018-03-27T06:15:50.000Z","volume":2000,"label":"X","price":7.445},{"type":"B","date":"2018-03-27T06:16:04.000Z","volume":5000,"label":" ","price":7.44},{"type":"A","date":"2018-03-27T06:16:04.000Z","volume":500,"label":"Y","price":7.45},{"type":"A","date":"2018-03-27T06:16:04.000Z","volume":1000,"label":" ","price":7.45},{"type":"A","date":"2018-03-27T06:16:05.000Z","volume":500,"label":"Y","price":7.45},{"type":"A","date":"2018-03-27T06:16:14.000Z","volume":7000,"label":" ","price":7.45},{"type":"A","date":"2018-03-27T06:16:15.000Z","volume":2500,"label":" ","price":7.45},{"type":"A","date":"2018-03-27T06:16:48.000Z","volume":500,"label":"Y","price":7.45},{"type":"A","date":"2018-03-27T06:16:48.000Z","volume":1000,"label":" ","price":7.45},{"type":"A","date":"2018-03-27T06:16:49.000Z","volume":500,"label":" ","price":7.45},{"type":"A","date":"2018-03-27T06:17:15.000Z","volume":1500,"label":" ","price":7.45},{"type":"A","date":"2018-03-27T06:17:16.000Z","volume":500,"label":" ","price":7.45},{"type":"A","date":"2018-03-27T06:17:18.000Z","volume":3000,"label":" ","price":7.45},{"type":"A","date":"2018-03-27T06:17:19.000Z","volume":1000,"label":" ","price":7.45},{"type":"A","date":"2018-03-27T06:17:47.000Z","volume":500,"label":"Y","price":7.45},{"type":"A","date":"2018-03-27T06:17:47.000Z","volume":1000,"label":" ","price":7.45},{"type":"A","date":"2018-03-27T06:17:49.000Z","volume":500,"label":" ","price":7.45},{"type":"A","date":"2018-03-27T06:19:09.000Z","volume":1500,"label":" ","price":7.45},{"type":"A","date":"2018-03-27T06:19:10.000Z","volume":500,"label":" ","price":7.45},{"type":"A","date":"2018-03-27T06:19:53.000Z","volume":1500,"label":" ","price":7.45},{"type":"A","date":"2018-03-27T06:19:54.000Z","volume":500,"label":" ","price":7.45},{"type":"A","date":"2018-03-27T06:20:08.000Z","volume":4000,"label":" ","price":7.45},{"type":"A","date":"2018-03-27T06:20:08.000Z","volume":1000,"label":" ","price":7.45},{"type":"A","date":"2018-03-27T06:20:32.000Z","volume":100000,"label":" ","price":7.45},{"type":"A","date":"2018-03-27T06:20:33.000Z","volume":1000,"label":"Y","price":7.45},{"type":"A","date":"2018-03-27T06:20:33.000Z","volume":32500,"label":" ","price":7.45},{"type":"U","date":"2018-03-27T06:20:33.000Z","volume":500,"label":"X","price":7.45},{"type":"A","date":"2018-03-27T06:20:33.000Z","volume":20000,"label":" ","price":7.45},{"type":"A","date":"2018-03-27T06:20:34.000Z","volume":6500,"label":" ","price":7.45},{"type":"A","date":"2018-03-27T06:20:46.000Z","volume":1500,"label":" ","price":7.45},{"type":"A","date":"2018-03-27T06:20:46.000Z","volume":500,"label":" ","price":7.45},{"type":"A","date":"2018-03-27T06:20:53.000Z","volume":1500,"label":" ","price":7.45},{"type":"A","date":"2018-03-27T06:20:59.000Z","volume":500,"label":" ","price":7.45},{"type":"A","date":"2018-03-27T06:21:47.000Z","volume":1500,"label":" ","price":7.45},{"type":"A","date":"2018-03-27T06:21:47.000Z","volume":500,"label":" ","price":7.45},{"type":"A","date":"2018-03-27T06:23:35.000Z","volume":1500,"label":" ","price":7.45},{"type":"A","date":"2018-03-27T06:23:36.000Z","volume":500,"label":" ","price":7.45},{"type":"U","date":"2018-03-27T06:23:46.000Z","volume":1500,"label":"X","price":7.45},{"type":"B","date":"2018-03-27T06:24:15.000Z","volume":2000,"label":" ","price":7.44},{"type":"A","date":"2018-03-27T06:24:17.000Z","volume":4000,"label":" ","price":7.45},{"type":"A","date":"2018-03-27T06:24:17.000Z","volume":4000,"label":" ","price":7.45},{"type":"A","date":"2018-03-27T06:24:17.000Z","volume":3000,"label":" ","price":7.45},{"type":"A","date":"2018-03-27T06:24:19.000Z","volume":4000,"label":" ","price":7.45},{"type":"A","date":"2018-03-27T06:24:19.000Z","volume":1000,"label":" ","price":7.45},{"type":"A","date":"2018-03-27T06:25:02.000Z","volume":4500,"label":" ","price":7.45},{"type":"A","date":"2018-03-27T06:25:02.000Z","volume":4500,"label":" ","price":7.45},{"type":"A","date":"2018-03-27T06:25:03.000Z","volume":3000,"label":" ","price":7.45},{"type":"A","date":"2018-03-27T06:25:29.000Z","volume":5000,"label":" ","price":7.45},{"type":"A","date":"2018-03-27T06:25:30.000Z","volume":2000,"label":" ","price":7.45},{"type":"A","date":"2018-03-27T06:25:55.000Z","volume":1500,"label":" ","price":7.45},{"type":"A","date":"2018-03-27T06:25:56.000Z","volume":500,"label":" ","price":7.45},{"type":"A","date":"2018-03-27T06:27:08.000Z","volume":76000,"label":" ","price":7.45},{"type":"A","date":"2018-03-27T06:27:08.000Z","volume":500,"label":"Y","price":7.45},{"type":"A","date":"2018-03-27T06:27:08.000Z","volume":10000,"label":" ","price":7.45},{"type":"A","date":"2018-03-27T06:27:08.000Z","volume":9500,"label":" ","price":7.46},{"type":"A","date":"2018-03-27T06:27:13.000Z","volume":3500,"label":" ","price":7.46},{"type":"U","date":"2018-03-27T06:27:16.000Z","volume":500,"label":"X","price":7.46},{"type":"A","date":"2018-03-27T06:27:16.000Z","volume":1000,"label":" ","price":7.46},{"type":"A","date":"2018-03-27T06:28:19.000Z","volume":4000,"label":" ","price":7.46},{"type":"U","date":"2018-03-27T06:29:06.000Z","volume":1000,"label":"X","price":7.45},{"type":"A","date":"2018-03-27T06:29:07.000Z","volume":2000,"label":" ","price":7.45},{"type":"A","date":"2018-03-27T06:29:07.000Z","volume":13000,"label":" ","price":7.45},{"type":"A","date":"2018-03-27T06:29:08.000Z","volume":2000,"label":" ","price":7.46},{"type":"A","date":"2018-03-27T06:30:18.000Z","volume":4000,"label":" ","price":7.46},{"type":"A","date":"2018-03-27T06:32:19.000Z","volume":3000,"label":"Y","price":7.46},{"type":"B","date":"2018-03-27T06:32:40.000Z","volume":10000,"label":" ","price":7.45},{"type":"A","date":"2018-03-27T06:32:40.000Z","volume":2500,"label":" ","price":7.46},{"type":"A","date":"2018-03-27T06:33:46.000Z","volume":1500,"label":" ","price":7.46},{"type":"U","date":"2018-03-27T06:34:17.000Z","volume":250,"label":"D","price":7.37},{"type":"B","date":"2018-03-27T06:34:33.000Z","volume":500,"label":" ","price":7.45},{"type":"A","date":"2018-03-27T06:35:19.000Z","volume":4500,"label":" ","price":7.46},{"type":"A","date":"2018-03-27T06:35:31.000Z","volume":1000,"label":" ","price":7.46},{"type":"A","date":"2018-03-27T06:35:31.000Z","volume":2000,"label":" ","price":7.46},{"type":"A","date":"2018-03-27T06:36:31.000Z","volume":1500,"label":" ","price":7.46},{"type":"A","date":"2018-03-27T06:37:16.000Z","volume":1500,"label":" ","price":7.46},{"type":"A","date":"2018-03-27T06:37:19.000Z","volume":1500,"label":" ","price":7.46},{"type":"A","date":"2018-03-27T06:38:37.000Z","volume":1500,"label":" ","price":7.46},{"type":"A","date":"2018-03-27T06:39:49.000Z","volume":3500,"label":" ","price":7.46},{"type":"A","date":"2018-03-27T06:40:09.000Z","volume":1500,"label":" ","price":7.46},{"type":"B","date":"2018-03-27T06:40:16.000Z","volume":20000,"label":" ","price":7.45},{"type":"A","date":"2018-03-27T06:40:16.000Z","volume":4000,"label":" ","price":7.46},{"type":"A","date":"2018-03-27T06:40:46.000Z","volume":2000,"label":" ","price":7.46},{"type":"B","date":"2018-03-27T06:41:17.000Z","volume":260000,"label":" ","price":7.45},{"type":"B","date":"2018-03-27T06:41:17.000Z","volume":13000,"label":" ","price":7.45},{"type":"B","date":"2018-03-27T06:41:17.000Z","volume":2000,"label":" ","price":7.45},{"type":"B","date":"2018-03-27T06:43:28.000Z","volume":1500,"label":" ","price":7.44},{"type":"B","date":"2018-03-27T06:47:08.000Z","volume":2000,"label":" ","price":7.44},{"type":"A","date":"2018-03-27T06:48:51.000Z","volume":1000,"label":" ","price":7.45},{"type":"A","date":"2018-03-27T06:49:17.000Z","volume":4500,"label":" ","price":7.45},{"type":"A","date":"2018-03-27T06:49:17.000Z","volume":500,"label":" ","price":7.45},{"type":"B","date":"2018-03-27T06:50:03.000Z","volume":1000,"label":" ","price":7.44},{"type":"B","date":"2018-03-27T06:53:57.000Z","volume":2000,"label":" ","price":7.44},{"type":"B","date":"2018-03-27T06:54:08.000Z","volume":7000,"label":"Y","price":7.44},{"type":"B","date":"2018-03-27T06:54:08.000Z","volume":93000,"label":" ","price":7.44},{"type":"B","date":"2018-03-27T06:54:08.000Z","volume":500,"label":"Y","price":7.44},{"type":"B","date":"2018-03-27T06:54:08.000Z","volume":49500,"label":" ","price":7.44},{"type":"B","date":"2018-03-27T06:54:08.000Z","volume":1000,"label":" ","price":7.44},{"type":"B","date":"2018-03-27T06:54:29.000Z","volume":5000,"label":" ","price":7.44},{"type":"B","date":"2018-03-27T06:55:15.000Z","volume":4500,"label":" ","price":7.44},{"type":"A","date":"2018-03-27T06:56:06.000Z","volume":1000,"label":" ","price":7.45},{"type":"A","date":"2018-03-27T06:56:18.000Z","volume":5000,"label":" ","price":7.45},{"type":"B","date":"2018-03-27T06:58:10.000Z","volume":1000,"label":" ","price":7.44},{"type":"B","date":"2018-03-27T06:58:56.000Z","volume":5000,"label":" ","price":7.44},{"type":"B","date":"2018-03-27T06:59:08.000Z","volume":1500,"label":" ","price":7.44},{"type":"B","date":"2018-03-27T06:59:25.000Z","volume":10000,"label":" ","price":7.44},{"type":"B","date":"2018-03-27T07:00:09.000Z","volume":500,"label":" ","price":7.44},{"type":"B","date":"2018-03-27T07:02:09.000Z","volume":1500,"label":" ","price":7.44},{"type":"B","date":"2018-03-27T07:02:44.000Z","volume":1000,"label":" ","price":7.44},{"type":"B","date":"2018-03-27T07:03:04.000Z","volume":500,"label":" ","price":7.44},{"type":"B","date":"2018-03-27T07:03:35.000Z","volume":15000,"label":" ","price":7.44},{"type":"B","date":"2018-03-27T07:04:05.000Z","volume":500,"label":" ","price":7.44},{"type":"B","date":"2018-03-27T07:05:15.000Z","volume":500,"label":" ","price":7.44},{"type":"B","date":"2018-03-27T07:05:39.000Z","volume":10000,"label":" ","price":7.44},{"type":"B","date":"2018-03-27T07:06:03.000Z","volume":500,"label":" ","price":7.44},{"type":"B","date":"2018-03-27T07:07:00.000Z","volume":20000,"label":" ","price":7.44},{"type":"B","date":"2018-03-27T07:07:00.000Z","volume":1000,"label":" ","price":7.44},{"type":"B","date":"2018-03-27T07:08:16.000Z","volume":1500,"label":" ","price":7.44},{"type":"B","date":"2018-03-27T07:09:11.000Z","volume":16500,"label":"Y","price":7.44},{"type":"B","date":"2018-03-27T07:09:11.000Z","volume":139500,"label":" ","price":7.44},{"type":"A","date":"2018-03-27T07:09:11.000Z","volume":7500,"label":" ","price":7.44},{"type":"A","date":"2018-03-27T07:09:13.000Z","volume":11000,"label":" ","price":7.44},{"type":"B","date":"2018-03-27T07:09:14.000Z","volume":500,"label":" ","price":7.43},{"type":"B","date":"2018-03-27T07:10:33.000Z","volume":500,"label":" ","price":7.43},{"type":"A","date":"2018-03-27T07:10:58.000Z","volume":10000,"label":" ","price":7.44},{"type":"A","date":"2018-03-27T07:11:00.000Z","volume":3000,"label":" ","price":7.44},{"type":"B","date":"2018-03-27T07:11:05.000Z","volume":8000,"label":" ","price":7.43},{"type":"B","date":"2018-03-27T07:11:15.000Z","volume":500,"label":" ","price":7.43},{"type":"B","date":"2018-03-27T07:11:47.000Z","volume":40000,"label":" ","price":7.43},{"type":"A","date":"2018-03-27T07:11:49.000Z","volume":500,"label":" ","price":7.44},{"type":"B","date":"2018-03-27T07:12:53.000Z","volume":50000,"label":" ","price":7.43},{"type":"B","date":"2018-03-27T07:13:06.000Z","volume":14000,"label":"Y","price":7.43},{"type":"B","date":"2018-03-27T07:13:06.000Z","volume":6000,"label":" ","price":7.43},{"type":"B","date":"2018-03-27T07:13:40.000Z","volume":1500,"label":" ","price":7.43},{"type":"B","date":"2018-03-27T07:14:14.000Z","volume":10000,"label":"Y","price":7.43},{"type":"B","date":"2018-03-27T07:14:24.000Z","volume":1500,"label":" ","price":7.43},{"type":"B","date":"2018-03-27T07:15:00.000Z","volume":500,"label":" ","price":7.43},{"type":"B","date":"2018-03-27T07:16:27.000Z","volume":1000,"label":"Y","price":7.43},{"type":"B","date":"2018-03-27T07:16:27.000Z","volume":19000,"label":" ","price":7.43},{"type":"B","date":"2018-03-27T07:17:15.000Z","volume":500,"label":" ","price":7.43},{"type":"B","date":"2018-03-27T07:17:33.000Z","volume":1500,"label":" ","price":7.43},{"type":"A","date":"2018-03-27T07:18:04.000Z","volume":500,"label":" ","price":7.44},{"type":"B","date":"2018-03-27T07:18:08.000Z","volume":4000,"label":" ","price":7.43},{"type":"U","date":"2018-03-27T07:18:09.000Z","volume":200,"label":"D","price":7.44},{"type":"A","date":"2018-03-27T07:19:17.000Z","volume":1500,"label":" ","price":7.44},{"type":"A","date":"2018-03-27T07:19:18.000Z","volume":10000,"label":" ","price":7.44},{"type":"A","date":"2018-03-27T07:19:20.000Z","volume":4000,"label":" ","price":7.44},{"type":"B","date":"2018-03-27T07:21:02.000Z","volume":1000,"label":" ","price":7.43},{"type":"A","date":"2018-03-27T07:21:15.000Z","volume":1000,"label":" ","price":7.44},{"type":"A","date":"2018-03-27T07:21:16.000Z","volume":500,"label":" ","price":7.44},{"type":"A","date":"2018-03-27T07:21:17.000Z","volume":230000,"label":" ","price":7.44},{"type":"B","date":"2018-03-27T07:21:17.000Z","volume":500,"label":" ","price":7.44},{"type":"A","date":"2018-03-27T07:21:17.000Z","volume":3500,"label":"Y","price":7.45},{"type":"A","date":"2018-03-27T07:21:17.000Z","volume":25000,"label":" ","price":7.45},{"type":"A","date":"2018-03-27T07:21:17.000Z","volume":500,"label":" ","price":7.45},{"type":"A","date":"2018-03-27T07:21:18.000Z","volume":3500,"label":" ","price":7.45},{"type":"A","date":"2018-03-27T07:21:18.000Z","volume":500,"label":" ","price":7.45},{"type":"B","date":"2018-03-27T07:22:36.000Z","volume":70000,"label":" ","price":7.44},{"type":"A","date":"2018-03-27T07:22:37.000Z","volume":8000,"label":" ","price":7.46},{"type":"A","date":"2018-03-27T07:22:38.000Z","volume":2500,"label":" ","price":7.46},{"type":"A","date":"2018-03-27T07:22:39.000Z","volume":1000,"label":" ","price":7.46},{"type":"B","date":"2018-03-27T07:22:56.000Z","volume":6000,"label":" ","price":7.45},{"type":"A","date":"2018-03-27T07:24:38.000Z","volume":500,"label":" ","price":7.46},{"type":"A","date":"2018-03-27T07:25:12.000Z","volume":55000,"label":" ","price":7.46},{"type":"B","date":"2018-03-27T07:25:12.000Z","volume":500,"label":" ","price":7.46},{"type":"U","date":"2018-03-27T07:27:37.000Z","volume":450,"label":"D","price":7.44},{"type":"B","date":"2018-03-27T07:27:58.000Z","volume":4000,"label":" ","price":7.46},{"type":"A","date":"2018-03-27T07:29:21.000Z","volume":4500,"label":" ","price":7.47},{"type":"A","date":"2018-03-27T07:29:21.000Z","volume":1000,"label":" ","price":7.47},{"type":"A","date":"2018-03-27T07:30:02.000Z","volume":5000,"label":" ","price":7.47},{"type":"A","date":"2018-03-27T07:30:02.000Z","volume":1000,"label":" ","price":7.47},{"type":"B","date":"2018-03-27T07:30:29.000Z","volume":500,"label":" ","price":7.46},{"type":"A","date":"2018-03-27T07:30:58.000Z","volume":8500,"label":" ","price":7.47},{"type":"A","date":"2018-03-27T07:30:59.000Z","volume":1000,"label":" ","price":7.47},{"type":"A","date":"2018-03-27T07:31:01.000Z","volume":500,"label":" ","price":7.47},{"type":"B","date":"2018-03-27T07:31:37.000Z","volume":500,"label":" ","price":7.46},{"type":"B","date":"2018-03-27T07:31:45.000Z","volume":500,"label":" ","price":7.46},{"type":"A","date":"2018-03-27T07:31:58.000Z","volume":8500,"label":" ","price":7.47},{"type":"A","date":"2018-03-27T07:31:59.000Z","volume":1000,"label":" ","price":7.47},{"type":"A","date":"2018-03-27T07:32:00.000Z","volume":500,"label":" ","price":7.47},{"type":"A","date":"2018-03-27T07:32:23.000Z","volume":13000,"label":" ","price":7.47},{"type":"A","date":"2018-03-27T07:32:23.000Z","volume":1500,"label":" ","price":7.47},{"type":"A","date":"2018-03-27T07:32:24.000Z","volume":1000,"label":" ","price":7.47},{"type":"A","date":"2018-03-27T07:32:24.000Z","volume":1000,"label":" ","price":7.47},{"type":"A","date":"2018-03-27T07:32:34.000Z","volume":3000,"label":" ","price":7.47},{"type":"B","date":"2018-03-27T07:32:45.000Z","volume":500,"label":" ","price":7.46},{"type":"B","date":"2018-03-27T07:32:51.000Z","volume":10000,"label":" ","price":7.46},{"type":"A","date":"2018-03-27T07:32:52.000Z","volume":1500,"label":" ","price":7.47},{"type":"B","date":"2018-03-27T07:33:00.000Z","volume":500,"label":" ","price":7.46},{"type":"A","date":"2018-03-27T07:33:01.000Z","volume":8500,"label":" ","price":7.47},{"type":"A","date":"2018-03-27T07:33:01.000Z","volume":2000,"label":" ","price":7.47},{"type":"A","date":"2018-03-27T07:33:21.000Z","volume":4500,"label":"Y","price":7.47},{"type":"U","date":"2018-03-27T07:33:28.000Z","volume":1000,"label":"X","price":7.465},{"type":"A","date":"2018-03-27T07:34:02.000Z","volume":8500,"label":" ","price":7.47},{"type":"A","date":"2018-03-27T07:34:02.000Z","volume":2000,"label":" ","price":7.47},{"type":"A","date":"2018-03-27T07:34:02.000Z","volume":1500,"label":" ","price":7.47},{"type":"B","date":"2018-03-27T07:34:10.000Z","volume":500,"label":" ","price":7.46},{"type":"B","date":"2018-03-27T07:34:15.000Z","volume":500,"label":" ","price":7.46},{"type":"U","date":"2018-03-27T07:34:28.000Z","volume":1000,"label":"X","price":7.469},{"type":"A","date":"2018-03-27T07:35:01.000Z","volume":8000,"label":" ","price":7.47},{"type":"A","date":"2018-03-27T07:35:04.000Z","volume":2500,"label":" ","price":7.47},{"type":"A","date":"2018-03-27T07:35:05.000Z","volume":2000,"label":" ","price":7.47},{"type":"A","date":"2018-03-27T07:35:05.000Z","volume":500,"label":" ","price":7.47},{"type":"B","date":"2018-03-27T07:35:15.000Z","volume":500,"label":" ","price":7.46},{"type":"A","date":"2018-03-27T07:35:23.000Z","volume":1500,"label":" ","price":7.47},{"type":"A","date":"2018-03-27T07:35:23.000Z","volume":500,"label":" ","price":7.47},{"type":"A","date":"2018-03-27T07:35:32.000Z","volume":4500,"label":" ","price":7.47},{"type":"A","date":"2018-03-27T07:35:33.000Z","volume":1500,"label":" ","price":7.47},{"type":"A","date":"2018-03-27T07:35:34.000Z","volume":2000,"label":" ","price":7.47},{"type":"A","date":"2018-03-27T07:35:58.000Z","volume":8500,"label":" ","price":7.47},{"type":"A","date":"2018-03-27T07:35:58.000Z","volume":2000,"label":" ","price":7.47},{"type":"A","date":"2018-03-27T07:35:59.000Z","volume":3500,"label":" ","price":7.47},{"type":"A","date":"2018-03-27T07:37:01.000Z","volume":8500,"label":" ","price":7.47},{"type":"A","date":"2018-03-27T07:37:02.000Z","volume":3000,"label":" ","price":7.47},{"type":"A","date":"2018-03-27T07:37:02.000Z","volume":2500,"label":" ","price":7.47},{"type":"A","date":"2018-03-27T07:37:03.000Z","volume":1000,"label":" ","price":7.47},{"type":"A","date":"2018-03-27T07:37:21.000Z","volume":3500,"label":" ","price":7.47},{"type":"A","date":"2018-03-27T07:37:22.000Z","volume":1000,"label":" ","price":7.47},{"type":"A","date":"2018-03-27T07:37:23.000Z","volume":1000,"label":" ","price":7.47},{"type":"A","date":"2018-03-27T07:37:24.000Z","volume":500,"label":" ","price":7.47},{"type":"A","date":"2018-03-27T07:37:59.000Z","volume":1500,"label":" ","price":7.47},{"type":"A","date":"2018-03-27T07:38:00.000Z","volume":8500,"label":" ","price":7.47},{"type":"A","date":"2018-03-27T07:38:00.000Z","volume":22000,"label":" ","price":7.47},{"type":"U","date":"2018-03-27T07:38:00.000Z","volume":500,"label":"X","price":7.47},{"type":"A","date":"2018-03-27T07:38:00.000Z","volume":10500,"label":" ","price":7.47},{"type":"A","date":"2018-03-27T07:38:01.000Z","volume":5000,"label":" ","price":7.47},{"type":"A","date":"2018-03-27T07:38:02.000Z","volume":1500,"label":" ","price":7.47},{"type":"A","date":"2018-03-27T07:38:02.000Z","volume":3500,"label":" ","price":7.47},{"type":"A","date":"2018-03-27T07:38:03.000Z","volume":1500,"label":" ","price":7.47},{"type":"A","date":"2018-03-27T07:38:05.000Z","volume":500,"label":"Y","price":7.47},{"type":"A","date":"2018-03-27T07:38:05.000Z","volume":1000,"label":" ","price":7.47},{"type":"A","date":"2018-03-27T07:38:06.000Z","volume":500,"label":" ","price":7.47},{"type":"A","date":"2018-03-27T07:38:37.000Z","volume":1500,"label":" ","price":7.47},{"type":"A","date":"2018-03-27T07:38:38.000Z","volume":500,"label":" ","price":7.47},{"type":"B","date":"2018-03-27T07:38:44.000Z","volume":500,"label":" ","price":7.46},{"type":"A","date":"2018-03-27T07:38:57.000Z","volume":7000,"label":" ","price":7.47},{"type":"A","date":"2018-03-27T07:38:59.000Z","volume":2000,"label":" ","price":7.47},{"type":"A","date":"2018-03-27T07:39:13.000Z","volume":1500,"label":" ","price":7.47},{"type":"A","date":"2018-03-27T07:39:13.000Z","volume":500,"label":" ","price":7.47},{"type":"A","date":"2018-03-27T07:40:01.000Z","volume":1500,"label":" ","price":7.47},{"type":"A","date":"2018-03-27T07:40:02.000Z","volume":500,"label":" ","price":7.47},{"type":"A","date":"2018-03-27T07:40:05.000Z","volume":9000,"label":" ","price":7.47},{"type":"A","date":"2018-03-27T07:40:05.000Z","volume":4500,"label":" ","price":7.47},{"type":"A","date":"2018-03-27T07:40:05.000Z","volume":4500,"label":" ","price":7.47},{"type":"A","date":"2018-03-27T07:40:21.000Z","volume":3500,"label":" ","price":7.47},{"type":"A","date":"2018-03-27T07:40:24.000Z","volume":1500,"label":" ","price":7.47},{"type":"B","date":"2018-03-27T07:40:38.000Z","volume":500,"label":" ","price":7.46},{"type":"A","date":"2018-03-27T07:40:57.000Z","volume":1500,"label":" ","price":7.47},{"type":"A","date":"2018-03-27T07:40:58.000Z","volume":500,"label":" ","price":7.47},{"type":"A","date":"2018-03-27T07:41:01.000Z","volume":8500,"label":" ","price":7.47},{"type":"A","date":"2018-03-27T07:41:02.000Z","volume":1000,"label":" ","price":7.47},{"type":"A","date":"2018-03-27T07:41:05.000Z","volume":166000,"label":" ","price":7.47},{"type":"A","date":"2018-03-27T07:41:05.000Z","volume":500,"label":"Y","price":7.47},{"type":"A","date":"2018-03-27T07:41:06.000Z","volume":19000,"label":" ","price":7.48},{"type":"U","date":"2018-03-27T07:41:07.000Z","volume":1000,"label":"X","price":7.47},{"type":"A","date":"2018-03-27T07:41:07.000Z","volume":7000,"label":" ","price":7.48},{"type":"A","date":"2018-03-27T07:41:15.000Z","volume":1500,"label":" ","price":7.48},{"type":"A","date":"2018-03-27T07:41:22.000Z","volume":22000,"label":" ","price":7.47},{"type":"A","date":"2018-03-27T07:41:22.000Z","volume":5000,"label":" ","price":7.47},{"type":"A","date":"2018-03-27T07:41:22.000Z","volume":1000,"label":" ","price":7.47},{"type":"A","date":"2018-03-27T07:41:22.000Z","volume":15000,"label":" ","price":7.47},{"type":"A","date":"2018-03-27T07:41:25.000Z","volume":15000,"label":" ","price":7.47},{"type":"A","date":"2018-03-27T07:41:26.000Z","volume":5500,"label":" ","price":7.48},{"type":"A","date":"2018-03-27T07:41:32.000Z","volume":5000,"label":" ","price":7.48},{"type":"A","date":"2018-03-27T07:42:04.000Z","volume":8500,"label":" ","price":7.48},{"type":"A","date":"2018-03-27T07:42:30.000Z","volume":2000,"label":" ","price":7.48},{"type":"A","date":"2018-03-27T07:43:04.000Z","volume":8500,"label":" ","price":7.48},{"type":"A","date":"2018-03-27T07:43:04.000Z","volume":4500,"label":" ","price":7.48},{"type":"B","date":"2018-03-27T07:43:28.000Z","volume":500,"label":" ","price":7.47},{"type":"B","date":"2018-03-27T07:43:39.000Z","volume":70000,"label":" ","price":7.47},{"type":"B","date":"2018-03-27T07:43:39.000Z","volume":50000,"label":" ","price":7.47},{"type":"B","date":"2018-03-27T07:43:39.000Z","volume":500,"label":" ","price":7.47},{"type":"A","date":"2018-03-27T07:43:39.000Z","volume":15500,"label":" ","price":7.48},{"type":"B","date":"2018-03-27T07:43:50.000Z","volume":188500,"label":" ","price":7.47},{"type":"A","date":"2018-03-27T07:45:04.000Z","volume":8500,"label":" ","price":7.47},{"type":"B","date":"2018-03-27T07:45:48.000Z","volume":500,"label":" ","price":7.46},{"type":"A","date":"2018-03-27T07:46:06.000Z","volume":8500,"label":" ","price":7.47},{"type":"B","date":"2018-03-27T07:46:50.000Z","volume":500,"label":" ","price":7.46},{"type":"A","date":"2018-03-27T07:47:03.000Z","volume":8500,"label":" ","price":7.47},{"type":"B","date":"2018-03-27T07:47:15.000Z","volume":500,"label":" ","price":7.46},{"type":"A","date":"2018-03-27T07:48:05.000Z","volume":8500,"label":" ","price":7.47},{"type":"B","date":"2018-03-27T07:48:21.000Z","volume":500,"label":" ","price":7.46},{"type":"A","date":"2018-03-27T07:49:03.000Z","volume":8500,"label":" ","price":7.47},{"type":"B","date":"2018-03-27T07:49:48.000Z","volume":500,"label":" ","price":7.46},{"type":"A","date":"2018-03-27T07:50:04.000Z","volume":8500,"label":" ","price":7.47},{"type":"A","date":"2018-03-27T07:50:15.000Z","volume":500,"label":" ","price":7.47},{"type":"A","date":"2018-03-27T07:51:01.000Z","volume":9000,"label":" ","price":7.47},{"type":"B","date":"2018-03-27T07:51:16.000Z","volume":500,"label":" ","price":7.46},{"type":"B","date":"2018-03-27T07:51:24.000Z","volume":500,"label":" ","price":7.46},{"type":"B","date":"2018-03-27T07:51:30.000Z","volume":500,"label":" ","price":7.46},{"type":"A","date":"2018-03-27T07:51:40.000Z","volume":1500,"label":" ","price":7.47},{"type":"B","date":"2018-03-27T07:51:46.000Z","volume":500,"label":" ","price":7.46},{"type":"A","date":"2018-03-27T07:52:04.000Z","volume":8500,"label":" ","price":7.47},{"type":"B","date":"2018-03-27T07:52:16.000Z","volume":500,"label":" ","price":7.46},{"type":"B","date":"2018-03-27T07:52:25.000Z","volume":500,"label":" ","price":7.46},{"type":"B","date":"2018-03-27T07:52:45.000Z","volume":5000,"label":" ","price":7.46},{"type":"A","date":"2018-03-27T07:53:02.000Z","volume":5500,"label":" ","price":7.47},{"type":"A","date":"2018-03-27T07:53:05.000Z","volume":8500,"label":" ","price":7.47},{"type":"B","date":"2018-03-27T07:53:13.000Z","volume":500,"label":" ","price":7.46},{"type":"A","date":"2018-03-27T07:53:15.000Z","volume":1500,"label":" ","price":7.47},{"type":"B","date":"2018-03-27T07:53:16.000Z","volume":500,"label":" ","price":7.46},{"type":"A","date":"2018-03-27T07:53:16.000Z","volume":500,"label":" ","price":7.47},{"type":"B","date":"2018-03-27T07:53:17.000Z","volume":500,"label":" ","price":7.46},{"type":"A","date":"2018-03-27T07:53:23.000Z","volume":233000,"label":" ","price":7.47},{"type":"A","date":"2018-03-27T07:53:23.000Z","volume":1500,"label":" ","price":7.47},{"type":"A","date":"2018-03-27T07:53:24.000Z","volume":78000,"label":" ","price":7.47},{"type":"A","date":"2018-03-27T07:53:25.000Z","volume":500,"label":" ","price":7.47},{"type":"A","date":"2018-03-27T07:53:39.000Z","volume":1000,"label":" ","price":7.47},{"type":"A","date":"2018-03-27T07:54:05.000Z","volume":1500,"label":" ","price":7.47},{"type":"A","date":"2018-03-27T07:54:06.000Z","volume":500,"label":" ","price":7.47},{"type":"A","date":"2018-03-27T07:54:07.000Z","volume":500,"label":" ","price":7.47},{"type":"A","date":"2018-03-27T07:54:07.000Z","volume":8500,"label":" ","price":7.47},{"type":"A","date":"2018-03-27T07:54:08.000Z","volume":500,"label":" ","price":7.47},{"type":"A","date":"2018-03-27T07:54:09.000Z","volume":2500,"label":" ","price":7.47},{"type":"A","date":"2018-03-27T07:54:10.000Z","volume":8500,"label":" ","price":7.47},{"type":"A","date":"2018-03-27T07:54:13.000Z","volume":3000,"label":" ","price":7.47},{"type":"A","date":"2018-03-27T07:54:23.000Z","volume":1500,"label":" ","price":7.47},{"type":"A","date":"2018-03-27T07:54:25.000Z","volume":500,"label":" ","price":7.47},{"type":"A","date":"2018-03-27T07:54:41.000Z","volume":1500,"label":" ","price":7.47},{"type":"A","date":"2018-03-27T07:54:41.000Z","volume":14500,"label":" ","price":7.47},{"type":"A","date":"2018-03-27T07:54:42.000Z","volume":5500,"label":" ","price":7.47},{"type":"A","date":"2018-03-27T07:54:42.000Z","volume":5500,"label":" ","price":7.47},{"type":"A","date":"2018-03-27T07:54:43.000Z","volume":1500,"label":" ","price":7.47},{"type":"A","date":"2018-03-27T07:54:50.000Z","volume":1500,"label":" ","price":7.47},{"type":"B","date":"2018-03-27T07:54:50.000Z","volume":1500,"label":" ","price":7.46},{"type":"A","date":"2018-03-27T07:54:50.000Z","volume":19500,"label":" ","price":7.47},{"type":"A","date":"2018-03-27T07:54:50.000Z","volume":1000,"label":" ","price":7.47},{"type":"A","date":"2018-03-27T07:54:57.000Z","volume":16000,"label":" ","price":7.47},{"type":"A","date":"2018-03-27T07:54:58.000Z","volume":7500,"label":" ","price":7.47},{"type":"A","date":"2018-03-27T07:54:59.000Z","volume":5500,"label":" ","price":7.47},{"type":"A","date":"2018-03-27T07:55:01.000Z","volume":500,"label":" ","price":7.47},{"type":"A","date":"2018-03-27T07:55:01.000Z","volume":12000,"label":" ","price":7.47},{"type":"A","date":"2018-03-27T07:55:07.000Z","volume":12500,"label":" ","price":7.47},{"type":"A","date":"2018-03-27T07:55:08.000Z","volume":1500,"label":" ","price":7.47},{"type":"A","date":"2018-03-27T07:55:09.000Z","volume":4000,"label":" ","price":7.47},{"type":"A","date":"2018-03-27T07:55:10.000Z","volume":4500,"label":" ","price":7.47},{"type":"A","date":"2018-03-27T07:55:11.000Z","volume":10000,"label":" ","price":7.47},{"type":"A","date":"2018-03-27T07:55:14.000Z","volume":3500,"label":" ","price":7.47},{"type":"A","date":"2018-03-27T07:55:19.000Z","volume":1000,"label":" ","price":7.47},{"type":"A","date":"2018-03-27T07:55:19.000Z","volume":16500,"label":" ","price":7.47},{"type":"A","date":"2018-03-27T07:55:21.000Z","volume":6000,"label":" ","price":7.47},{"type":"A","date":"2018-03-27T07:55:23.000Z","volume":11000,"label":" ","price":7.47},{"type":"A","date":"2018-03-27T07:55:26.000Z","volume":56000,"label":" ","price":7.47},{"type":"A","date":"2018-03-27T07:55:26.000Z","volume":1000,"label":" ","price":7.47},{"type":"A","date":"2018-03-27T07:55:36.000Z","volume":26000,"label":" ","price":7.47},{"type":"B","date":"2018-03-27T07:55:36.000Z","volume":500,"label":" ","price":7.46},{"type":"A","date":"2018-03-27T07:55:41.000Z","volume":1500,"label":" ","price":7.47},{"type":"A","date":"2018-03-27T07:55:41.000Z","volume":14000,"label":" ","price":7.47},{"type":"A","date":"2018-03-27T07:55:43.000Z","volume":5000,"label":" ","price":7.47},{"type":"A","date":"2018-03-27T07:55:49.000Z","volume":17500,"label":" ","price":7.47},{"type":"A","date":"2018-03-27T07:55:49.000Z","volume":6000,"label":" ","price":7.47},{"type":"A","date":"2018-03-27T07:55:51.000Z","volume":1000,"label":" ","price":7.47},{"type":"B","date":"2018-03-27T07:55:52.000Z","volume":500,"label":" ","price":7.46},{"type":"A","date":"2018-03-27T07:56:00.000Z","volume":23500,"label":" ","price":7.47},{"type":"A","date":"2018-03-27T07:56:00.000Z","volume":8000,"label":" ","price":7.47},{"type":"A","date":"2018-03-27T07:56:02.000Z","volume":1500,"label":" ","price":7.47},{"type":"A","date":"2018-03-27T07:56:02.000Z","volume":500,"label":" ","price":7.47},{"type":"A","date":"2018-03-27T07:56:03.000Z","volume":10000,"label":" ","price":7.47},{"type":"A","date":"2018-03-27T07:56:05.000Z","volume":3500,"label":" ","price":7.47},{"type":"A","date":"2018-03-27T07:56:08.000Z","volume":11500,"label":" ","price":7.47},{"type":"A","date":"2018-03-27T07:56:09.000Z","volume":1500,"label":" ","price":7.47},{"type":"A","date":"2018-03-27T07:56:15.000Z","volume":16000,"label":" ","price":7.47},{"type":"A","date":"2018-03-27T07:56:16.000Z","volume":9500,"label":" ","price":7.47},{"type":"B","date":"2018-03-27T07:56:16.000Z","volume":500,"label":" ","price":7.46},{"type":"A","date":"2018-03-27T07:56:18.000Z","volume":1000,"label":" ","price":7.47},{"type":"A","date":"2018-03-27T07:56:19.000Z","volume":500,"label":" ","price":7.47},{"type":"A","date":"2018-03-27T07:56:22.000Z","volume":15000,"label":" ","price":7.47},{"type":"A","date":"2018-03-27T07:56:27.000Z","volume":1000,"label":" ","price":7.47},{"type":"A","date":"2018-03-27T07:56:27.000Z","volume":12500,"label":" ","price":7.47},{"type":"A","date":"2018-03-27T07:56:28.000Z","volume":9500,"label":" ","price":7.47},{"type":"A","date":"2018-03-27T07:56:32.000Z","volume":5500,"label":" ","price":7.47},{"type":"B","date":"2018-03-27T07:56:32.000Z","volume":500,"label":" ","price":7.46},{"type":"A","date":"2018-03-27T07:56:32.000Z","volume":12500,"label":" ","price":7.47},{"type":"A","date":"2018-03-27T07:56:35.000Z","volume":1000,"label":" ","price":7.47},{"type":"A","date":"2018-03-27T07:56:38.000Z","volume":6000,"label":" ","price":7.47},{"type":"A","date":"2018-03-27T07:56:38.000Z","volume":13000,"label":" ","price":7.47},{"type":"A","date":"2018-03-27T07:56:39.000Z","volume":4500,"label":" ","price":7.47},{"type":"A","date":"2018-03-27T07:56:45.000Z","volume":1000,"label":" ","price":7.47},{"type":"B","date":"2018-03-27T07:56:45.000Z","volume":24500,"label":" ","price":7.46},{"type":"A","date":"2018-03-27T07:56:45.000Z","volume":15500,"label":" ","price":7.47},{"type":"A","date":"2018-03-27T07:56:47.000Z","volume":11000,"label":" ","price":7.47},{"type":"A","date":"2018-03-27T07:56:47.000Z","volume":8500,"label":" ","price":7.47},{"type":"A","date":"2018-03-27T07:56:48.000Z","volume":2500,"label":" ","price":7.47},{"type":"A","date":"2018-03-27T07:56:55.000Z","volume":1500,"label":" ","price":7.47},{"type":"A","date":"2018-03-27T07:56:55.000Z","volume":20500,"label":" ","price":7.47},{"type":"A","date":"2018-03-27T07:56:56.000Z","volume":7000,"label":" ","price":7.47},{"type":"A","date":"2018-03-27T07:56:59.000Z","volume":13000,"label":" ","price":7.47},{"type":"A","date":"2018-03-27T07:57:01.000Z","volume":1500,"label":" ","price":7.47},{"type":"A","date":"2018-03-27T07:57:02.000Z","volume":4500,"label":" ","price":7.47},{"type":"A","date":"2018-03-27T07:57:05.000Z","volume":1000,"label":" ","price":7.47},{"type":"A","date":"2018-03-27T07:57:05.000Z","volume":1000,"label":" ","price":7.47},{"type":"A","date":"2018-03-27T07:57:05.000Z","volume":12500,"label":" ","price":7.47},{"type":"A","date":"2018-03-27T07:57:05.000Z","volume":5000,"label":" ","price":7.47},{"type":"A","date":"2018-03-27T07:57:10.000Z","volume":12500,"label":" ","price":7.47},{"type":"A","date":"2018-03-27T07:57:15.000Z","volume":500,"label":"Y","price":7.47},{"type":"A","date":"2018-03-27T07:57:15.000Z","volume":500,"label":" ","price":7.47},{"type":"A","date":"2018-03-27T07:57:15.000Z","volume":1000,"label":" ","price":7.47},{"type":"A","date":"2018-03-27T07:57:15.000Z","volume":11000,"label":" ","price":7.47},{"type":"A","date":"2018-03-27T07:57:17.000Z","volume":5000,"label":" ","price":7.47},{"type":"A","date":"2018-03-27T07:57:17.000Z","volume":9500,"label":" ","price":7.47},{"type":"A","date":"2018-03-27T07:57:20.000Z","volume":10500,"label":" ","price":7.47},{"type":"A","date":"2018-03-27T07:57:21.000Z","volume":19500,"label":" ","price":7.47},{"type":"A","date":"2018-03-27T07:57:23.000Z","volume":1000,"label":"Y","price":7.47},{"type":"A","date":"2018-03-27T07:57:29.000Z","volume":9500,"label":" ","price":7.47},{"type":"A","date":"2018-03-27T07:57:29.000Z","volume":19500,"label":" ","price":7.47},{"type":"A","date":"2018-03-27T07:57:30.000Z","volume":6500,"label":" ","price":7.47},{"type":"A","date":"2018-03-27T07:57:32.000Z","volume":4500,"label":" ","price":7.47},{"type":"A","date":"2018-03-27T07:57:33.000Z","volume":1000,"label":" ","price":7.47},{"type":"A","date":"2018-03-27T07:57:33.000Z","volume":500,"label":" ","price":7.47},{"type":"A","date":"2018-03-27T07:57:33.000Z","volume":11000,"label":" ","price":7.47},{"type":"A","date":"2018-03-27T07:57:38.000Z","volume":12500,"label":" ","price":7.47},{"type":"A","date":"2018-03-27T07:57:39.000Z","volume":9000,"label":" ","price":7.47},{"type":"A","date":"2018-03-27T07:57:43.000Z","volume":500,"label":" ","price":7.47},{"type":"A","date":"2018-03-27T07:57:43.000Z","volume":1500,"label":" ","price":7.47},{"type":"A","date":"2018-03-27T07:57:43.000Z","volume":10500,"label":" ","price":7.47},{"type":"A","date":"2018-03-27T07:57:45.000Z","volume":4000,"label":" ","price":7.47},{"type":"A","date":"2018-03-27T07:57:47.000Z","volume":3000,"label":" ","price":7.47},{"type":"A","date":"2018-03-27T07:57:48.000Z","volume":11500,"label":" ","price":7.47},{"type":"A","date":"2018-03-27T07:57:48.000Z","volume":2000,"label":" ","price":7.47},{"type":"A","date":"2018-03-27T07:57:48.000Z","volume":1500,"label":" ","price":7.47},{"type":"A","date":"2018-03-27T07:57:48.000Z","volume":4500,"label":" ","price":7.47},{"type":"A","date":"2018-03-27T07:57:49.000Z","volume":2500,"label":" ","price":7.47},{"type":"A","date":"2018-03-27T07:57:49.000Z","volume":2000,"label":" ","price":7.48},{"type":"A","date":"2018-03-27T07:57:53.000Z","volume":500,"label":" ","price":7.48},{"type":"A","date":"2018-03-27T07:57:53.000Z","volume":11500,"label":" ","price":7.48},{"type":"A","date":"2018-03-27T07:57:54.000Z","volume":2000,"label":" ","price":7.48},{"type":"A","date":"2018-03-27T07:57:59.000Z","volume":4500,"label":" ","price":7.48},{"type":"A","date":"2018-03-27T07:57:59.000Z","volume":14000,"label":" ","price":7.48},{"type":"A","date":"2018-03-27T07:58:00.000Z","volume":500,"label":" ","price":7.48},{"type":"B","date":"2018-03-27T07:58:00.000Z","volume":10000,"label":" ","price":7.47},{"type":"B","date":"2018-03-27T07:58:00.000Z","volume":38000,"label":" ","price":7.47},{"type":"A","date":"2018-03-27T07:58:01.000Z","volume":3000,"label":" ","price":7.48},{"type":"A","date":"2018-03-27T07:58:04.000Z","volume":10500,"label":" ","price":7.48},{"type":"A","date":"2018-03-27T07:58:04.000Z","volume":3500,"label":" ","price":7.48},{"type":"A","date":"2018-03-27T07:58:10.000Z","volume":13500,"label":" ","price":7.48},{"type":"A","date":"2018-03-27T07:58:11.000Z","volume":4500,"label":" ","price":7.48},{"type":"A","date":"2018-03-27T07:58:18.000Z","volume":18000,"label":" ","price":7.48},{"type":"B","date":"2018-03-27T07:58:18.000Z","volume":500,"label":" ","price":7.47},{"type":"A","date":"2018-03-27T07:58:18.000Z","volume":6000,"label":" ","price":7.48},{"type":"A","date":"2018-03-27T07:58:19.000Z","volume":2500,"label":" ","price":7.48},{"type":"A","date":"2018-03-27T07:58:21.000Z","volume":500,"label":" ","price":7.48},{"type":"A","date":"2018-03-27T07:58:22.000Z","volume":59500,"label":" ","price":7.48},{"type":"A","date":"2018-03-27T07:58:22.000Z","volume":20000,"label":" ","price":7.48},{"type":"B","date":"2018-03-27T07:58:31.000Z","volume":3000,"label":" ","price":7.47},{"type":"A","date":"2018-03-27T07:58:39.000Z","volume":59000,"label":" ","price":7.48},{"type":"A","date":"2018-03-27T07:58:42.000Z","volume":19500,"label":" ","price":7.48},{"type":"A","date":"2018-03-27T07:58:51.000Z","volume":1000,"label":" ","price":7.48}