[{"type":"U","date":"2018-04-25T01:02:16.000Z","volume":25680,"label":"P","price":17.623},{"type":"U","date":"2018-04-25T01:02:16.000Z","volume":102720,"label":"P","price":17.622},{"type":"A","date":"2018-04-25T01:37:17.000Z","volume":1200,"label":" ","price":17.5},{"type":"B","date":"2018-04-25T01:38:59.000Z","volume":1600,"label":" ","price":17.66},{"type":"U","date":"2018-04-25T01:39:25.000Z","volume":1400,"label":" ","price":17.68},{"type":"A","date":"2018-04-25T01:39:26.000Z","volume":200,"label":" ","price":17.68},{"type":"A","date":"2018-04-25T01:40:38.000Z","volume":200,"label":" ","price":17.7},{"type":"A","date":"2018-04-25T01:41:03.000Z","volume":200,"label":" ","price":17.7},{"type":"A","date":"2018-04-25T01:41:10.000Z","volume":600,"label":" ","price":17.7},{"type":"A","date":"2018-04-25T01:41:10.000Z","volume":600,"label":" ","price":17.7},{"type":"B","date":"2018-04-25T01:41:22.000Z","volume":4800,"label":" ","price":17.68},{"type":"B","date":"2018-04-25T01:41:22.000Z","volume":1200,"label":" ","price":17.66},{"type":"A","date":"2018-04-25T01:41:40.000Z","volume":400,"label":" ","price":17.68},{"type":"A","date":"2018-04-25T01:41:40.000Z","volume":400,"label":" ","price":17.68},{"type":"B","date":"2018-04-25T01:45:09.000Z","volume":600,"label":"Y","price":17.66},{"type":"B","date":"2018-04-25T01:45:09.000Z","volume":8200,"label":" ","price":17.66},{"type":"B","date":"2018-04-25T01:45:09.000Z","volume":400,"label":" ","price":17.66},{"type":"B","date":"2018-04-25T01:45:09.000Z","volume":600,"label":" ","price":17.64},{"type":"B","date":"2018-04-25T01:45:09.000Z","volume":400,"label":" ","price":17.66},{"type":"B","date":"2018-04-25T01:45:09.000Z","volume":200,"label":" ","price":17.66},{"type":"B","date":"2018-04-25T01:45:09.000Z","volume":800,"label":" ","price":17.66},{"type":"B","date":"2018-04-25T01:45:09.000Z","volume":200,"label":" ","price":17.64},{"type":"B","date":"2018-04-25T01:46:01.000Z","volume":200,"label":" ","price":17.5},{"type":"A","date":"2018-04-25T01:48:59.000Z","volume":1000,"label":" ","price":17.58},{"type":"A","date":"2018-04-25T01:49:01.000Z","volume":2200,"label":" ","price":17.6},{"type":"A","date":"2018-04-25T01:50:25.000Z","volume":1400,"label":" ","price":17.7},{"type":"A","date":"2018-04-25T01:50:25.000Z","volume":1600,"label":" ","price":17.7},{"type":"A","date":"2018-04-25T01:50:26.000Z","volume":400,"label":" ","price":17.7},{"type":"A","date":"2018-04-25T01:51:36.000Z","volume":400,"label":" ","price":17.7},{"type":"A","date":"2018-04-25T01:52:25.000Z","volume":1000,"label":" ","price":17.7},{"type":"A","date":"2018-04-25T01:52:25.000Z","volume":400,"label":" ","price":17.7},{"type":"A","date":"2018-04-25T01:53:40.000Z","volume":46600,"label":" ","price":17.7},{"type":"A","date":"2018-04-25T01:53:40.000Z","volume":50000,"label":" ","price":17.7},{"type":"A","date":"2018-04-25T01:53:40.000Z","volume":4400,"label":" ","price":17.7},{"type":"A","date":"2018-04-25T01:53:40.000Z","volume":23000,"label":" ","price":17.7},{"type":"A","date":"2018-04-25T01:53:40.000Z","volume":9600,"label":" ","price":17.7},{"type":"A","date":"2018-04-25T01:53:40.000Z","volume":800,"label":" ","price":17.7},{"type":"A","date":"2018-04-25T01:53:41.000Z","volume":6600,"label":" ","price":17.7},{"type":"A","date":"2018-04-25T01:53:41.000Z","volume":4800,"label":" ","price":17.7},{"type":"A","date":"2018-04-25T01:53:41.000Z","volume":800,"label":" ","price":17.7},{"type":"A","date":"2018-04-25T01:53:41.000Z","volume":6000,"label":" ","price":17.76},{"type":"A","date":"2018-04-25T01:53:41.000Z","volume":3800,"label":" ","price":17.7},{"type":"A","date":"2018-04-25T01:53:41.000Z","volume":3800,"label":" ","price":17.7},{"type":"A","date":"2018-04-25T01:53:41.000Z","volume":400,"label":" ","price":17.7},{"type":"A","date":"2018-04-25T01:53:41.000Z","volume":2400,"label":" ","price":17.7},{"type":"A","date":"2018-04-25T01:53:41.000Z","volume":800,"label":" ","price":17.7},{"type":"A","date":"2018-04-25T01:53:41.000Z","volume":3600,"label":" ","price":17.7},{"type":"B","date":"2018-04-25T01:53:42.000Z","volume":1600,"label":" ","price":17.68},{"type":"B","date":"2018-04-25T01:53:42.000Z","volume":1800,"label":" ","price":17.68},{"type":"A","date":"2018-04-25T01:56:25.000Z","volume":1000,"label":" ","price":17.7},{"type":"A","date":"2018-04-25T01:56:25.000Z","volume":600,"label":" ","price":17.7},{"type":"B","date":"2018-04-25T01:56:25.000Z","volume":4400,"label":"Y","price":17.68},{"type":"B","date":"2018-04-25T01:56:25.000Z","volume":11400,"label":" ","price":17.68},{"type":"B","date":"2018-04-25T01:56:26.000Z","volume":1000,"label":" ","price":17.68},{"type":"U","date":"2018-04-25T01:56:26.000Z","volume":200,"label":"X","price":17.68},{"type":"B","date":"2018-04-25T01:56:26.000Z","volume":400,"label":" ","price":17.66},{"type":"B","date":"2018-04-25T01:56:27.000Z","volume":400,"label":" ","price":17.66},{"type":"B","date":"2018-04-25T01:57:46.000Z","volume":600,"label":" ","price":17.66},{"type":"B","date":"2018-04-25T01:57:48.000Z","volume":600,"label":" ","price":17.66},{"type":"B","date":"2018-04-25T02:00:28.000Z","volume":600,"label":" ","price":17.66},{"type":"B","date":"2018-04-25T02:00:28.000Z","volume":400,"label":"Y","price":17.66},{"type":"B","date":"2018-04-25T02:00:28.000Z","volume":200,"label":" ","price":17.66},{"type":"B","date":"2018-04-25T02:00:31.000Z","volume":400,"label":"Y","price":17.66},{"type":"B","date":"2018-04-25T02:00:31.000Z","volume":200,"label":" ","price":17.66},{"type":"B","date":"2018-04-25T02:00:31.000Z","volume":600,"label":" ","price":17.66},{"type":"B","date":"2018-04-25T02:02:31.000Z","volume":400,"label":" ","price":17.66},{"type":"A","date":"2018-04-25T02:03:40.000Z","volume":1200,"label":" ","price":17.7},{"type":"A","date":"2018-04-25T02:03:40.000Z","volume":1200,"label":" ","price":17.7},{"type":"A","date":"2018-04-25T02:05:21.000Z","volume":1600,"label":" ","price":17.7},{"type":"A","date":"2018-04-25T02:05:55.000Z","volume":1200,"label":" ","price":17.7},{"type":"B","date":"2018-04-25T02:06:59.000Z","volume":1600,"label":" ","price":17.68},{"type":"A","date":"2018-04-25T02:07:04.000Z","volume":200,"label":" ","price":17.7},{"type":"A","date":"2018-04-25T02:07:10.000Z","volume":800,"label":" ","price":17.7},{"type":"A","date":"2018-04-25T02:07:10.000Z","volume":1000,"label":" ","price":17.7},{"type":"A","date":"2018-04-25T02:08:04.000Z","volume":400,"label":" ","price":17.7},{"type":"A","date":"2018-04-25T02:08:59.000Z","volume":400,"label":" ","price":17.7},{"type":"A","date":"2018-04-25T02:09:55.000Z","volume":9600,"label":" ","price":17.7},{"type":"A","date":"2018-04-25T02:09:55.000Z","volume":1000,"label":" ","price":17.7},{"type":"A","date":"2018-04-25T02:09:55.000Z","volume":800,"label":" ","price":17.7},{"type":"A","date":"2018-04-25T02:10:34.000Z","volume":1200,"label":" ","price":17.7},{"type":"B","date":"2018-04-25T02:10:47.000Z","volume":400,"label":" ","price":17.68},{"type":"A","date":"2018-04-25T02:10:47.000Z","volume":400,"label":" ","price":17.7},{"type":"U","date":"2018-04-25T02:10:58.000Z","volume":1000,"label":"X","price":17.68},{"type":"A","date":"2018-04-25T02:11:28.000Z","volume":1600,"label":" ","price":17.7},{"type":"A","date":"2018-04-25T02:11:55.000Z","volume":1200,"label":" ","price":17.7},{"type":"A","date":"2018-04-25T02:13:10.000Z","volume":1200,"label":" ","price":17.7},{"type":"A","date":"2018-04-25T02:13:11.000Z","volume":2000,"label":" ","price":17.7},{"type":"U","date":"2018-04-25T02:13:11.000Z","volume":1600,"label":"X","price":17.7},{"type":"U","date":"2018-04-25T02:13:11.000Z","volume":1200,"label":"X","price":17.7},{"type":"A","date":"2018-04-25T02:13:49.000Z","volume":1200,"label":" ","price":17.7},{"type":"A","date":"2018-04-25T02:13:49.000Z","volume":600,"label":" ","price":17.7},{"type":"A","date":"2018-04-25T02:13:59.000Z","volume":600,"label":" ","price":17.7},{"type":"A","date":"2018-04-25T02:14:10.000Z","volume":1200,"label":" ","price":17.7},{"type":"A","date":"2018-04-25T02:15:04.000Z","volume":800,"label":" ","price":17.7},{"type":"A","date":"2018-04-25T02:15:04.000Z","volume":2400,"label":" ","price":17.7},{"type":"A","date":"2018-04-25T02:15:04.000Z","volume":600,"label":" ","price":17.7},{"type":"A","date":"2018-04-25T02:15:10.000Z","volume":1000,"label":" ","price":17.7},{"type":"A","date":"2018-04-25T02:15:55.000Z","volume":800,"label":" ","price":17.7},{"type":"A","date":"2018-04-25T02:16:19.000Z","volume":1000,"label":" ","price":17.7},{"type":"A","date":"2018-04-25T02:16:40.000Z","volume":1200,"label":" ","price":17.7},{"type":"U","date":"2018-04-25T02:17:16.000Z","volume":200,"label":"X","price":17.68},{"type":"A","date":"2018-04-25T02:17:40.000Z","volume":1000,"label":" ","price":17.7},{"type":"A","date":"2018-04-25T02:17:40.000Z","volume":1000,"label":" ","price":17.7},{"type":"A","date":"2018-04-25T02:17:47.000Z","volume":200,"label":" ","price":17.7},{"type":"A","date":"2018-04-25T02:18:04.000Z","volume":800,"label":" ","price":17.7},{"type":"A","date":"2018-04-25T02:18:17.000Z","volume":1600,"label":" ","price":17.7},{"type":"A","date":"2018-04-25T02:18:19.000Z","volume":800,"label":" ","price":17.7},{"type":"A","date":"2018-04-25T02:18:39.000Z","volume":800,"label":" ","price":17.7},{"type":"A","date":"2018-04-25T02:19:02.000Z","volume":200,"label":" ","price":17.7},{"type":"A","date":"2018-04-25T02:19:10.000Z","volume":1200,"label":" ","price":17.7},{"type":"A","date":"2018-04-25T02:19:10.000Z","volume":1000,"label":" ","price":17.7},{"type":"A","date":"2018-04-25T02:19:34.000Z","volume":800,"label":" ","price":17.7},{"type":"A","date":"2018-04-25T02:19:34.000Z","volume":200,"label":" ","price":17.7},{"type":"A","date":"2018-04-25T02:20:19.000Z","volume":600,"label":" ","price":17.7},{"type":"A","date":"2018-04-25T02:21:04.000Z","volume":200,"label":" ","price":17.7},{"type":"A","date":"2018-04-25T02:21:05.000Z","volume":1000,"label":" ","price":17.7},{"type":"A","date":"2018-04-25T02:21:19.000Z","volume":200,"label":" ","price":17.7},{"type":"A","date":"2018-04-25T02:21:39.000Z","volume":600,"label":" ","price":17.7},{"type":"A","date":"2018-04-25T02:21:55.000Z","volume":1000,"label":" ","price":17.7},{"type":"A","date":"2018-04-25T02:21:55.000Z","volume":800,"label":" ","price":17.7},{"type":"A","date":"2018-04-25T02:22:04.000Z","volume":400,"label":" ","price":17.7},{"type":"A","date":"2018-04-25T02:22:55.000Z","volume":1000,"label":" ","price":17.7},{"type":"A","date":"2018-04-25T02:22:59.000Z","volume":600,"label":" ","price":17.7},{"type":"A","date":"2018-04-25T02:23:04.000Z","volume":200,"label":" ","price":17.7},{"type":"A","date":"2018-04-25T02:23:40.000Z","volume":800,"label":" ","price":17.7},{"type":"A","date":"2018-04-25T02:23:49.000Z","volume":200,"label":" ","price":17.7},{"type":"B","date":"2018-04-25T02:24:23.000Z","volume":30000,"label":" ","price":17.68},{"type":"B","date":"2018-04-25T02:24:23.000Z","volume":800,"label":"Y","price":17.68},{"type":"B","date":"2018-04-25T02:24:23.000Z","volume":800,"label":" ","price":17.68},{"type":"A","date":"2018-04-25T02:24:23.000Z","volume":2800,"label":" ","price":17.7},{"type":"A","date":"2018-04-25T02:24:23.000Z","volume":2000,"label":" ","price":17.7},{"type":"B","date":"2018-04-25T02:24:25.000Z","volume":600,"label":" ","price":17.68},{"type":"A","date":"2018-04-25T02:27:10.000Z","volume":1200,"label":" ","price":17.7},{"type":"A","date":"2018-04-25T02:27:10.000Z","volume":1400,"label":" ","price":17.7},{"type":"A","date":"2018-04-25T02:28:19.000Z","volume":800,"label":" ","price":17.7},{"type":"A","date":"2018-04-25T02:28:19.000Z","volume":200,"label":" ","price":17.7},{"type":"A","date":"2018-04-25T02:28:19.000Z","volume":1000,"label":" ","price":17.7},{"type":"B","date":"2018-04-25T02:29:16.000Z","volume":1600,"label":" ","price":17.68},{"type":"A","date":"2018-04-25T02:29:55.000Z","volume":1200,"label":" ","price":17.7},{"type":"A","date":"2018-04-25T02:29:55.000Z","volume":1200,"label":" ","price":17.7},{"type":"A","date":"2018-04-25T02:31:49.000Z","volume":200,"label":" ","price":17.7},{"type":"A","date":"2018-04-25T02:31:49.000Z","volume":800,"label":" ","price":17.7},{"type":"A","date":"2018-04-25T02:31:55.000Z","volume":1000,"label":" ","price":17.7},{"type":"A","date":"2018-04-25T02:31:55.000Z","volume":1000,"label":" ","price":17.7},{"type":"B","date":"2018-04-25T02:32:07.000Z","volume":1200,"label":" ","price":17.68},{"type":"A","date":"2018-04-25T02:33:19.000Z","volume":600,"label":" ","price":17.7},{"type":"A","date":"2018-04-25T02:33:46.000Z","volume":200,"label":" ","price":17.7},{"type":"A","date":"2018-04-25T02:34:04.000Z","volume":600,"label":" ","price":17.7},{"type":"A","date":"2018-04-25T02:34:25.000Z","volume":1200,"label":" ","price":17.7},{"type":"A","date":"2018-04-25T02:34:25.000Z","volume":1000,"label":" ","price":17.7},{"type":"A","date":"2018-04-25T02:34:27.000Z","volume":1600,"label":" ","price":17.7},{"type":"A","date":"2018-04-25T02:35:47.000Z","volume":600,"label":" ","price":17.7},{"type":"A","date":"2018-04-25T02:36:04.000Z","volume":800,"label":" ","price":17.7},{"type":"B","date":"2018-04-25T02:37:19.000Z","volume":1200,"label":" ","price":17.68},{"type":"A","date":"2018-04-25T02:37:20.000Z","volume":200,"label":" ","price":17.7},{"type":"A","date":"2018-04-25T02:37:40.000Z","volume":1000,"label":" ","price":17.7},{"type":"A","date":"2018-04-25T02:37:40.000Z","volume":1200,"label":" ","price":17.7},{"type":"A","date":"2018-04-25T02:37:41.000Z","volume":400,"label":" ","price":17.7},{"type":"A","date":"2018-04-25T02:37:45.000Z","volume":1400,"label":" ","price":17.7},{"type":"A","date":"2018-04-25T02:38:19.000Z","volume":200,"label":" ","price":17.7},{"type":"A","date":"2018-04-25T02:38:45.000Z","volume":800,"label":" ","price":17.7},{"type":"A","date":"2018-04-25T02:38:45.000Z","volume":200,"label":" ","price":17.7},{"type":"A","date":"2018-04-25T02:38:46.000Z","volume":200,"label":" ","price":17.7},{"type":"A","date":"2018-04-25T02:38:57.000Z","volume":1600,"label":" ","price":17.7},{"type":"A","date":"2018-04-25T02:38:58.000Z","volume":400,"label":" ","price":17.7},{"type":"A","date":"2018-04-25T02:40:25.000Z","volume":1200,"label":" ","price":17.7},{"type":"A","date":"2018-04-25T02:40:25.000Z","volume":1000,"label":" ","price":17.7},{"type":"A","date":"2018-04-25T02:40:26.000Z","volume":400,"label":" ","price":17.7},{"type":"A","date":"2018-04-25T02:40:46.000Z","volume":200,"label":" ","price":17.7},{"type":"A","date":"2018-04-25T02:42:05.000Z","volume":600,"label":" ","price":17.7},{"type":"B","date":"2018-04-25T02:42:06.000Z","volume":600,"label":" ","price":17.68},{"type":"A","date":"2018-04-25T02:42:06.000Z","volume":200,"label":" ","price":17.7},{"type":"A","date":"2018-04-25T02:42:40.000Z","volume":1000,"label":" ","price":17.7},{"type":"A","date":"2018-04-25T02:42:40.000Z","volume":1200,"label":" ","price":17.7},{"type":"A","date":"2018-04-25T02:42:41.000Z","volume":400,"label":" ","price":17.7},{"type":"A","date":"2018-04-25T02:42:47.000Z","volume":200,"label":" ","price":17.7},{"type":"B","date":"2018-04-25T02:43:00.000Z","volume":600,"label":" ","price":17.68},{"type":"A","date":"2018-04-25T02:43:01.000Z","volume":200,"label":" ","price":17.7},{"type":"A","date":"2018-04-25T02:43:45.000Z","volume":600,"label":" ","price":17.7},{"type":"B","date":"2018-04-25T02:44:16.000Z","volume":25200,"label":" ","price":17.68},{"type":"A","date":"2018-04-25T02:44:16.000Z","volume":200,"label":" ","price":17.68},{"type":"A","date":"2018-04-25T02:44:16.000Z","volume":200,"label":" ","price":17.68},{"type":"A","date":"2018-04-25T02:44:16.000Z","volume":1400,"label":" ","price":17.68},{"type":"A","date":"2018-04-25T02:44:16.000Z","volume":200,"label":" ","price":17.68},{"type":"A","date":"2018-04-25T02:44:16.000Z","volume":600,"label":" ","price":17.68},{"type":"A","date":"2018-04-25T02:44:16.000Z","volume":800,"label":" ","price":17.68},{"type":"B","date":"2018-04-25T02:44:16.000Z","volume":2200,"label":" ","price":17.66},{"type":"A","date":"2018-04-25T02:44:16.000Z","volume":1000,"label":" ","price":17.68},{"type":"A","date":"2018-04-25T02:44:16.000Z","volume":1000,"label":" ","price":17.68},{"type":"B","date":"2018-04-25T02:44:16.000Z","volume":1600,"label":" ","price":17.66},{"type":"B","date":"2018-04-25T02:44:16.000Z","volume":200,"label":" ","price":17.66},{"type":"A","date":"2018-04-25T02:44:16.000Z","volume":4600,"label":" ","price":17.68},{"type":"U","date":"2018-04-25T02:44:26.000Z","volume":200,"label":"X","price":17.67},{"type":"B","date":"2018-04-25T02:44:26.000Z","volume":400,"label":"Y","price":17.66},{"type":"B","date":"2018-04-25T02:44:35.000Z","volume":200,"label":"Y","price":17.66},{"type":"B","date":"2018-04-25T02:44:35.000Z","volume":400,"label":" ","price":17.66},{"type":"B","date":"2018-04-25T02:47:16.000Z","volume":1000,"label":" ","price":17.64},{"type":"B","date":"2018-04-25T02:47:16.000Z","volume":2000,"label":" ","price":17.64},{"type":"B","date":"2018-04-25T02:47:36.000Z","volume":200,"label":" ","price":17.64},{"type":"A","date":"2018-04-25T02:50:40.000Z","volume":200,"label":" ","price":17.66},{"type":"A","date":"2018-04-25T02:50:40.000Z","volume":1000,"label":" ","price":17.66},{"type":"A","date":"2018-04-25T02:52:25.000Z","volume":1000,"label":" ","price":17.66},{"type":"A","date":"2018-04-25T02:52:25.000Z","volume":200,"label":" ","price":17.66},{"type":"A","date":"2018-04-25T02:52:25.000Z","volume":800,"label":" ","price":17.66},{"type":"B","date":"2018-04-25T02:52:25.000Z","volume":200,"label":" ","price":17.64},{"type":"A","date":"2018-04-25T02:52:25.000Z","volume":200,"label":" ","price":17.66},{"type":"B","date":"2018-04-25T02:52:28.000Z","volume":600,"label":" ","price":17.64},{"type":"A","date":"2018-04-25T02:52:31.000Z","volume":600,"label":"Y","price":17.66},{"type":"A","date":"2018-04-25T02:52:31.000Z","volume":800,"label":" ","price":17.66},{"type":"B","date":"2018-04-25T02:52:32.000Z","volume":200,"label":" ","price":17.64},{"type":"A","date":"2018-04-25T02:52:35.000Z","volume":200,"label":" ","price":17.66},{"type":"B","date":"2018-04-25T02:52:36.000Z","volume":200,"label":" ","price":17.64},{"type":"A","date":"2018-04-25T02:54:45.000Z","volume":400,"label":" ","price":17.66},{"type":"A","date":"2018-04-25T02:55:04.000Z","volume":800,"label":" ","price":17.66},{"type":"A","date":"2018-04-25T02:55:05.000Z","volume":200,"label":" ","price":17.66},{"type":"A","date":"2018-04-25T02:55:10.000Z","volume":200,"label":" ","price":17.66},{"type":"A","date":"2018-04-25T02:55:10.000Z","volume":400,"label":" ","price":17.66},{"type":"A","date":"2018-04-25T02:55:10.000Z","volume":400,"label":" ","price":17.66},{"type":"A","date":"2018-04-25T02:55:10.000Z","volume":200,"label":" ","price":17.66},{"type":"B","date":"2018-04-25T02:55:10.000Z","volume":200,"label":" ","price":17.64},{"type":"A","date":"2018-04-25T02:55:10.000Z","volume":1000,"label":" ","price":17.66},{"type":"B","date":"2018-04-25T02:55:10.000Z","volume":200,"label":" ","price":17.66},{"type":"A","date":"2018-04-25T02:55:19.000Z","volume":600,"label":" ","price":17.68},{"type":"A","date":"2018-04-25T02:55:40.000Z","volume":600,"label":" ","price":17.68},{"type":"A","date":"2018-04-25T02:55:40.000Z","volume":200,"label":" ","price":17.68},{"type":"A","date":"2018-04-25T02:55:47.000Z","volume":200,"label":" ","price":17.7},{"type":"A","date":"2018-04-25T02:57:19.000Z","volume":200,"label":" ","price":17.7},{"type":"A","date":"2018-04-25T02:58:25.000Z","volume":600,"label":" ","price":17.7},{"type":"A","date":"2018-04-25T02:58:25.000Z","volume":800,"label":" ","price":17.7},{"type":"B","date":"2018-04-25T02:58:25.000Z","volume":200,"label":" ","price":17.68},{"type":"A","date":"2018-04-25T02:58:26.000Z","volume":200,"label":" ","price":17.7},{"type":"A","date":"2018-04-25T02:58:52.000Z","volume":200,"label":" ","price":17.7},{"type":"B","date":"2018-04-25T02:59:05.000Z","volume":200,"label":" ","price":17.68},{"type":"A","date":"2018-04-25T03:00:24.000Z","volume":1600,"label":" ","price":17.7},{"type":"A","date":"2018-04-25T03:00:25.000Z","volume":400,"label":" ","price":17.7},{"type":"B","date":"2018-04-25T03:00:25.000Z","volume":200,"label":" ","price":17.68},{"type":"A","date":"2018-04-25T03:00:40.000Z","volume":1000,"label":" ","price":17.7},{"type":"A","date":"2018-04-25T03:00:41.000Z","volume":200,"label":" ","price":17.7},{"type":"B","date":"2018-04-25T03:01:10.000Z","volume":200,"label":" ","price":17.68},{"type":"B","date":"2018-04-25T03:01:53.000Z","volume":1400,"label":" ","price":17.68},{"type":"B","date":"2018-04-25T03:01:53.000Z","volume":400,"label":" ","price":17.68},{"type":"A","date":"2018-04-25T03:05:10.000Z","volume":1000,"label":" ","price":17.7},{"type":"A","date":"2018-04-25T03:05:10.000Z","volume":800,"label":" ","price":17.7},{"type":"A","date":"2018-04-25T03:05:11.000Z","volume":200,"label":" ","price":17.7},{"type":"A","date":"2018-04-25T03:05:13.000Z","volume":400,"label":" ","price":17.7},{"type":"A","date":"2018-04-25T03:05:53.000Z","volume":200,"label":" ","price":17.7},{"type":"A","date":"2018-04-25T03:06:13.000Z","volume":200,"label":" ","price":17.7},{"type":"A","date":"2018-04-25T03:06:14.000Z","volume":200,"label":" ","price":17.7},{"type":"A","date":"2018-04-25T03:06:33.000Z","volume":400,"label":" ","price":17.7},{"type":"B","date":"2018-04-25T03:06:40.000Z","volume":600,"label":" ","price":17.68},{"type":"B","date":"2018-04-25T03:06:48.000Z","volume":1000,"label":" ","price":17.68},{"type":"A","date":"2018-04-25T03:06:49.000Z","volume":200,"label":" ","price":17.7},{"type":"A","date":"2018-04-25T03:07:25.000Z","volume":600,"label":" ","price":17.7},{"type":"A","date":"2018-04-25T03:07:26.000Z","volume":200,"label":" ","price":17.7},{"type":"A","date":"2018-04-25T03:07:33.000Z","volume":200,"label":" ","price":17.7},{"type":"B","date":"2018-04-25T03:07:36.000Z","volume":400,"label":" ","price":17.68},{"type":"A","date":"2018-04-25T03:08:13.000Z","volume":200,"label":" ","price":17.7},{"type":"A","date":"2018-04-25T03:08:14.000Z","volume":200,"label":" ","price":17.7},{"type":"A","date":"2018-04-25T03:08:25.000Z","volume":600,"label":" ","price":17.7},{"type":"A","date":"2018-04-25T03:08:25.000Z","volume":600,"label":" ","price":17.7},{"type":"B","date":"2018-04-25T03:08:25.000Z","volume":200,"label":" ","price":17.68},{"type":"A","date":"2018-04-25T03:08:26.000Z","volume":200,"label":" ","price":17.7},{"type":"A","date":"2018-04-25T03:08:47.000Z","volume":200,"label":" ","price":17.7},{"type":"A","date":"2018-04-25T03:08:48.000Z","volume":200,"label":" ","price":17.7},{"type":"B","date":"2018-04-25T03:09:10.000Z","volume":200,"label":" ","price":17.68},{"type":"A","date":"2018-04-25T03:09:16.000Z","volume":1600,"label":" ","price":17.7},{"type":"A","date":"2018-04-25T03:09:17.000Z","volume":400,"label":" ","price":17.7},{"type":"B","date":"2018-04-25T03:09:40.000Z","volume":200,"label":" ","price":17.68},{"type":"A","date":"2018-04-25T03:10:10.000Z","volume":600,"label":" ","price":17.7},{"type":"A","date":"2018-04-25T03:10:10.000Z","volume":800,"label":" ","price":17.7},{"type":"B","date":"2018-04-25T03:10:10.000Z","volume":400,"label":" ","price":17.68},{"type":"A","date":"2018-04-25T03:10:11.000Z","volume":200,"label":" ","price":17.7},{"type":"B","date":"2018-04-25T03:10:24.000Z","volume":800,"label":" ","price":17.68},{"type":"A","date":"2018-04-25T03:10:25.000Z","volume":200,"label":" ","price":17.7},{"type":"B","date":"2018-04-25T03:10:40.000Z","volume":200,"label":" ","price":17.68},{"type":"A","date":"2018-04-25T03:11:53.000Z","volume":200,"label":" ","price":17.7},{"type":"A","date":"2018-04-25T03:11:54.000Z","volume":200,"label":" ","price":17.7},{"type":"A","date":"2018-04-25T03:12:33.000Z","volume":200,"label":" ","price":17.7},{"type":"B","date":"2018-04-25T03:12:58.000Z","volume":15000,"label":" ","price":17.68},{"type":"A","date":"2018-04-25T03:12:58.000Z","volume":200,"label":" ","price":17.68},{"type":"B","date":"2018-04-25T03:12:58.000Z","volume":800,"label":" ","price":17.66},{"type":"A","date":"2018-04-25T03:12:58.000Z","volume":1400,"label":" ","price":17.68},{"type":"B","date":"2018-04-25T03:12:58.000Z","volume":800,"label":" ","price":17.66},{"type":"B","date":"2018-04-25T03:12:58.000Z","volume":200,"label":" ","price":17.66},{"type":"B","date":"2018-04-25T03:12:58.000Z","volume":800,"label":" ","price":17.66},{"type":"A","date":"2018-04-25T03:12:58.000Z","volume":200,"label":" ","price":17.68},{"type":"B","date":"2018-04-25T03:12:58.000Z","volume":400,"label":" ","price":17.66},{"type":"B","date":"2018-04-25T03:13:15.000Z","volume":800,"label":" ","price":17.66},{"type":"B","date":"2018-04-25T03:13:15.000Z","volume":200,"label":" ","price":17.66},{"type":"A","date":"2018-04-25T03:13:16.000Z","volume":600,"label":" ","price":17.68},{"type":"A","date":"2018-04-25T03:17:55.000Z","volume":200,"label":" ","price":17.68},{"type":"A","date":"2018-04-25T03:17:55.000Z","volume":400,"label":" ","price":17.68},{"type":"A","date":"2018-04-25T03:17:55.000Z","volume":600,"label":" ","price":17.68},{"type":"B","date":"2018-04-25T03:17:55.000Z","volume":200,"label":" ","price":17.66},{"type":"B","date":"2018-04-25T03:17:59.000Z","volume":400,"label":" ","price":17.66},{"type":"B","date":"2018-04-25T03:17:59.000Z","volume":200,"label":" ","price":17.66},{"type":"A","date":"2018-04-25T03:18:01.000Z","volume":600,"label":" ","price":17.68},{"type":"A","date":"2018-04-25T03:19:40.000Z","volume":200,"label":" ","price":17.68},{"type":"A","date":"2018-04-25T03:19:40.000Z","volume":600,"label":" ","price":17.68},{"type":"B","date":"2018-04-25T03:19:40.000Z","volume":200,"label":" ","price":17.66},{"type":"A","date":"2018-04-25T03:19:41.000Z","volume":200,"label":" ","price":17.68},{"type":"A","date":"2018-04-25T03:21:10.000Z","volume":400,"label":" ","price":17.68},{"type":"A","date":"2018-04-25T03:21:10.000Z","volume":200,"label":" ","price":17.68},{"type":"A","date":"2018-04-25T03:21:10.000Z","volume":600,"label":" ","price":17.68},{"type":"A","date":"2018-04-25T03:21:11.000Z","volume":200,"label":" ","price":17.68},{"type":"A","date":"2018-04-25T03:21:11.000Z","volume":1000,"label":" ","price":17.68},{"type":"A","date":"2018-04-25T03:21:12.000Z","volume":200,"label":" ","price":17.68},{"type":"A","date":"2018-04-25T03:21:12.000Z","volume":200,"label":" ","price":17.7},{"type":"A","date":"2018-04-25T03:21:12.000Z","volume":4600,"label":" ","price":17.7},{"type":"A","date":"2018-04-25T03:21:12.000Z","volume":1000,"label":" ","price":17.7},{"type":"B","date":"2018-04-25T03:21:12.000Z","volume":1000,"label":" ","price":17.66},{"type":"A","date":"2018-04-25T03:21:13.000Z","volume":200,"label":" ","price":17.7},{"type":"A","date":"2018-04-25T03:23:25.000Z","volume":800,"label":" ","price":17.7},{"type":"A","date":"2018-04-25T03:23:26.000Z","volume":200,"label":" ","price":17.7},{"type":"B","date":"2018-04-25T03:23:40.000Z","volume":200,"label":" ","price":17.68},{"type":"A","date":"2018-04-25T03:24:40.000Z","volume":800,"label":" ","price":17.7},{"type":"A","date":"2018-04-25T03:26:55.000Z","volume":800,"label":" ","price":17.7},{"type":"A","date":"2018-04-25T03:26:55.000Z","volume":1200,"label":" ","price":17.7},{"type":"A","date":"2018-04-25T03:26:56.000Z","volume":400,"label":" ","price":17.7},{"type":"A","date":"2018-04-25T03:27:23.000Z","volume":1600,"label":" ","price":17.7},{"type":"A","date":"2018-04-25T03:27:24.000Z","volume":400,"label":" ","price":17.7},{"type":"B","date":"2018-04-25T03:28:38.000Z","volume":1000,"label":" ","price":17.68},{"type":"A","date":"2018-04-25T03:29:49.000Z","volume":200,"label":" ","price":17.7},{"type":"A","date":"2018-04-25T03:29:50.000Z","volume":200,"label":" ","price":17.7},{"type":"B","date":"2018-04-25T03:30:22.000Z","volume":6600,"label":" ","price":17.68},{"type":"A","date":"2018-04-25T03:30:22.000Z","volume":200,"label":" ","price":17.68},{"type":"B","date":"2018-04-25T03:30:22.000Z","volume":1000,"label":" ","price":17.66},{"type":"A","date":"2018-04-25T03:30:22.000Z","volume":400,"label":" ","price":17.68},{"type":"B","date":"2018-04-25T03:30:22.000Z","volume":200,"label":" ","price":17.66},{"type":"A","date":"2018-04-25T03:30:22.000Z","volume":200,"label":" ","price":17.68},{"type":"A","date":"2018-04-25T03:30:22.000Z","volume":1400,"label":" ","price":17.68},{"type":"A","date":"2018-04-25T03:30:23.000Z","volume":200,"label":" ","price":17.68},{"type":"B","date":"2018-04-25T03:31:10.000Z","volume":400,"label":" ","price":17.66},{"type":"A","date":"2018-04-25T03:31:11.000Z","volume":200,"label":" ","price":17.68},{"type":"A","date":"2018-04-25T03:31:55.000Z","volume":800,"label":" ","price":17.68},{"type":"A","date":"2018-04-25T03:31:55.000Z","volume":800,"label":" ","price":17.68},{"type":"B","date":"2018-04-25T03:31:55.000Z","volume":400,"label":" ","price":17.66},{"type":"A","date":"2018-04-25T03:31:56.000Z","volume":400,"label":" ","price":17.68},{"type":"B","date":"2018-04-25T03:32:25.000Z","volume":600,"label":" ","price":17.66},{"type":"B","date":"2018-04-25T03:32:40.000Z","volume":200,"label":" ","price":17.66},{"type":"A","date":"2018-04-25T03:33:55.000Z","volume":800,"label":" ","price":17.68},{"type":"A","date":"2018-04-25T03:33:56.000Z","volume":200,"label":" ","price":17.68},{"type":"A","date":"2018-04-25T03:34:55.000Z","volume":800,"label":" ","price":17.68},{"type":"A","date":"2018-04-25T03:34:56.000Z","volume":200,"label":" ","price":17.68},{"type":"B","date":"2018-04-25T03:35:10.000Z","volume":200,"label":" ","price":17.66},{"type":"B","date":"2018-04-25T03:35:44.000Z","volume":800,"label":" ","price":17.66},{"type":"B","date":"2018-04-25T03:35:44.000Z","volume":200,"label":" ","price":17.66},{"type":"A","date":"2018-04-25T03:35:45.000Z","volume":200,"label":" ","price":17.68},{"type":"A","date":"2018-04-25T03:36:40.000Z","volume":1000,"label":" ","price":17.68},{"type":"B","date":"2018-04-25T03:36:40.000Z","volume":200,"label":" ","price":17.66},{"type":"A","date":"2018-04-25T03:37:38.000Z","volume":400,"label":" ","price":17.68},{"type":"A","date":"2018-04-25T03:38:25.000Z","volume":1000,"label":" ","price":17.68},{"type":"A","date":"2018-04-25T03:38:26.000Z","volume":200,"label":" ","price":17.68},{"type":"A","date":"2018-04-25T03:38:29.000Z","volume":600,"label":" ","price":17.68},{"type":"B","date":"2018-04-25T03:38:40.000Z","volume":400,"label":" ","price":17.66},{"type":"A","date":"2018-04-25T03:39:34.000Z","volume":400,"label":" ","price":17.68},{"type":"B","date":"2018-04-25T03:40:00.000Z","volume":1000,"label":" ","price":17.66},{"type":"B","date":"2018-04-25T03:40:00.000Z","volume":200,"label":" ","price":17.66},{"type":"A","date":"2018-04-25T03:40:01.000Z","volume":200,"label":" ","price":17.68},{"type":"A","date":"2018-04-25T03:40:10.000Z","volume":1000,"label":" ","price":17.68},{"type":"A","date":"2018-04-25T03:40:10.000Z","volume":1200,"label":" ","price":17.68},{"type":"B","date":"2018-04-25T03:40:10.000Z","volume":200,"label":" ","price":17.66},{"type":"B","date":"2018-04-25T03:40:10.000Z","volume":200,"label":" ","price":17.66},{"type":"A","date":"2018-04-25T03:40:11.000Z","volume":400,"label":" ","price":17.68},{"type":"B","date":"2018-04-25T03:40:40.000Z","volume":200,"label":" ","price":17.66},{"type":"B","date":"2018-04-25T03:41:53.000Z","volume":800,"label":" ","price":17.66},{"type":"A","date":"2018-04-25T03:41:54.000Z","volume":200,"label":" ","price":17.68},{"type":"B","date":"2018-04-25T03:42:07.000Z","volume":200,"label":" ","price":17.66},{"type":"A","date":"2018-04-25T03:42:40.000Z","volume":800,"label":" ","price":17.68},{"type":"A","date":"2018-04-25T03:42:40.000Z","volume":800,"label":" ","price":17.68},{"type":"B","date":"2018-04-25T03:42:40.000Z","volume":200,"label":" ","price":17.66},{"type":"A","date":"2018-04-25T03:42:41.000Z","volume":400,"label":" ","price":17.68},{"type":"A","date":"2018-04-25T03:43:03.000Z","volume":400,"label":" ","price":17.68},{"type":"B","date":"2018-04-25T03:43:10.000Z","volume":200,"label":" ","price":17.66},{"type":"A","date":"2018-04-25T03:43:50.000Z","volume":200,"label":" ","price":17.68},{"type":"A","date":"2018-04-25T03:43:51.000Z","volume":200,"label":" ","price":17.68},{"type":"A","date":"2018-04-25T03:44:03.000Z","volume":400,"label":" ","price":17.68},{"type":"A","date":"2018-04-25T03:45:03.000Z","volume":400,"label":" ","price":17.68},{"type":"A","date":"2018-04-25T03:45:25.000Z","volume":800,"label":" ","price":17.68},{"type":"A","date":"2018-04-25T03:45:25.000Z","volume":800,"label":" ","price":17.68},{"type":"A","date":"2018-04-25T03:45:26.000Z","volume":400,"label":" ","price":17.68},{"type":"U","date":"2018-04-25T03:45:29.000Z","volume":600,"label":"X","price":17.68},{"type":"A","date":"2018-04-25T03:45:29.000Z","volume":400,"label":" ","price":17.68},{"type":"A","date":"2018-04-25T03:47:08.000Z","volume":1600,"label":" ","price":17.68},{"type":"A","date":"2018-04-25T03:47:10.000Z","volume":200,"label":" ","price":17.68},{"type":"A","date":"2018-04-25T03:47:10.000Z","volume":200,"label":" ","price":17.68},{"type":"A","date":"2018-04-25T03:47:10.000Z","volume":400,"label":" ","price":17.68},{"type":"A","date":"2018-04-25T03:47:10.000Z","volume":800,"label":" ","price":17.68},{"type":"A","date":"2018-04-25T03:47:10.000Z","volume":1600,"label":" ","price":17.68},{"type":"A","date":"2018-04-25T03:47:11.000Z","volume":600,"label":" ","price":17.68},{"type":"A","date":"2018-04-25T03:47:25.000Z","volume":800,"label":" ","price":17.68},{"type":"A","date":"2018-04-25T03:47:25.000Z","volume":200,"label":" ","price":17.68},{"type":"A","date":"2018-04-25T03:47:25.000Z","volume":400,"label":" ","price":17.68},{"type":"A","date":"2018-04-25T03:47:25.000Z","volume":400,"label":" ","price":17.68},{"type":"A","date":"2018-04-25T03:47:26.000Z","volume":400,"label":" ","price":17.68},{"type":"A","date":"2018-04-25T03:47:26.000Z","volume":1000,"label":" ","price":17.68},{"type":"A","date":"2018-04-25T03:47:26.000Z","volume":400,"label":" ","price":17.68},{"type":"A","date":"2018-04-25T03:47:27.000Z","volume":200,"label":" ","price":17.68},{"type":"A","date":"2018-04-25T03:47:27.000Z","volume":600,"label":" ","price":17.68},{"type":"A","date":"2018-04-25T03:47:40.000Z","volume":600,"label":" ","price":17.68},{"type":"A","date":"2018-04-25T03:47:40.000Z","volume":200,"label":" ","price":17.68},{"type":"A","date":"2018-04-25T03:47:40.000Z","volume":200,"label":" ","price":17.68},{"type":"A","date":"2018-04-25T03:47:41.000Z","volume":200,"label":" ","price":17.7},{"type":"B","date":"2018-04-25T03:50:10.000Z","volume":200,"label":" ","price":17.68},{"type":"A","date":"2018-04-25T03:50:11.000Z","volume":200,"label":" ","price":17.7},{"type":"A","date":"2018-04-25T03:50:25.000Z","volume":400,"label":" ","price":17.7},{"type":"A","date":"2018-04-25T03:50:50.000Z","volume":200,"label":" ","price":17.7},{"type":"B","date":"2018-04-25T03:51:10.000Z","volume":200,"label":" ","price":17.68},{"type":"A","date":"2018-04-25T03:54:25.000Z","volume":600,"label":" ","price":17.7},{"type":"A","date":"2018-04-25T03:54:25.000Z","volume":800,"label":" ","price":17.7},{"type":"A","date":"2018-04-25T03:54:26.000Z","volume":200,"label":" ","price":17.7},{"type":"B","date":"2018-04-25T03:54:40.000Z","volume":200,"label":" ","price":17.68},{"type":"A","date":"2018-04-25T03:54:41.000Z","volume":200,"label":" ","price":17.7},{"type":"A","date":"2018-04-25T03:55:03.000Z","volume":200,"label":" ","price":17.7},{"type":"A","date":"2018-04-25T03:55:17.000Z","volume":200,"label":" ","price":17.7},{"type":"A","date":"2018-04-25T03:55:17.000Z","volume":200,"label":" ","price":17.7},{"type":"B","date":"2018-04-25T03:55:17.000Z","volume":200,"label":" ","price":17.68},{"type":"A","date":"2018-04-25T03:55:43.000Z","volume":200,"label":" ","price":17.7},{"type":"A","date":"2018-04-25T03:55:44.000Z","volume":200,"label":" ","price":17.7},{"type":"A","date":"2018-04-25T03:55:55.000Z","volume":800,"label":" ","price":17.7},{"type":"A","date":"2018-04-25T03:55:55.000Z","volume":1000,"label":" ","price":17.7},{"type":"B","date":"2018-04-25T03:55:55.000Z","volume":400,"label":" ","price":17.68},{"type":"A","date":"2018-04-25T03:55:56.000Z","volume":200,"label":" ","price":17.7},{"type":"A","date":"2018-04-25T03:56:03.000Z","volume":200,"label":" ","price":17.7},{"type":"A","date":"2018-04-25T03:56:04.000Z","volume":200,"label":" ","price":17.7},{"type":"U","date":"2018-04-25T03:56:51.000Z","volume":400,"label":"X","price":17.7},{"type":"A","date":"2018-04-25T03:57:23.000Z","volume":200,"label":" ","price":17.7},{"type":"A","date":"2018-04-25T03:57:40.000Z","volume":400,"label":" ","price":17.7},{"type":"B","date":"2018-04-25T03:57:40.000Z","volume":200,"label":" ","price":17.68},{"type":"A","date":"2018-04-25T03:58:10.000Z","volume":200,"label":" ","price":17.7},{"type":"A","date":"2018-04-25T03:58:10.000Z","volume":800,"label":" ","price":17.7},{"type":"B","date":"2018-04-25T03:58:10.000Z","volume":200,"label":" ","price":17.68},{"type":"A","date":"2018-04-25T03:58:11.000Z","volume":200,"label":" ","price":17.7},{"type":"A","date":"2018-04-25T03:58:23.000Z","volume":200,"label":" ","price":17.7},{"type":"A","date":"2018-04-25T03:58:24.000Z","volume":200,"label":" ","price":17.7},{"type":"A","date":"2018-04-25T03:58:43.000Z","volume":200,"label":" ","price":17.7},{"type":"A","date":"2018-04-25T03:58:53.000Z","volume":200,"label":" ","price":17.7},{"type":"A","date":"2018-04-25T03:59:03.000Z","volume":200,"label":" ","price":17.7},{"type":"B","date":"2018-04-25T03:59:09.000Z","volume":200,"label":" ","price":17.68},{"type":"A","date":"2018-04-25T03:59:17.000Z","volume":200,"label":" ","price":17.7},{"type":"U","date":"2018-04-25T03:59:22.000Z","volume":400,"label":"X","price":17.7},{"type":"A","date":"2018-04-25T03:59:32.000Z","volume":200,"label":" ","price":17.7},{"type":"A","date":"2018-04-25T03:59:32.000Z","volume":200,"label":" ","price":17.7},{"type":"A","date":"2018-04-25T03:59:33.000Z","volume":200,"label":" ","price":17.7},{"type":"A","date":"2018-04-25T03:59:40.000Z","volume":200,"label":" ","price":17.7},{"type":"A","date":"2018-04-25T03:59:52.000Z","volume":200,"label":" ","price":17.7},{"type":"B","date":"2018-04-25T05:00:00.000Z","volume":200,"label":" ","price":17.68},{"type":"B","date":"2018-04-25T05:00:00.000Z","volume":200,"label":" ","price":17.68},{"type":"B","date":"2018-04-25T05:00:01.000Z","volume":400,"label":" ","price":17.68},{"type":"A","date":"2018-04-25T05:00:02.000Z","volume":600,"label":" ","price":17.7},{"type":"A","date":"2018-04-25T05:00:02.000Z","volume":1200,"label":" ","price":17.7},{"type":"A","date":"2018-04-25T05:00:02.000Z","volume":200,"label":" ","price":17.7},{"type":"B","date":"2018-04-25T05:00:02.000Z","volume":400,"label":" ","price":17.68},{"type":"A","date":"2018-04-25T05:00:02.000Z","volume":200,"label":" ","price":17.7},{"type":"A","date":"2018-04-25T05:00:02.000Z","volume":200,"label":" ","price":17.7},{"type":"A","date":"2018-04-25T05:00:03.000Z","volume":200,"label":" ","price":17.7},{"type":"A","date":"2018-04-25T05:00:03.000Z","volume":800,"label":" ","price":17.7},{"type":"B","date":"2018-04-25T05:00:03.000Z","volume":200,"label":" ","price":17.68},{"type":"A","date":"2018-04-25T05:00:09.000Z","volume":1600,"label":" ","price":17.7},{"type":"A","date":"2018-04-25T05:00:12.000Z","volume":200,"label":" ","price":17.7},{"type":"B","date":"2018-04-25T05:00:12.000Z","volume":400,"label":" ","price":17.68},{"type":"B","date":"2018-04-25T05:01:27.000Z","volume":400,"label":" ","price":17.68},{"type":"U","date":"2018-04-25T05:01:52.000Z","volume":400,"label":"X","price":17.7},{"type":"U","date":"2018-04-25T05:02:01.000Z","volume":200,"label":"X","price":17.695},{"type":"A","date":"2018-04-25T05:02:02.000Z","volume":2400,"label":" ","price":17.7},{"type":"A","date":"2018-04-25T05:02:02.000Z","volume":400,"label":" ","price":17.7},{"type":"A","date":"2018-04-25T05:02:22.000Z","volume":200,"label":" ","price":17.7},{"type":"B","date":"2018-04-25T05:02:47.000Z","volume":600,"label":" ","price":17.68},{"type":"A","date":"2018-04-25T05:04:12.000Z","volume":200,"label":" ","price":17.7},{"type":"A","date":"2018-04-25T05:04:13.000Z","volume":200,"label":" ","price":17.7},{"type":"A","date":"2018-04-25T05:04:13.000Z","volume":3000,"label":" ","price":17.7},{"type":"A","date":"2018-04-25T05:04:14.000Z","volume":400,"label":" ","price":17.7},{"type":"B","date":"2018-04-25T05:04:23.000Z","volume":600,"label":" ","price":17.68},{"type":"A","date":"2018-04-25T05:04:24.000Z","volume":200,"label":" ","price":17.7},{"type":"A","date":"2018-04-25T05:04:32.000Z","volume":200,"label":" ","price":17.7},{"type":"A","date":"2018-04-25T05:04:51.000Z","volume":200,"label":" ","price":17.7},{"type":"A","date":"2018-04-25T05:04:57.000Z","volume":200,"label":" ","price":17.7},{"type":"B","date":"2018-04-25T05:05:02.000Z","volume":200,"label":" ","price":17.68},{"type":"A","date":"2018-04-25T05:05:03.000Z","volume":200,"label":" ","price":17.7},{"type":"B","date":"2018-04-25T05:05:42.000Z","volume":600,"label":" ","price":17.68},{"type":"B","date":"2018-04-25T05:05:42.000Z","volume":200,"label":" ","price":17.68},{"type":"U","date":"2018-04-25T05:08:23.000Z","volume":400,"label":"X","price":17.7},{"type":"A","date":"2018-04-25T05:08:32.000Z","volume":600,"label":" ","price":17.7},{"type":"A","date":"2018-04-25T05:08:32.000Z","volume":1600,"label":" ","price":17.7},{"type":"B","date":"2018-04-25T05:08:32.000Z","volume":200,"label":" ","price":17.68},{"type":"B","date":"2018-04-25T05:08:33.000Z","volume":200,"label":" ","price":17.68},{"type":"B","date":"2018-04-25T05:08:33.000Z","volume":200,"label":" ","price":17.68},{"type":"A","date":"2018-04-25T05:08:33.000Z","volume":600,"label":" ","price":17.7},{"type":"U","date":"2018-04-25T05:10:23.000Z","volume":400,"label":"X","price":17.7},{"type":"A","date":"2018-04-25T05:10:49.000Z","volume":1600,"label":" ","price":17.7},{"type":"A","date":"2018-04-25T05:10:50.000Z","volume":200,"label":" ","price":17.7},{"type":"B","date":"2018-04-25T05:11:10.000Z","volume":400,"label":" ","price":17.68},{"type":"A","date":"2018-04-25T05:11:51.000Z","volume":200,"label":" ","price":17.7},{"type":"A","date":"2018-04-25T05:11:52.000Z","volume":200,"label":" ","price":17.7},{"type":"B","date":"2018-04-25T05:12:20.000Z","volume":400,"label":" ","price":17.68},{"type":"A","date":"2018-04-25T05:12:47.000Z","volume":600,"label":" ","price":17.7},{"type":"A","date":"2018-04-25T05:12:47.000Z","volume":600,"label":" ","price":17.7},{"type":"B","date":"2018-04-25T05:12:47.000Z","volume":400,"label":" ","price":17.68},{"type":"A","date":"2018-04-25T05:12:48.000Z","volume":200,"label":" ","price":17.7},{"type":"B","date":"2018-04-25T05:12:53.000Z","volume":15400,"label":" ","price":17.68},{"type":"A","date":"2018-04-25T05:12:53.000Z","volume":400,"label":" ","price":17.68},{"type":"B","date":"2018-04-25T05:12:53.000Z","volume":1800,"label":" ","price":17.66},{"type":"A","date":"2018-04-25T05:12:53.000Z","volume":200,"label":" ","price":17.68},{"type":"A","date":"2018-04-25T05:12:53.000Z","volume":200,"label":" ","price":17.68},{"type":"A","date":"2018-04-25T05:12:53.000Z","volume":200,"label":" ","price":17.68},{"type":"A","date":"2018-04-25T05:12:53.000Z","volume":400,"label":" ","price":17.68},{"type":"B","date":"2018-04-25T05:12:53.000Z","volume":200,"label":" ","price":17.66},{"type":"B","date":"2018-04-25T05:12:53.000Z","volume":400,"label":" ","price":17.66},{"type":"B","date":"2018-04-25T05:12:53.000Z","volume":200,"label":" ","price":17.66},{"type":"B","date":"2018-04-25T05:12:53.000Z","volume":1000,"label":" ","price":17.66},{"type":"A","date":"2018-04-25T05:12:54.000Z","volume":1000,"label":" ","price":17.68},{"type":"B","date":"2018-04-25T05:12:54.000Z","volume":200,"label":" ","price":17.66},{"type":"A","date":"2018-04-25T05:12:55.000Z","volume":200,"label":" ","price":17.68},{"type":"B","date":"2018-04-25T05:14:42.000Z","volume":1000,"label":" ","price":17.66},{"type":"A","date":"2018-04-25T05:14:43.000Z","volume":200,"label":" ","price":17.68},{"type":"B","date":"2018-04-25T05:16:10.000Z","volume":200,"label":" ","price":17.66},{"type":"A","date":"2018-04-25T05:17:57.000Z","volume":600,"label":" ","price":17.68},{"type":"B","date":"2018-04-25T05:18:01.000Z","volume":200,"label":" ","price":17.66},{"type":"A","date":"2018-04-25T05:18:47.000Z","volume":800,"label":" ","price":17.68},{"type":"A","date":"2018-04-25T05:18:48.000Z","volume":200,"label":" ","price":17.68},{"type":"B","date":"2018-04-25T05:18:53.000Z","volume":200,"label":" ","price":17.66},{"type":"A","date":"2018-04-25T05:20:02.000Z","volume":600,"label":" ","price":17.68},{"type":"A","date":"2018-04-25T05:20:02.000Z","volume":600,"label":" ","price":17.68},{"type":"B","date":"2018-04-25T05:20:02.000Z","volume":200,"label":" ","price":17.66},{"type":"A","date":"2018-04-25T05:20:03.000Z","volume":400,"label":" ","price":17.68},{"type":"B","date":"2018-04-25T05:21:20.000Z","volume":800,"label":" ","price":17.66},{"type":"B","date":"2018-04-25T05:21:20.000Z","volume":200,"label":" ","price":17.66},{"type":"A","date":"2018-04-25T05:21:42.000Z","volume":800,"label":" ","price":17.68},{"type":"A","date":"2018-04-25T05:21:43.000Z","volume":200,"label":" ","price":17.68},{"type":"B","date":"2018-04-25T05:22:10.000Z","volume":200,"label":" ","price":17.66},{"type":"A","date":"2018-04-25T05:24:01.000Z","volume":200,"label":" ","price":17.68},{"type":"A","date":"2018-04-25T05:24:02.000Z","volume":600,"label":" ","price":17.68},{"type":"A","date":"2018-04-25T05:24:02.000Z","volume":800,"label":" ","price":17.68},{"type":"A","date":"2018-04-25T05:24:02.000Z","volume":400,"label":" ","price":17.68},{"type":"B","date":"2018-04-25T05:24:10.000Z","volume":200,"label":" ","price":17.66},{"type":"A","date":"2018-04-25T05:24:44.000Z","volume":200,"label":" ","price":17.68},{"type":"B","date":"2018-04-25T05:25:10.000Z","volume":200,"label":" ","price":17.66},{"type":"A","date":"2018-04-25T05:25:52.000Z","volume":200,"label":" ","price":17.68},{"type":"A","date":"2018-04-25T05:26:17.000Z","volume":800,"label":" ","price":17.68},{"type":"A","date":"2018-04-25T05:26:17.000Z","volume":800,"label":" ","price":17.68},{"type":"B","date":"2018-04-25T05:26:23.000Z","volume":200,"label":" ","price":17.66},{"type":"B","date":"2018-04-25T05:27:29.000Z","volume":200,"label":" ","price":17.66},{"type":"A","date":"2018-04-25T05:27:29.000Z","volume":200,"label":" ","price":17.68},{"type":"A","date":"2018-04-25T05:27:47.000Z","volume":800,"label":" ","price":17.68},{"type":"A","date":"2018-04-25T05:27:47.000Z","volume":600,"label":" ","price":17.68},{"type":"B","date":"2018-04-25T05:27:47.000Z","volume":400,"label":" ","price":17.66},{"type":"A","date":"2018-04-25T05:27:48.000Z","volume":400,"label":" ","price":17.68},{"type":"A","date":"2018-04-25T05:28:13.000Z","volume":200,"label":" ","price":17.68},{"type":"U","date":"2018-04-25T05:28:14.000Z","volume":400,"label":"X","price":17.677},{"type":"A","date":"2018-04-25T05:28:57.000Z","volume":200,"label":" ","price":17.68},{"type":"A","date":"2018-04-25T05:29:06.000Z","volume":200,"label":" ","price":17.68},{"type":"B","date":"2018-04-25T05:29:10.000Z","volume":200,"label":" ","price":17.66},{"type":"A","date":"2018-04-25T05:29:17.000Z","volume":800,"label":" ","price":17.68},{"type":"A","date":"2018-04-25T05:29:18.000Z","volume":200,"label":" ","price":17.68},{"type":"U","date":"2018-04-25T05:29:23.000Z","volume":400,"label":"X","price":17.68},{"type":"A","date":"2018-04-25T05:29:50.000Z","volume":200,"label":" ","price":17.68},{"type":"A","date":"2018-04-25T05:30:30.000Z","volume":200,"label":" ","price":17.68},{"type":"A","date":"2018-04-25T05:31:02.000Z","volume":1200,"label":" ","price":17.68},{"type":"B","date":"2018-04-25T05:31:02.000Z","volume":200,"label":" ","price":17.66},{"type":"A","date":"2018-04-25T05:31:03.000Z","volume":400,"label":" ","price":17.68},{"type":"A","date":"2018-04-25T05:31:06.000Z","volume":200,"label":" ","price":17.68},{"type":"A","date":"2018-04-25T05:31:22.000Z","volume":200,"label":" ","price":17.68},{"type":"A","date":"2018-04-25T05:31:58.000Z","volume":200,"label":" ","price":17.68},{"type":"U","date":"2018-04-25T05:32:03.000Z","volume":200,"label":"X","price":17.678},{"type":"A","date":"2018-04-25T05:32:05.000Z","volume":1600,"label":" ","price":17.68},{"type":"A","date":"2018-04-25T05:32:06.000Z","volume":400,"label":" ","price":17.68},{"type":"A","date":"2018-04-25T05:32:09.000Z","volume":200,"label":" ","price":17.68},{"type":"B","date":"2018-04-25T05:32:09.000Z","volume":400,"label":" ","price":17.66},{"type":"B","date":"2018-04-25T05:32:09.000Z","volume":200,"label":" ","price":17.66},{"type":"A","date":"2018-04-25T05:32:09.000Z","volume":400,"label":" ","price":17.68},{"type":"A","date":"2018-04-25T05:32:09.000Z","volume":200,"label":" ","price":17.68},{"type":"A","date":"2018-04-25T05:32:10.000Z","volume":200,"label":" ","price":17.68},{"type":"U","date":"2018-04-25T05:32:23.000Z","volume":400,"label":"X","price":17.7},{"type":"A","date":"2018-04-25T05:32:52.000Z","volume":200,"label":" ","price":17.7},{"type":"A","date":"2018-04-25T05:33:47.000Z","volume":1000,"label":" ","price":17.7},{"type":"A","date":"2018-04-25T05:33:47.000Z","volume":800,"label":" ","price":17.7},{"type":"A","date":"2018-04-25T05:33:48.000Z","volume":400,"label":" ","price":17.7},{"type":"B","date":"2018-04-25T05:34:10.000Z","volume":400,"label":" ","price":17.68},{"type":"U","date":"2018-04-25T05:34:40.000Z","volume":200,"label":"X","price":17.697},{"type":"U","date":"2018-04-25T05:35:54.000Z","volume":400,"label":"X","price":17.7},{"type":"B","date":"2018-04-25T05:36:45.000Z","volume":15200,"label":" ","price":17.68},{"type":"A","date":"2018-04-25T05:36:45.000Z","volume":200,"label":" ","price":17.68},{"type":"A","date":"2018-04-25T05:36:45.000Z","volume":200,"label":" ","price":17.68},{"type":"A","date":"2018-04-25T05:36:45.000Z","volume":200,"label":" ","price":17.68},{"type":"A","date":"2018-04-25T05:36:45.000Z","volume":200,"label":" ","price":17.68},{"type":"A","date":"2018-04-25T05:36:45.000Z","volume":200,"label":" ","price":17.68},{"type":"A","date":"2018-04-25T05:36:45.000Z","volume":400,"label":" ","price":17.68},{"type":"B","date":"2018-04-25T05:36:48.000Z","volume":200,"label":" ","price":17.66},{"type":"A","date":"2018-04-25T05:36:49.000Z","volume":200,"label":" ","price":17.68},{"type":"B","date":"2018-04-25T05:37:40.000Z","volume":3000,"label":" ","price":17.66},{"type":"A","date":"2018-04-25T05:38:47.000Z","volume":800,"label":" ","price":17.68},{"type":"A","date":"2018-04-25T05:38:47.000Z","volume":1000,"label":" ","price":17.68},{"type":"B","date":"2018-04-25T05:38:47.000Z","volume":400,"label":" ","price":17.66},{"type":"A","date":"2018-04-25T05:38:48.000Z","volume":400,"label":" ","price":17.68},{"type":"A","date":"2018-04-25T05:41:02.000Z","volume":800,"label":" ","price":17.68},{"type":"A","date":"2018-04-25T05:41:03.000Z","volume":200,"label":" ","price":17.68},{"type":"B","date":"2018-04-25T05:41:10.000Z","volume":200,"label":" ","price":17.66},{"type":"A","date":"2018-04-25T05:42:17.000Z","volume":600,"label":" ","price":17.68},{"type":"A","date":"2018-04-25T05:42:17.000Z","volume":800,"label":" ","price":17.68},{"type":"B","date":"2018-04-25T05:42:17.000Z","volume":200,"label":" ","price":17.66},{"type":"A","date":"2018-04-25T05:42:18.000Z","volume":200,"label":" ","price":17.68},{"type":"B","date":"2018-04-25T05:42:19.000Z","volume":200,"label":" ","price":17.66},{"type":"B","date":"2018-04-25T05:42:21.000Z","volume":3000,"label":" ","price":17.66},{"type":"A","date":"2018-04-25T05:42:21.000Z","volume":200,"label":" ","price":17.68},{"type":"B","date":"2018-04-25T05:42:21.000Z","volume":400,"label":" ","price":17.66},{"type":"A","date":"2018-04-25T05:42:21.000Z","volume":200,"label":" ","price":17.68},{"type":"B","date":"2018-04-25T05:42:21.000Z","volume":200,"label":" ","price":17.66},{"type":"A","date":"2018-04-25T05:44:31.000Z","volume":1600,"label":" ","price":17.68},{"type":"A","date":"2018-04-25T05:44:32.000Z","volume":200,"label":" ","price":17.68},{"type":"B","date":"2018-04-25T05:44:32.000Z","volume":200,"label":" ","price":17.66},{"type":"A","date":"2018-04-25T05:45:02.000Z","volume":800,"label":" ","price":17.68},{"type":"A","date":"2018-04-25T05:45:02.000Z","volume":800,"label":" ","price":17.68},{"type":"B","date":"2018-04-25T05:45:02.000Z","volume":400,"label":" ","price":17.66},{"type":"A","date":"2018-04-25T05:45:03.000Z","volume":200,"label":" ","price":17.68},{"type":"A","date":"2018-04-25T05:46:53.000Z","volume":200,"label":" ","price":17.68},{"type":"A","date":"2018-04-25T05:46:54.000Z","volume":200,"label":" ","price":17.68},{"type":"A","date":"2018-04-25T05:47:47.000Z","volume":800,"label":" ","price":17.68},{"type":"A","date":"2018-04-25T05:47:47.000Z","volume":800,"label":" ","price":17.68},{"type":"B","date":"2018-04-25T05:47:47.000Z","volume":400,"label":" ","price":17.66},{"type":"A","date":"2018-04-25T05:47:48.000Z","volume":200,"label":" ","price":17.68},{"type":"A","date":"2018-04-25T05:47:53.000Z","volume":1600,"label":" ","price":17.68},{"type":"A","date":"2018-04-25T05:47:54.000Z","volume":400,"label":" ","price":17.68},{"type":"B","date":"2018-04-25T05:48:36.000Z","volume":200,"label":" ","price":17.66},{"type":"U","date":"2018-04-25T05:50:14.000Z","volume":400,"label":"X","price":17.673},{"type":"A","date":"2018-04-25T05:50:17.000Z","volume":800,"label":" ","price":17.68},{"type":"A","date":"2018-04-25T05:50:18.000Z","volume":200,"label":" ","price":17.68},{"type":"A","date":"2018-04-25T05:51:23.000Z","volume":200,"label":" ","price":17.68},{"type":"A","date":"2018-04-25T05:51:47.000Z","volume":800,"label":" ","price":17.68},{"type":"A","date":"2018-04-25T05:51:47.000Z","volume":800,"label":" ","price":17.68},{"type":"B","date":"2018-04-25T05:51:47.000Z","volume":200,"label":" ","price":17.66},{"type":"A","date":"2018-04-25T05:51:48.000Z","volume":200,"label":" ","price":17.68},{"type":"B","date":"2018-04-25T05:51:55.000Z","volume":600,"label":" ","price":17.66},{"type":"A","date":"2018-04-25T05:51:55.000Z","volume":200,"label":" ","price":17.68},{"type":"A","date":"2018-04-25T05:51:56.000Z","volume":200,"label":" ","price":17.68},{"type":"B","date":"2018-04-25T05:52:08.000Z","volume":200,"label":" ","price":17.66},{"type":"U","date":"2018-04-25T05:52:14.000Z","volume":200,"label":"X","price":17.675},{"type":"U","date":"2018-04-25T05:52:14.000Z","volume":600,"label":"X","price":17.68},{"type":"A","date":"2018-04-25T05:52:14.000Z","volume":200,"label":" ","price":17.68},{"type":"A","date":"2018-04-25T05:52:30.000Z","volume":2000,"label":" ","price":17.68},{"type":"A","date":"2018-04-25T05:52:31.000Z","volume":200,"label":" ","price":17.7},{"type":"B","date":"2018-04-25T05:52:31.000Z","volume":200,"label":" ","price":17.68},{"type":"A","date":"2018-04-25T05:53:53.000Z","volume":200,"label":" ","price":17.7},{"type":"U","date":"2018-04-25T05:54:11.000Z","volume":2200,"label":"X","price":17.69},{"type":"U","date":"2018-04-25T05:54:11.000Z","volume":2800,"label":"X","price":17.69},{"type":"U","date":"2018-04-25T05:54:14.000Z","volume":200,"label":"X","price":17.683},{"type":"A","date":"2018-04-25T05:54:32.000Z","volume":800,"label":" ","price":17.7},{"type":"A","date":"2018-04-25T05:54:32.000Z","volume":800,"label":" ","price":17.7},{"type":"A","date":"2018-04-25T05:54:32.000Z","volume":1000,"label":" ","price":17.7},{"type":"A","date":"2018-04-25T05:54:33.000Z","volume":600,"label":" ","price":17.7},{"type":"B","date":"2018-04-25T05:56:40.000Z","volume":600,"label":" ","price":17.68},{"type":"A","date":"2018-04-25T05:56:58.000Z","volume":1600,"label":" ","price":17.7},{"type":"A","date":"2018-04-25T05:56:59.000Z","volume":400,"label":" ","price":17.7},{"type":"B","date":"2018-04-25T05:57:01.000Z","volume":200,"label":" ","price":17.68},{"type":"A","date":"2018-04-25T05:57:27.000Z","volume":800,"label":" ","price":17.7},{"type":"A","date":"2018-04-25T05:57:28.000Z","volume":200,"label":" ","price":17.7},{"type":"B","date":"2018-04-25T05:57:40.000Z","volume":200,"label":" ","price":17.68},{"type":"A","date":"2018-04-25T05:59:02.000Z","volume":800,"label":" ","price":17.7},{"type":"A","date":"2018-04-25T05:59:02.000Z","volume":800,"label":" ","price":17.7},{"type":"B","date":"2018-04-25T05:59:02.000Z","volume":400,"label":" ","price":17.68},{"type":"A","date":"2018-04-25T05:59:03.000Z","volume":400,"label":" ","price":17.7},{"type":"A","date":"2018-04-25T06:00:54.000Z","volume":200,"label":" ","price":17.7},{"type":"U","date":"2018-04-25T06:01:54.000Z","volume":800,"label":"X","price":17.69},{"type":"A","date":"2018-04-25T06:02:02.000Z","volume":800,"label":" ","price":17.7},{"type":"A","date":"2018-04-25T06:02:02.000Z","volume":800,"label":" ","price":17.7},{"type":"B","date":"2018-04-25T06:02:02.000Z","volume":200,"label":" ","price":17.68},{"type":"B","date":"2018-04-25T06:02:02.000Z","volume":200,"label":" ","price":17.68},{"type":"A","date":"2018-04-25T06:02:03.000Z","volume":200,"label":" ","price":17.7},{"type":"B","date":"2018-04-25T06:03:16.000Z","volume":14600,"label":" ","price":17.68},{"type":"A","date":"2018-04-25T06:03:16.000Z","volume":200,"label":" ","price":17.68},{"type":"B","date":"2018-04-25T06:03:16.000Z","volume":1800,"label":" ","price":17.66},{"type":"B","date":"2018-04-25T06:03:16.000Z","volume":1200,"label":" ","price":17.66},{"type":"U","date":"2018-04-25T06:03:17.000Z","volume":200,"label":" ","price":17.66},{"type":"B","date":"2018-04-25T06:03:17.000Z","volume":200,"label":" ","price":17.64},{"type":"B","date":"2018-04-25T06:03:17.000Z","volume":200,"label":" ","price":17.64},{"type":"A","date":"2018-04-25T06:03:17.000Z","volume":800,"label":" ","price":17.66},{"type":"A","date":"2018-04-25T06:03:17.000Z","volume":200,"label":" ","price":17.66},{"type":"B","date":"2018-04-25T06:03:18.000Z","volume":200,"label":" ","price":17.58},{"type":"B","date":"2018-04-25T06:03:38.000Z","volume":200,"label":"Y","price":17.6},{"type":"U","date":"2018-04-25T06:03:58.000Z","volume":200,"label":"X","price":17.673},{"type":"A","date":"2018-04-25T06:06:50.000Z","volume":200,"label":" ","price":17.62},{"type":"A","date":"2018-04-25T06:07:18.000Z","volume":2000,"label":" ","price":17.6},{"type":"A","date":"2018-04-25T06:07:18.000Z","volume":200,"label":" ","price":17.62},{"type":"B","date":"2018-04-25T06:07:18.000Z","volume":200,"label":" ","price":17.6},{"type":"A","date":"2018-04-25T06:07:19.000Z","volume":400,"label":" ","price":17.62},{"type":"A","date":"2018-04-25T06:07:19.000Z","volume":200,"label":" ","price":17.62},{"type":"A","date":"2018-04-25T06:07:19.000Z","volume":200,"label":" ","price":17.62},{"type":"A","date":"2018-04-25T06:10:27.000Z","volume":1000,"label":" ","price":17.66},{"type":"A","date":"2018-04-25T06:10:28.000Z","volume":200,"label":" ","price":17.66},{"type":"A","date":"2018-04-25T06:10:32.000Z","volume":600,"label":" ","price":17.66},{"type":"A","date":"2018-04-25T06:10:32.000Z","volume":200,"label":" ","price":17.66},{"type":"B","date":"2018-04-25T06:10:32.000Z","volume":200,"label":" ","price":17.64},{"type":"A","date":"2018-04-25T06:10:32.000Z","volume":200,"label":" ","price":17.66},{"type":"A","date":"2018-04-25T06:10:32.000Z","volume":200,"label":" ","price":17.66},{"type":"A","date":"2018-04-25T06:10:32.000Z","volume":200,"label":" ","price":17.68},{"type":"U","date":"2018-04-25T06:10:55.000Z","volume":200,"label":"X","price":17.68},{"type":"A","date":"2018-04-25T06:11:35.000Z","volume":200,"label":" ","price":17.68},{"type":"A","date":"2018-04-25T06:13:02.000Z","volume":1000,"label":" ","price":17.68},{"type":"A","date":"2018-04-25T06:13:03.000Z","volume":200,"label":" ","price":17.68},{"type":"A","date":"2018-04-25T06:13:05.000Z","volume":200,"label":" ","price":17.68},{"type":"B","date":"2018-04-25T06:13:10.000Z","volume":200,"label":" ","price":17.66},{"type":"A","date":"2018-04-25T06:13:17.000Z","volume":200,"label":" ","price":17.68},{"type":"A","date":"2018-04-25T06:14:54.000Z","volume":200,"label":" ","price":17.68},{"type":"A","date":"2018-04-25T06:14:55.000Z","volume":200,"label":" ","price":17.68},{"type":"A","date":"2018-04-25T06:15:02.000Z","volume":1000,"label":" ","price":17.68},{"type":"A","date":"2018-04-25T06:15:02.000Z","volume":1000,"label":" ","price":17.68},{"type":"B","date":"2018-04-25T06:15:02.000Z","volume":400,"label":" ","price":17.66},{"type":"A","date":"2018-04-25T06:15:03.000Z","volume":200,"label":" ","price":17.68},{"type":"A","date":"2018-04-25T06:15:03.000Z","volume":400,"label":" ","price":17.68},{"type":"A","date":"2018-04-25T06:15:04.000Z","volume":400,"label":" ","price":17.68},{"type":"A","date":"2018-04-25T06:15:04.000Z","volume":200,"label":" ","price":17.68},{"type":"B","date":"2018-04-25T06:15:04.000Z","volume":200,"label":" ","price":17.66},{"type":"A","date":"2018-04-25T06:15:05.000Z","volume":200,"label":" ","price":17.68},{"type":"A","date":"2018-04-25T06:16:41.000Z","volume":1600,"label":" ","price":17.68},{"type":"A","date":"2018-04-25T06:16:42.000Z","volume":200,"label":" ","price":17.68},{"type":"A","date":"2018-04-25T06:16:42.000Z","volume":200,"label":" ","price":17.68},{"type":"B","date":"2018-04-25T06:16:43.000Z","volume":400,"label":" ","price":17.66},{"type":"A","date":"2018-04-25T06:16:43.000Z","volume":200,"label":" ","price":17.68},{"type":"A","date":"2018-04-25T06:16:45.000Z","volume":1800,"label":" ","price":17.68},{"type":"A","date":"2018-04-25T06:16:46.000Z","volume":200,"label":" ","price":17.68},{"type":"A","date":"2018-04-25T06:16:46.000Z","volume":200,"label":" ","price":17.68},{"type":"A","date":"2018-04-25T06:18:02.000Z","volume":600,"label":" ","price":17.68},{"type":"A","date":"2018-04-25T06:18:02.000Z","volume":400,"label":" ","price":17.68},{"type":"A","date":"2018-04-25T06:18:02.000Z","volume":800,"label":" ","price":17.68},{"type":"A","date":"2018-04-25T06:18:03.000Z","volume":200,"label":" ","price":17.68},{"type":"A","date":"2018-04-25T06:18:03.000Z","volume":400,"label":" ","price":17.68},{"type":"A","date":"2018-04-25T06:20:05.000Z","volume":200,"label":" ","price":17.68},{"type":"B","date":"2018-04-25T06:20:40.000Z","volume":800,"label":" ","price":17.66},{"type":"A","date":"2018-04-25T06:20:40.000Z","volume":1600,"label":" ","price":17.68},{"type":"A","date":"2018-04-25T06:20:41.000Z","volume":400,"label":" ","price":17.68},{"type":"A","date":"2018-04-25T06:20:41.000Z","volume":200,"label":" ","price":17.68},{"type":"A","date":"2018-04-25T06:20:42.000Z","volume":200,"label":" ","price":17.68},{"type":"A","date":"2018-04-25T06:20:47.000Z","volume":800,"label":" ","price":17.68},{"type":"A","date":"2018-04-25T06:20:47.000Z","volume":200,"label":" ","price":17.68},{"type":"B","date":"2018-04-25T06:20:47.000Z","volume":200,"label":" ","price":17.68},{"type":"A","date":"2018-04-25T06:20:48.000Z","volume":200,"label":" ","price":17.7},{"type":"A","date":"2018-04-25T06:22:17.000Z","volume":800,"label":" ","price":17.7},{"type":"A","date":"2018-04-25T06:22:17.000Z","volume":800,"label":" ","price":17.7},{"type":"B","date":"2018-04-25T06:22:17.000Z","volume":400,"label":" ","price":17.68},{"type":"A","date":"2018-04-25T06:22:18.000Z","volume":200,"label":" ","price":17.7},{"type":"A","date":"2018-04-25T06:22:18.000Z","volume":200,"label":" ","price":17.7},{"type":"A","date":"2018-04-25T06:22:18.000Z","volume":200,"label":" ","price":17.7},{"type":"A","date":"2018-04-25T06:22:18.000Z","volume":200,"label":" ","price":17.7},{"type":"A","date":"2018-04-25T06:25:02.000Z","volume":800,"label":" ","price":17.7},{"type":"A","date":"2018-04-25T06:25:02.000Z","volume":1000,"label":" ","price":17.7},{"type":"B","date":"2018-04-25T06:25:02.000Z","volume":400,"label":" ","price":17.68},{"type":"A","date":"2018-04-25T06:25:03.000Z","volume":200,"label":" ","price":17.7},{"type":"A","date":"2018-04-25T06:25:03.000Z","volume":400,"label":" ","price":17.7},{"type":"A","date":"2018-04-25T06:25:32.000Z","volume":1600,"label":" ","price":17.7},{"type":"A","date":"2018-04-25T06:25:33.000Z","volume":200,"label":" ","price":17.7},{"type":"A","date":"2018-04-25T06:25:33.000Z","volume":200,"label":" ","price":17.7},{"type":"A","date":"2018-04-25T06:27:42.000Z","volume":1000,"label":" ","price":17.7},{"type":"A","date":"2018-04-25T06:27:43.000Z","volume":200,"label":" ","price":17.7},{"type":"A","date":"2018-04-25T06:28:14.000Z","volume":200,"label":" ","price":17.7},{"type":"A","date":"2018-04-25T06:28:15.000Z","volume":200,"label":" ","price":17.7},{"type":"A","date":"2018-04-25T06:28:15.000Z","volume":200,"label":" ","price":17.7},{"type":"B","date":"2018-04-25T06:28:36.000Z","volume":2000,"label":" ","price":17.68},{"type":"A","date":"2018-04-25T06:28:37.000Z","volume":200,"label":" ","price":17.7},{"type":"A","date":"2018-04-25T06:28:37.000Z","volume":200,"label":" ","price":17.7},{"type":"A","date":"2018-04-25T06:28:37.000Z","volume":200,"label":" ","price":17.7},{"type":"A","date":"2018-04-25T06:28:39.000Z","volume":200,"label":" ","price":17.7},{"type":"A","date":"2018-04-25T06:29:12.000Z","volume":1000,"label":" ","price":17.7},{"type":"A","date":"2018-04-25T06:29:13.000Z","volume":200,"label":" ","price":17.7},{"type":"A","date":"2018-04-25T06:29:14.000Z","volume":200,"label":" ","price":17.7},{"type":"A","date":"2018-04-25T06:29:15.000Z","volume":400,"label":" ","price":17.7},{"type":"A","date":"2018-04-25T06:29:41.000Z","volume":200,"label":" ","price":17.7},{"type":"A","date":"2018-04-25T06:30:20.000Z","volume":200,"label":" ","price":17.7},{"type":"A","date":"2018-04-25T06:30:21.000Z","volume":200,"label":" ","price":17.7},{"type":"A","date":"2018-04-25T06:30:42.000Z","volume":1000,"label":" ","price":17.7},{"type":"A","date":"2018-04-25T06:30:43.000Z","volume":200,"label":" ","price":17.7},{"type":"A","date":"2018-04-25T06:30:43.000Z","volume":200,"label":" ","price":17.7},{"type":"A","date":"2018-04-25T06:30:43.000Z","volume":200,"label":" ","price":17.7},{"type":"A","date":"2018-04-25T06:30:46.000Z","volume":200,"label":" ","price":17.7},{"type":"A","date":"2018-04-25T06:31:03.000Z","volume":200,"label":" ","price":17.7},{"type":"B","date":"2018-04-25T06:31:10.000Z","volume":200,"label":" ","price":17.68},{"type":"A","date":"2018-04-25T06:31:10.000Z","volume":200,"label":" ","price":17.7},{"type":"A","date":"2018-04-25T06:31:11.000Z","volume":400,"label":" ","price":17.7},{"type":"A","date":"2018-04-25T06:31:11.000Z","volume":200,"label":" ","price":17.7},{"type":"A","date":"2018-04-25T06:31:39.000Z","volume":200,"label":" ","price":17.7},{"type":"B","date":"2018-04-25T06:31:40.000Z","volume":200,"label":" ","price":17.68},{"type":"A","date":"2018-04-25T06:31:40.000Z","volume":200,"label":" ","price":17.7},{"type":"A","date":"2018-04-25T06:31:57.000Z","volume":1000,"label":" ","price":17.7},{"type":"A","date":"2018-04-25T06:31:58.000Z","volume":200,"label":" ","price":17.7},{"type":"B","date":"2018-04-25T06:32:10.000Z","volume":200,"label":" ","price":17.68},{"type":"A","date":"2018-04-25T06:32:34.000Z","volume":200,"label":" ","price":17.7},{"type":"A","date":"2018-04-25T06:32:35.000Z","volume":200,"label":" ","price":17.7},{"type":"A","date":"2018-04-25T06:33:32.000Z","volume":1000,"label":" ","price":17.7},{"type":"A","date":"2018-04-25T06:33:33.000Z","volume":200,"label":" ","price":17.7},{"type":"A","date":"2018-04-25T06:33:33.000Z","volume":200,"label":" ","price":17.7},{"type":"A","date":"2018-04-25T06:33:36.000Z","volume":200,"label":" ","price":17.7},{"type":"B","date":"2018-04-25T06:33:40.000Z","volume":400,"label":" ","price":17.68},{"type":"B","date":"2018-04-25T06:34:16.000Z","volume":1200,"label":" ","price":17.68},{"type":"A","date":"2018-04-25T06:34:17.000Z","volume":200,"label":" ","price":17.7},{"type":"A","date":"2018-04-25T06:34:17.000Z","volume":200,"label":" ","price":17.7},{"type":"A","date":"2018-04-25T06:34:17.000Z","volume":400,"label":" ","price":17.7},{"type":"A","date":"2018-04-25T06:34:32.000Z","volume":1000,"label":" ","price":17.7},{"type":"A","date":"2018-04-25T06:34:33.000Z","volume":200,"label":" ","price":17.7},{"type":"A","date":"2018-04-25T06:34:33.000Z","volume":200,"label":" ","price":17.7},{"type":"A","date":"2018-04-25T06:34:34.000Z","volume":200,"label":" ","price":17.7},{"type":"A","date":"2018-04-25T06:35:32.000Z","volume":1000,"label":" ","price":17.7},{"type":"A","date":"2018-04-25T06:35:33.000Z","volume":200,"label":" ","price":17.7},{"type":"A","date":"2018-04-25T06:35:34.000Z","volume":200,"label":" ","price":17.7},{"type":"A","date":"2018-04-25T06:35:34.000Z","volume":200,"label":" ","price":17.7},{"type":"A","date":"2018-04-25T06:35:55.000Z","volume":200,"label":" ","price":17.7},{"type":"A","date":"2018-04-25T06:36:29.000Z","volume":1600,"label":" ","price":17.7},{"type":"A","date":"2018-04-25T06:36:30.000Z","volume":200,"label":" ","price":17.7},{"type":"A","date":"2018-04-25T06:36:30.000Z","volume":400,"label":" ","price":17.7},{"type":"A","date":"2018-04-25T06:36:32.000Z","volume":200,"label":" ","price":17.7},{"type":"A","date":"2018-04-25T06:36:32.000Z","volume":1000,"label":" ","price":17.7},{"type":"A","date":"2018-04-25T06:36:33.000Z","volume":200,"label":" ","price":17.7},{"type":"A","date":"2018-04-25T06:36:35.000Z","volume":200,"label":" ","price":17.7},{"type":"A","date":"2018-04-25T06:36:37.000Z","volume":200,"label":" ","price":17.7},{"type":"B","date":"2018-04-25T06:37:06.000Z","volume":1000,"label":" ","price":17.68},{"type":"B","date":"2018-04-25T06:37:06.000Z","volume":1800,"label":" ","price":17.68},{"type":"A","date":"2018-04-25T06:37:07.000Z","volume":200,"label":" ","price":17.7},{"type":"A","date":"2018-04-25T06:38:02.000Z","volume":1000,"label":" ","price":17.7},{"type":"A","date":"2018-04-25T06:38:02.000Z","volume":1000,"label":" ","price":17.7},{"type":"B","date":"2018-04-25T06:38:02.000Z","volume":200,"label":" ","price":17.68},{"type":"B","date":"2018-04-25T06:38:02.000Z","volume":200,"label":" ","price":17.68},{"type":"A","date":"2018-04-25T06:41:02.000Z","volume":1000,"label":" ","price":17.7},{"type":"A","date":"2018-04-25T06:41:02.000Z","volume":1200,"label":" ","price":17.7},{"type":"A","date":"2018-04-25T06:41:03.000Z","volume":200,"label":" ","price":17.7},{"type":"B","date":"2018-04-25T06:41:10.000Z","volume":400,"label":" ","price":17.68},{"type":"B","date":"2018-04-25T06:41:22.000Z","volume":1000,"label":" ","price":17.68},{"type":"B","date":"2018-04-25T06:41:22.000Z","volume":200,"label":" ","price":17.68},{"type":"A","date":"2018-04-25T06:41:23.000Z","volume":400,"label":" ","price":17.7},{"type":"A","date":"2018-04-25T06:41:24.000Z","volume":200,"label":" ","price":17.7},{"type":"A","date":"2018-04-25T06:42:56.000Z","volume":200,"label":" ","price":17.7},{"type":"A","date":"2018-04-25T06:43:32.000Z","volume":1200,"label":" ","price":17.7},{"type":"A","date":"2018-04-25T06:43:32.000Z","volume":1000,"label":" ","price":17.7},{"type":"B","date":"2018-04-25T06:43:32.000Z","volume":200,"label":" ","price":17.68},{"type":"B","date":"2018-04-25T06:43:32.000Z","volume":200,"label":" ","price":17.68},{"type":"A","date":"2018-04-25T06:43:33.000Z","volume":200,"label":" ","price":17.7},{"type":"A","date":"2018-04-25T06:43:33.000Z","volume":400,"label":" ","price":17.7},{"type":"A","date":"2018-04-25T06:43:34.000Z","volume":400,"label":" ","price":17.7},{"type":"A","date":"2018-04-25T06:43:34.000Z","volume":200,"label":" ","price":17.7},{"type":"A","date":"2018-04-25T06:43:34.000Z","volume":200,"label":" ","price":17.7},{"type":"B","date":"2018-04-25T06:44:10.000Z","volume":400,"label":" ","price":17.68},{"type":"A","date":"2018-04-25T06:46:02.000Z","volume":1000,"label":" ","price":17.7},{"type":"A","date":"2018-04-25T06:46:02.000Z","volume":1000,"label":" ","price":17.7},{"type":"B","date":"2018-04-25T06:46:02.000Z","volume":200,"label":" ","price":17.68},{"type":"A","date":"2018-04-25T06:46:03.000Z","volume":200,"label":" ","price":17.7},{"type":"A","date":"2018-04-25T06:46:03.000Z","volume":200,"label":" ","price":17.7},{"type":"A","date":"2018-04-25T06:46:03.000Z","volume":400,"label":" ","price":17.7},{"type":"A","date":"2018-04-25T06:46:03.000Z","volume":200,"label":" ","price":17.7},{"type":"A","date":"2018-04-25T06:46:04.000Z","volume":200,"label":" ","price":17.7},{"type":"A","date":"2018-04-25T06:46:06.000Z","volume":200,"label":" ","price":17.7},{"type":"B","date":"2018-04-25T06:46:34.000Z","volume":1000,"label":" ","price":17.68},{"type":"B","date":"2018-04-25T06:46:34.000Z","volume":400,"label":" ","price":17.68},{"type":"A","date":"2018-04-25T06:46:34.000Z","volume":200,"label":" ","price":17.7},{"type":"A","date":"2018-04-25T06:46:35.000Z","volume":200,"label":" ","price":17.7},{"type":"A","date":"2018-04-25T06:46:35.000Z","volume":200,"label":" ","price":17.7},{"type":"B","date":"2018-04-25T06:47:10.000Z","volume":200,"label":" ","price":17.68},{"type":"A","date":"2018-04-25T06:47:11.000Z","volume":200,"label":" ","price":17.7},{"type":"A","date":"2018-04-25T06:47:57.000Z","volume":1600,"label":" ","price":17.7},{"type":"A","date":"2018-04-25T06:47:57.000Z","volume":200,"label":" ","price":17.7},{"type":"A","date":"2018-04-25T06:47:57.000Z","volume":200,"label":" ","price":17.7},{"type":"A","date":"2018-04-25T06:47:58.000Z","volume":200,"label":" ","price":17.7},{"type":"A","date":"2018-04-25T06:47:59.000Z","volume":200,"label":" ","price":17.7},{"type":"A","date":"2018-04-25T06:48:00.000Z","volume":200,"label":" ","price":17.7},{"type":"B","date":"2018-04-25T06:48:10.000Z","volume":400,"label":" ","price":17.68},{"type":"A","date":"2018-04-25T06:48:14.000Z","volume":200,"label":" ","price":17.7},{"type":"B","date":"2018-04-25T06:48:17.000Z","volume":200,"label":" ","price":17.68},{"type":"A","date":"2018-04-25T06:48:42.000Z","volume":1000,"label":" ","price":17.7},{"type":"A","date":"2018-04-25T06:48:43.000Z","volume":200,"label":" ","price":17.7},{"type":"B","date":"2018-04-25T06:48:45.000Z","volume":200,"label":" ","price":17.68},{"type":"A","date":"2018-04-25T06:50:02.000Z","volume":1000,"label":" ","price":17.7},{"type":"A","date":"2018-04-25T06:50:02.000Z","volume":400,"label":" ","price":17.7},{"type":"A","date":"2018-04-25T06:50:03.000Z","volume":200,"label":" ","price":17.7},{"type":"A","date":"2018-04-25T06:50:03.000Z","volume":400,"label":" ","price":17.7},{"type":"A","date":"2018-04-25T06:50:05.000Z","volume":400,"label":" ","price":17.7},{"type":"B","date":"2018-04-25T06:51:40.000Z","volume":400,"label":" ","price":17.68},{"type":"A","date":"2018-04-25T06:51:41.000Z","volume":1000,"label":" ","price":17.7},{"type":"A","date":"2018-04-25T06:51:42.000Z","volume":200,"label":" ","price":17.7},{"type":"A","date":"2018-04-25T06:51:42.000Z","volume":200,"label":" ","price":17.7},{"type":"A","date":"2018-04-25T06:51:43.000Z","volume":200,"label":" ","price":17.7},{"type":"A","date":"2018-04-25T06:51:46.000Z","volume":200,"label":" ","price":17.7},{"type":"B","date":"2018-04-25T06:52:07.000Z","volume":10000,"label":" ","price":17.68},{"type":"A","date":"2018-04-25T06:52:07.000Z","volume":200,"label":" ","price":17.68},{"type":"B","date":"2018-04-25T06:52:07.000Z","volume":2000,"label":" ","price":17.66},{"type":"A","date":"2018-04-25T06:52:07.000Z","volume":200,"label":" ","price":17.68},{"type":"B","date":"2018-04-25T06:52:07.000Z","volume":2200,"label":" ","price":17.66},{"type":"A","date":"2018-04-25T06:52:07.000Z","volume":200,"label":" ","price":17.68},{"type":"A","date":"2018-04-25T06:52:07.000Z","volume":200,"label":" ","price":17.68},{"type":"A","date":"2018-04-25T06:52:07.000Z","volume":200,"label":" ","price":17.68},{"type":"A","date":"2018-04-25T06:52:07.000Z","volume":200,"label":" ","price":17.68},{"type":"A","date":"2018-04-25T06:52:07.000Z","volume":200,"label":" ","price":17.68},{"type":"A","date":"2018-04-25T06:52:08.000Z","volume":600,"label":" ","price":17.68},{"type":"B","date":"2018-04-25T06:52:08.000Z","volume":200,"label":"Y","price":17.64},{"type":"B","date":"2018-04-25T06:52:08.000Z","volume":200,"label":" ","price":17.64},{"type":"B","date":"2018-04-25T06:52:45.000Z","volume":800,"label":" ","price":17.62},{"type":"B","date":"2018-04-25T06:56:02.000Z","volume":1200,"label":" ","price":17.62},{"type":"B","date":"2018-04-25T06:56:02.000Z","volume":200,"label":" ","price":17.62},{"type":"A","date":"2018-04-25T06:56:03.000Z","volume":200,"label":" ","price":17.64},{"type":"A","date":"2018-04-25T06:57:32.000Z","volume":1000,"label":" ","price":17.64},{"type":"A","date":"2018-04-25T06:57:32.000Z","volume":1200,"label":" ","price":17.64},{"type":"B","date":"2018-04-25T06:57:32.000Z","volume":200,"label":" ","price":17.62},{"type":"A","date":"2018-04-25T06:57:33.000Z","volume":200,"label":" ","price":17.64},{"type":"A","date":"2018-04-25T06:57:33.000Z","volume":400,"label":" ","price":17.64},{"type":"A","date":"2018-04-25T06:57:33.000Z","volume":400,"label":" ","price":17.64},{"type":"B","date":"2018-04-25T06:57:33.000Z","volume":200,"label":" ","price":17.62},{"type":"A","date":"2018-04-25T06:57:34.000Z","volume":200,"label":" ","price":17.64},{"type":"A","date":"2018-04-25T06:57:37.000Z","volume":1200,"label":" ","price":17.64},{"type":"A","date":"2018-04-25T06:57:37.000Z","volume":200,"label":" ","price":17.64},{"type":"A","date":"2018-04-25T06:57:38.000Z","volume":200,"label":" ","price":17.64},{"type":"A","date":"2018-04-25T06:57:38.000Z","volume":200,"label":" ","price":17.64},{"type":"B","date":"2018-04-25T06:58:10.000Z","volume":400,"label":" ","price":17.62},{"type":"A","date":"2018-04-25T06:58:11.000Z","volume":200,"label":" ","price":17.64},{"type":"A","date":"2018-04-25T06:58:17.000Z","volume":200,"label":" ","price":17.64},{"type":"A","date":"2018-04-25T06:58:18.000Z","volume":200,"label":" ","price":17.68},{"type":"A","date":"2018-04-25T06:58:19.000Z","volume":200,"label":" ","price":17.68},{"type":"B","date":"2018-04-25T06:58:20.000Z","volume":200,"label":" ","price":17.64},{"type":"A","date":"2018-04-25T07:00:02.000Z","volume":1200,"label":" ","price":17.68},{"type":"A","date":"2018-04-25T07:00:02.000Z","volume":1000,"label":" ","price":17.68},{"type":"B","date":"2018-04-25T07:00:02.000Z","volume":200,"label":" ","price":17.66},{"type":"B","date":"2018-04-25T07:00:02.000Z","volume":200,"label":" ","price":17.66},{"type":"A","date":"2018-04-25T07:00:03.000Z","volume":200,"label":" ","price":17.68},{"type":"A","date":"2018-04-25T07:00:03.000Z","volume":600,"label":" ","price":17.68},{"type":"A","date":"2018-04-25T07:01:57.000Z","volume":1200,"label":" ","price":17.68},{"type":"A","date":"2018-04-25T07:01:58.000Z","volume":200,"label":" ","price":17.68},{"type":"A","date":"2018-04-25T07:01:58.000Z","volume":200,"label":" ","price":17.68},{"type":"A","date":"2018-04-25T07:01:59.000Z","volume":200,"label":" ","price":17.68},{"type":"B","date":"2018-04-25T07:02:10.000Z","volume":400,"label":" ","price":17.66},{"type":"A","date":"2018-04-25T07:02:11.000Z","volume":200,"label":" ","price":17.68},{"type":"A","date":"2018-04-25T07:02:11.000Z","volume":200,"label":" ","price":17.68},{"type":"A","date":"2018-04-25T07:02:12.000Z","volume":200,"label":" ","price":17.68},{"type":"A","date":"2018-04-25T07:02:57.000Z","volume":1200,"label":" ","price":17.68},{"type":"A","date":"2018-04-25T07:02:58.000Z","volume":200,"label":" ","price":17.68},{"type":"A","date":"2018-04-25T07:03:02.000Z","volume":200,"label":" ","price":17.68},{"type":"B","date":"2018-04-25T07:03:10.000Z","volume":400,"label":" ","price":17.66},{"type":"A","date":"2018-04-25T07:03:44.000Z","volume":1600,"label":" ","price":17.68},{"type":"A","date":"2018-04-25T07:03:45.000Z","volume":200,"label":" ","price":17.68},{"type":"A","date":"2018-04-25T07:03:45.000Z","volume":400,"label":" ","price":17.68},{"type":"A","date":"2018-04-25T07:03:45.000Z","volume":200,"label":" ","price":17.68},{"type":"A","date":"2018-04-25T07:03:46.000Z","volume":200,"label":" ","price":17.68},{"type":"A","date":"2018-04-25T07:03:47.000Z","volume":1400,"label":" ","price":17.68},{"type":"A","date":"2018-04-25T07:03:48.000Z","volume":200,"label":" ","price":17.68},{"type":"A","date":"2018-04-25T07:03:48.000Z","volume":400,"label":" ","price":17.68},{"type":"A","date":"2018-04-25T07:03:49.000Z","volume":200,"label":" ","price":17.68},{"type":"A","date":"2018-04-25T07:03:57.000Z","volume":200,"label":" ","price":17.68},{"type":"A","date":"2018-04-25T07:04:47.000Z","volume":800,"label":" ","price":17.68},{"type":"A","date":"2018-04-25T07:04:47.000Z","volume":400,"label":" ","price":17.68},{"type":"A","date":"2018-04-25T07:04:47.000Z","volume":200,"label":" ","price":17.68},{"type":"A","date":"2018-04-25T07:04:48.000Z","volume":400,"label":" ","price":17.68},{"type":"A","date":"2018-04-25T07:04:48.000Z","volume":200,"label":" ","price":17.68},{"type":"A","date":"2018-04-25T07:04:48.000Z","volume":400,"label":" ","price":17.68},{"type":"A","date":"2018-04-25T07:04:49.000Z","volume":200,"label":" ","price":17.68},{"type":"A","date":"2018-04-25T07:05:47.000Z","volume":1200,"label":" ","price":17.68},{"type":"A","date":"2018-04-25T07:05:48.000Z","volume":200,"label":" ","price":17.68},{"type":"A","date":"2018-04-25T07:05:49.000Z","volume":200,"label":" ","price":17.68},{"type":"A","date":"2018-04-25T07:06:47.000Z","volume":1400,"label":" ","price":17.68},{"type":"A","date":"2018-04-25T07:06:48.000Z","volume":200,"label":" ","price":17.68},{"type":"A","date":"2018-04-25T07:06:48.000Z","volume":400,"label":" ","price":17.68},{"type":"A","date":"2018-04-25T07:06:49.000Z","volume":200,"label":" ","price":17.68},{"type":"A","date":"2018-04-25T07:06:52.000Z","volume":200,"label":" ","price":17.68},{"type":"B","date":"2018-04-25T07:07:10.000Z","volume":600,"label":" ","price":17.66},{"type":"A","date":"2018-04-25T07:07:11.000Z","volume":200,"label":" ","price":17.68},{"type":"B","date":"2018-04-25T07:08:02.000Z","volume":2000,"label":" ","price":17.66},{"type":"B","date":"2018-04-25T07:08:02.000Z","volume":400,"label":" ","price":17.64},{"type":"U","date":"2018-04-25T07:08:03.000Z","volume":400,"label":"X","price":17.66},{"type":"B","date":"2018-04-25T07:08:03.000Z","volume":200,"label":" ","price":17.64},{"type":"A","date":"2018-04-25T07:09:32.000Z","volume":200,"label":" ","price":17.68},{"type":"A","date":"2018-04-25T07:09:32.000Z","volume":1200,"label":" ","price":17.68},{"type":"A","date":"2018-04-25T07:09:32.000Z","volume":1400,"label":" ","price":17.68},{"type":"B","date":"2018-04-25T07:09:32.000Z","volume":600,"label":" ","price":17.66},{"type":"A","date":"2018-04-25T07:09:33.000Z","volume":200,"label":" ","price":17.68},{"type":"A","date":"2018-04-25T07:09:33.000Z","volume":400,"label":" ","price":17.68},{"type":"A","date":"2018-04-25T07:09:33.000Z","volume":600,"label":" ","price":17.68},{"type":"B","date":"2018-04-25T07:09:33.000Z","volume":200,"label":" ","price":17.66},{"type":"A","date":"2018-04-25T07:12:17.000Z","volume":1200,"label":" ","price":17.68},{"type":"A","date":"2018-04-25T07:12:17.000Z","volume":200,"label":" ","price":17.68},{"type":"A","date":"2018-04-25T07:12:17.000Z","volume":1600,"label":" ","price":17.68},{"type":"B","date":"2018-04-25T07:12:17.000Z","volume":200,"label":" ","price":17.66},{"type":"B","date":"2018-04-25T07:12:17.000Z","volume":200,"label":" ","price":17.66},{"type":"A","date":"2018-04-25T07:12:17.000Z","volume":400,"label":" ","price":17.68},{"type":"A","date":"2018-04-25T07:12:18.000Z","volume":400,"label":" ","price":17.68},{"type":"A","date":"2018-04-25T07:12:18.000Z","volume":800,"label":" ","price":17.68},{"type":"A","date":"2018-04-25T07:12:19.000Z","volume":200,"label":" ","price":17.68},{"type":"B","date":"2018-04-25T07:12:20.000Z","volume":400,"label":" ","price":17.66},{"type":"A","date":"2018-04-25T07:12:21.000Z","volume":200,"label":" ","price":17.68},{"type":"A","date":"2018-04-25T07:12:23.000Z","volume":200,"label":" ","price":17.68},{"type":"A","date":"2018-04-25T07:13:21.000Z","volume":1600,"label":" ","price":17.68},{"type":"A","date":"2018-04-25T07:13:21.000Z","volume":200,"label":" ","price":17.68},{"type":"A","date":"2018-04-25T07:13:22.000Z","volume":200,"label":" ","price":17.68},{"type":"A","date":"2018-04-25T07:13:22.000Z","volume":200,"label":" ","price":17.68},{"type":"A","date":"2018-04-25T07:13:23.000Z","volume":200,"label":" ","price":17.68},{"type":"A","date":"2018-04-25T07:13:24.000Z","volume":200,"label":" ","price":17.68},{"type":"A","date":"2018-04-25T07:13:32.000Z","volume":2000,"label":" ","price":17.68},{"type":"A","date":"2018-04-25T07:13:32.000Z","volume":1400,"label":" ","price":17.68},{"type":"A","date":"2018-04-25T07:13:32.000Z","volume":1200,"label":" ","price":17.68},{"type":"A","date":"2018-04-25T07:13:32.000Z","volume":800,"label":" ","price":17.68},{"type":"A","date":"2018-04-25T07:13:32.000Z","volume":200,"label":" ","price":17.68},{"type":"A","date":"2018-04-25T07:13:32.000Z","volume":200,"label":" ","price":17.68},{"type":"B","date":"2018-04-25T07:13:32.000Z","volume":200,"label":" ","price":17.68},{"type":"B","date":"2018-04-25T07:13:32.000Z","volume":200,"label":" ","price":17.68},{"type":"A","date":"2018-04-25T07:13:33.000Z","volume":600,"label":" ","price":17.7},{"type":"A","date":"2018-04-25T07:13:33.000Z","volume":800,"label":" ","price":17.7},{"type":"A","date":"2018-04-25T07:13:33.000Z","volume":1200,"label":" ","price":17.7},{"type":"B","date":"2018-04-25T07:13:33.000Z","volume":400,"label":" ","price":17.68},{"type":"A","date":"2018-04-25T07:13:34.000Z","volume":200,"label":" ","price":17.7},{"type":"A","date":"2018-04-25T07:13:34.000Z","volume":400,"label":" ","price":17.7},{"type":"A","date":"2018-04-25T07:13:35.000Z","volume":200,"label":" ","price":17.7},{"type":"B","date":"2018-04-25T07:13:36.000Z","volume":200,"label":" ","price":17.68},{"type":"B","date":"2018-04-25T07:16:18.000Z","volume":8400,"label":" ","price":17.68},{"type":"A","date":"2018-04-25T07:16:18.000Z","volume":200,"label":" ","price":17.68},{"type":"A","date":"2018-04-25T07:16:18.000Z","volume":200,"label":" ","price":17.68},{"type":"A","date":"2018-04-25T07:16:18.000Z","volume":200,"label":" ","price":17.68},{"type":"B","date":"2018-04-25T07:16:18.000Z","volume":1400,"label":" ","price":17.66},{"type":"A","date":"2018-04-25T07:16:18.000Z","volume":200,"label":" ","price":17.68},{"type":"A","date":"2018-04-25T07:16:18.000Z","volume":200,"label":" ","price":17.68},{"type":"A","date":"2018-04-25T07:16:18.000Z","volume":200,"label":" ","price":17.68},{"type":"A","date":"2018-04-25T07:16:18.000Z","volume":200,"label":" ","price":17.68},{"type":"A","date":"2018-04-25T07:16:18.000Z","volume":200,"label":" ","price":17.68},{"type":"A","date":"2018-04-25T07:16:18.000Z","volume":200,"label":" ","price":17.68},{"type":"B","date":"2018-04-25T07:16:18.000Z","volume":400,"label":"Y","price":17.66},{"type":"B","date":"2018-04-25T07:16:18.000Z","volume":1000,"label":" ","price":17.66},{"type":"A","date":"2018-04-25T07:16:19.000Z","volume":400,"label":" ","price":17.68},{"type":"B","date":"2018-04-25T07:18:10.000Z","volume":600,"label":" ","price":17.6},{"type":"B","date":"2018-04-25T07:19:33.000Z","volume":1000,"label":" ","price":17.6},{"type":"B","date":"2018-04-25T07:19:33.000Z","volume":200,"label":" ","price":17.58},{"type":"A","date":"2018-04-25T07:23:12.000Z","volume":1400,"label":" ","price":17.6},{"type":"A","date":"2018-04-25T07:23:13.000Z","volume":200,"label":" ","price":17.6},{"type":"A","date":"2018-04-25T07:23:13.000Z","volume":200,"label":" ","price":17.6},{"type":"B","date":"2018-04-25T07:23:13.000Z","volume":400,"label":" ","price":17.58},{"type":"A","date":"2018-04-25T07:23:14.000Z","volume":200,"label":" ","price":17.6},{"type":"A","date":"2018-04-25T07:23:15.000Z","volume":200,"label":" ","price":17.6},{"type":"A","date":"2018-04-25T07:24:27.000Z","volume":1400,"label":" ","price":17.6},{"type":"A","date":"2018-04-25T07:24:28.000Z","volume":200,"label":" ","price":17.6},{"type":"A","date":"2018-04-25T07:24:28.000Z","volume":200,"label":" ","price":17.6},{"type":"A","date":"2018-04-25T07:24:30.000Z","volume":200,"label":" ","price":17.6},{"type":"B","date":"2018-04-25T07:24:30.000Z","volume":400,"label":" ","price":17.58},{"type":"A","date":"2018-04-25T07:24:31.000Z","volume":200,"label":" ","price":17.6},{"type":"A","date":"2018-04-25T07:24:47.000Z","volume":1600,"label":" ","price":17.6},{"type":"A","date":"2018-04-25T07:24:48.000Z","volume":200,"label":" ","price":17.6},{"type":"A","date":"2018-04-25T07:24:48.000Z","volume":200,"label":" ","price":17.6},{"type":"A","date":"2018-04-25T07:24:48.000Z","volume":200,"label":" ","price":17.6},{"type":"B","date":"2018-04-25T07:24:58.000Z","volume":400,"label":" ","price":17.58},{"type":"A","date":"2018-04-25T07:24:58.000Z","volume":200,"label":" ","price":17.6},{"type":"A","date":"2018-04-25T07:24:59.000Z","volume":200,"label":" ","price":17.6},{"type":"A","date":"2018-04-25T07:25:01.000Z","volume":200,"label":" ","price":17.6},{"type":"B","date":"2018-04-25T07:25:40.000Z","volume":200,"label":" ","price":17.58},{"type":"A","date":"2018-04-25T07:25:41.000Z","volume":200,"label":" ","price":17.6},{"type":"A","date":"2018-04-25T07:25:46.000Z","volume":1800,"label":" ","price":17.6},{"type":"U","date":"2018-04-25T07:25:46.000Z","volume":600,"label":"X","price":17.6},{"type":"A","date":"2018-04-25T07:25:46.000Z","volume":200,"label":" ","price":17.6},{"type":"A","date":"2018-04-25T07:25:47.000Z","volume":200,"label":" ","price":17.6},{"type":"A","date":"2018-04-25T07:25:47.000Z","volume":400,"label":" ","price":17.6},{"type":"A","date":"2018-04-25T07:26:47.000Z","volume":1000,"label":" ","price":17.6},{"type":"A","date":"2018-04-25T07:26:47.000Z","volume":200,"label":" ","price":17.6},{"type":"A","date":"2018-04-25T07:26:47.000Z","volume":1400,"label":" ","price":17.6},{"type":"A","date":"2018-04-25T07:26:47.000Z","volume":400,"label":" ","price":17.6},{"type":"A","date":"2018-04-25T07:26:47.000Z","volume":1400,"label":" ","price":17.6},{"type":"A","date":"2018-04-25T07:26:47.000Z","volume":1200,"label":" ","price":17.6},{"type":"A","date":"2018-04-25T07:26:47.000Z","volume":200,"label":" ","price":17.6},{"type":"A","date":"2018-04-25T07:26:48.000Z","volume":600,"label":" ","price":17.68},{"type":"A","date":"2018-04-25T07:26:48.000Z","volume":1000,"label":" ","price":17.68},{"type":"A","date":"2018-04-25T07:26:48.000Z","volume":200,"label":" ","price":17.68},{"type":"B","date":"2018-04-25T07:26:48.000Z","volume":200,"label":" ","price":17.6},{"type":"A","date":"2018-04-25T07:26:48.000Z","volume":1000,"label":" ","price":17.68},{"type":"B","date":"2018-04-25T07:26:48.000Z","volume":400,"label":" ","price":17.6},{"type":"A","date":"2018-04-25T07:26:49.000Z","volume":200,"label":" ","price":17.68},{"type":"A","date":"2018-04-25T07:26:49.000Z","volume":200,"label":" ","price":17.68},{"type":"A","date":"2018-04-25T07:26:49.000Z","volume":200,"label":" ","price":17.68},{"type":"A","date":"2018-04-25T07:27:57.000Z","volume":200,"label":" ","price":17.68},{"type":"A","date":"2018-04-25T07:31:36.000Z","volume":1600,"label":" ","price":17.68},{"type":"B","date":"2018-04-25T07:31:36.000Z","volume":400,"label":" ","price":17.66},{"type":"A","date":"2018-04-25T07:31:37.000Z","volume":200,"label":" ","price":17.68},{"type":"A","date":"2018-04-25T07:31:37.000Z","volume":400,"label":" ","price":17.68},{"type":"A","date":"2018-04-25T07:31:38.000Z","volume":200,"label":" ","price":17.68},{"type":"A","date":"2018-04-25T07:31:58.000Z","volume":200,"label":" ","price":17.68},{"type":"B","date":"2018-04-25T07:32:10.000Z","volume":200,"label":" ","price":17.66},{"type":"A","date":"2018-04-25T07:32:32.000Z","volume":1600,"label":" ","price":17.68},{"type":"A","date":"2018-04-25T07:32:32.000Z","volume":200,"label":" ","price":17.68},{"type":"A","date":"2018-04-25T07:32:33.000Z","volume":200,"label":" ","price":17.68},{"type":"A","date":"2018-04-25T07:32:33.000Z","volume":400,"label":" ","price":17.68},{"type":"A","date":"2018-04-25T07:32:35.000Z","volume":200,"label":" ","price":17.68},{"type":"B","date":"2018-04-25T07:32:38.000Z","volume":400,"label":" ","price":17.66},{"type":"A","date":"2018-04-25T07:32:39.000Z","volume":200,"label":" ","price":17.68},{"type":"A","date":"2018-04-25T07:32:41.000Z","volume":200,"label":" ","price":17.68},{"type":"A","date":"2018-04-25T07:34:02.000Z","volume":1600,"label":" ","price":17.68},{"type":"A","date":"2018-04-25T07:34:03.000Z","volume":200,"label":" ","price":17.68},{"type":"A","date":"2018-04-25T07:34:03.000Z","volume":200,"label":" ","price":17.68},{"type":"A","date":"2018-04-25T07:34:05.000Z","volume":200,"label":" ","price":17.68},{"type":"B","date":"2018-04-25T07:34:10.000Z","volume":400,"label":" ","price":17.66},{"type":"A","date":"2018-04-25T07:34:11.000Z","volume":200,"label":" ","price":17.68},{"type":"A","date":"2018-04-25T07:34:12.000Z","volume":200,"label":" ","price":17.68},{"type":"A","date":"2018-04-25T07:35:32.000Z","volume":200,"label":" ","price":17.68},{"type":"A","date":"2018-04-25T07:35:32.000Z","volume":1400,"label":" ","price":17.68},{"type":"A","date":"2018-04-25T07:35:33.000Z","volume":200,"label":" ","price":17.68},{"type":"A","date":"2018-04-25T07:35:36.000Z","volume":200,"label":" ","price":17.68},{"type":"A","date":"2018-04-25T07:35:37.000Z","volume":200,"label":" ","price":17.68},{"type":"A","date":"2018-04-25T07:35:37.000Z","volume":200,"label":" ","price":17.68},{"type":"B","date":"2018-04-25T07:35:40.000Z","volume":600,"label":" ","price":17.66},{"type":"A","date":"2018-04-25T07:35:43.000Z","volume":200,"label":" ","price":17.68},{"type":"A","date":"2018-04-25T07:36:47.000Z","volume":2000,"label":" ","price":17.68},{"type":"A","date":"2018-04-25T07:36:47.000Z","volume":200,"label":" ","price":17.68},{"type":"B","date":"2018-04-25T07:36:48.000Z","volume":400,"label":" ","price":17.66},{"type":"A","date":"2018-04-25T07:36:49.000Z","volume":1800,"label":" ","price":17.68},{"type":"A","date":"2018-04-25T07:36:50.000Z","volume":200,"label":" ","price":17.68},{"type":"A","date":"2018-04-25T07:36:50.000Z","volume":400,"label":" ","price":17.68},{"type":"A","date":"2018-04-25T07:36:52.000Z","volume":200,"label":" ","price":17.68},{"type":"B","date":"2018-04-25T07:36:52.000Z","volume":400,"label":" ","price":17.66},{"type":"A","date":"2018-04-25T07:36:53.000Z","volume":200,"label":" ","price":17.68},{"type":"A","date":"2018-04-25T07:36:53.000Z","volume":200,"label":" ","price":17.68},{"type":"A","date":"2018-04-25T07:36:57.000Z","volume":200,"label":" ","price":17.68},{"type":"A","date":"2018-04-25T07:37:30.000Z","volume":1600,"label":" ","price":17.68},{"type":"A","date":"2018-04-25T07:37:31.000Z","volume":200,"label":" ","price":17.68},{"type":"A","date":"2018-04-25T07:37:31.000Z","volume":200,"label":" ","price":17.68},{"type":"A","date":"2018-04-25T07:37:31.000Z","volume":200,"label":" ","price":17.68},{"type":"A","date":"2018-04-25T07:37:32.000Z","volume":200,"label":" ","price":17.68},{"type":"B","date":"2018-04-25T07:37:40.000Z","volume":200,"label":" ","price":17.66},{"type":"A","date":"2018-04-25T07:38:14.000Z","volume":5400,"label":" ","price":17.68},{"type":"B","date":"2018-04-25T07:38:14.000Z","volume":200,"label":" ","price":17.66},{"type":"A","date":"2018-04-25T07:38:14.000Z","volume":200,"label":" ","price":17.68},{"type":"A","date":"2018-04-25T07:38:14.000Z","volume":600,"label":" ","price":17.7},{"type":"A","date":"2018-04-25T07:38:15.000Z","volume":600,"label":" ","price":17.7},{"type":"A","date":"2018-04-25T07:38:15.000Z","volume":1200,"label":" ","price":17.7},{"type":"A","date":"2018-04-25T07:38:15.000Z","volume":200,"label":" ","price":17.7},{"type":"B","date":"2018-04-25T07:38:15.000Z","volume":200,"label":" ","price":17.68},{"type":"A","date":"2018-04-25T07:38:16.000Z","volume":200,"label":" ","price":17.7},{"type":"A","date":"2018-04-25T07:38:16.000Z","volume":400,"label":" ","price":17.7},{"type":"A","date":"2018-04-25T07:38:59.000Z","volume":200,"label":" ","price":17.7},{"type":"B","date":"2018-04-25T07:39:10.000Z","volume":200,"label":" ","price":17.68},{"type":"A","date":"2018-04-25T07:40:02.000Z","volume":2000,"label":" ","price":17.7},{"type":"A","date":"2018-04-25T07:40:03.000Z","volume":200,"label":" ","price":17.7},{"type":"A","date":"2018-04-25T07:40:03.000Z","volume":400,"label":" ","price":17.7},{"type":"A","date":"2018-04-25T07:40:04.000Z","volume":200,"label":" ","price":17.7},{"type":"A","date":"2018-04-25T07:40:04.000Z","volume":200,"label":" ","price":17.7},{"type":"A","date":"2018-04-25T07:40:05.000Z","volume":200,"label":" ","price":17.7},{"type":"A","date":"2018-04-25T07:40:07.000Z","volume":200,"label":" ","price":17.7},{"type":"B","date":"2018-04-25T07:40:10.000Z","volume":600,"label":" ","price":17.68},{"type":"A","date":"2018-04-25T07:41:53.000Z","volume":200,"label":" ","price":17.7},{"type":"A","date":"2018-04-25T07:42:32.000Z","volume":2000,"label":" ","price":17.7},{"type":"A","date":"2018-04-25T07:42:32.000Z","volume":2000,"label":" ","price":17.7},{"type":"B","date":"2018-04-25T07:42:32.000Z","volume":600,"label":" ","price":17.68},{"type":"A","date":"2018-04-25T07:42:33.000Z","volume":600,"label":" ","price":17.7},{"type":"A","date":"2018-04-25T07:42:33.000Z","volume":800,"label":" ","price":17.7},{"type":"B","date":"2018-04-25T07:42:33.000Z","volume":200,"label":" ","price":17.68},{"type":"A","date":"2018-04-25T07:42:34.000Z","volume":200,"label":" ","price":17.7},{"type":"A","date":"2018-04-25T07:42:35.000Z","volume":800,"label":" ","price":17.7},{"type":"B","date":"2018-04-25T07:42:35.000Z","volume":200,"label":" ","price":17.68},{"type":"A","date":"2018-04-25T07:42:35.000Z","volume":200,"label":" ","price":17.7},{"type":"A","date":"2018-04-25T07:42:35.000Z","volume":200,"label":" ","price":17.7},{"type":"B","date":"2018-04-25T07:43:10.000Z","volume":200,"label":" ","price":17.68},{"type":"A","date":"2018-04-25T07:43:31.000Z","volume":1600,"label":" ","price":17.7},{"type":"A","date":"2018-04-25T07:43:32.000Z","volume":200,"label":" ","price":17.7},{"type":"A","date":"2018-04-25T07:43:32.000Z","volume":400,"label":" ","price":17.7},{"type":"A","date":"2018-04-25T07:43:32.000Z","volume":200,"label":" ","price":17.7},{"type":"B","date":"2018-04-25T07:43:40.000Z","volume":400,"label":" ","price":17.68},{"type":"A","date":"2018-04-25T07:43:40.000Z","volume":200,"label":" ","price":17.7},{"type":"A","date":"2018-04-25T07:43:41.000Z","volume":200,"label":" ","price":17.7},{"type":"A","date":"2018-04-25T07:45:59.000Z","volume":200,"label":" ","price":17.7},{"type":"A","date":"2018-04-25T07:46:02.000Z","volume":3200,"label":" ","price":17.7},{"type":"A","date":"2018-04-25T07:46:02.000Z","volume":400,"label":" ","price":17.7},{"type":"A","date":"2018-04-25T07:46:03.000Z","volume":400,"label":" ","price":17.7},{"type":"A","date":"2018-04-25T07:46:03.000Z","volume":600,"label":" ","price":17.7},{"type":"B","date":"2018-04-25T07:46:10.000Z","volume":800,"label":" ","price":17.68},{"type":"A","date":"2018-04-25T07:46:11.000Z","volume":200,"label":" ","price":17.7},{"type":"A","date":"2018-04-25T07:46:11.000Z","volume":200,"label":" ","price":17.7},{"type":"A","date":"2018-04-25T07:46:14.000Z","volume":200,"label":" ","price":17.7},{"type":"B","date":"2018-04-25T07:46:40.000Z","volume":200,"label":" ","price":17.68},{"type":"A","date":"2018-04-25T07:46:41.000Z","volume":200,"label":" ","price":17.7},{"type":"A","date":"2018-04-25T07:48:17.000Z","volume":2400,"label":" ","price":17.7},{"type":"A","date":"2018-04-25T07:48:17.000Z","volume":2400,"label":" ","price":17.7},{"type":"B","date":"2018-04-25T07:48:17.000Z","volume":400,"label":" ","price":17.68},{"type":"B","date":"2018-04-25T07:48:17.000Z","volume":400,"label":" ","price":17.68}