[{"type":"A","date":"2018-03-27T01:30:02.000Z","volume":1000,"label":" ","price":1.3},{"type":"A","date":"2018-03-27T01:30:49.000Z","volume":2000,"label":" ","price":1.33},{"type":"A","date":"2018-03-27T01:31:07.000Z","volume":10000,"label":" ","price":1.32},{"type":"A","date":"2018-03-27T01:31:28.000Z","volume":2000,"label":" ","price":1.32},{"type":"A","date":"2018-03-27T01:37:04.000Z","volume":2000,"label":" ","price":1.33},{"type":"A","date":"2018-03-27T01:41:07.000Z","volume":10000,"label":" ","price":1.33},{"type":"A","date":"2018-03-27T01:41:16.000Z","volume":10000,"label":" ","price":1.33},{"type":"B","date":"2018-03-27T01:55:05.000Z","volume":1000,"label":" ","price":1.34},{"type":"A","date":"2018-03-27T02:13:10.000Z","volume":100000,"label":" ","price":1.35},{"type":"A","date":"2018-03-27T02:14:59.000Z","volume":10000,"label":" ","price":1.35},{"type":"A","date":"2018-03-27T02:17:03.000Z","volume":3000,"label":" ","price":1.35},{"type":"B","date":"2018-03-27T02:18:11.000Z","volume":1000,"label":" ","price":1.34},{"type":"A","date":"2018-03-27T02:21:35.000Z","volume":10000,"label":" ","price":1.35},{"type":"A","date":"2018-03-27T02:21:50.000Z","volume":58000,"label":" ","price":1.35},{"type":"B","date":"2018-03-27T02:45:35.000Z","volume":1000,"label":" ","price":1.34},{"type":"B","date":"2018-03-27T02:54:15.000Z","volume":88000,"label":" ","price":1.34},{"type":"B","date":"2018-03-27T03:04:06.000Z","volume":27000,"label":" ","price":1.33},{"type":"B","date":"2018-03-27T03:05:47.000Z","volume":8000,"label":" ","price":1.33},{"type":"A","date":"2018-03-27T03:19:04.000Z","volume":14000,"label":" ","price":1.34},{"type":"A","date":"2018-03-27T03:22:28.000Z","volume":5000,"label":" ","price":1.35},{"type":"A","date":"2018-03-27T03:40:12.000Z","volume":1000,"label":" ","price":1.36},{"type":"A","date":"2018-03-27T05:00:01.000Z","volume":50000,"label":" ","price":1.36},{"type":"B","date":"2018-03-27T05:00:10.000Z","volume":1000,"label":" ","price":1.35},{"type":"A","date":"2018-03-27T05:00:10.000Z","volume":29000,"label":" ","price":1.36},{"type":"B","date":"2018-03-27T05:00:11.000Z","volume":4000,"label":" ","price":1.35},{"type":"A","date":"2018-03-27T05:01:21.000Z","volume":5000,"label":" ","price":1.37},{"type":"B","date":"2018-03-27T05:07:42.000Z","volume":5000,"label":" ","price":1.36},{"type":"B","date":"2018-03-27T05:26:32.000Z","volume":1000,"label":" ","price":1.35},{"type":"A","date":"2018-03-27T05:36:03.000Z","volume":1000,"label":" ","price":1.36},{"type":"B","date":"2018-03-27T06:10:17.000Z","volume":1000,"label":" ","price":1.35},{"type":"B","date":"2018-03-27T06:31:43.000Z","volume":1000,"label":" ","price":1.35},{"type":"B","date":"2018-03-27T07:01:10.000Z","volume":1000,"label":" ","price":1.35},{"type":"B","date":"2018-03-27T07:03:57.000Z","volume":5000,"label":" ","price":1.35},{"type":"A","date":"2018-03-27T07:13:48.000Z","volume":3000,"label":" ","price":1.36},{"type":"A","date":"2018-03-27T07:14:26.000Z","volume":1000,"label":" ","price":1.36},{"type":"A","date":"2018-03-27T07:18:44.000Z","volume":2000,"label":" ","price":1.36},{"type":"A","date":"2018-03-27T07:22:14.000Z","volume":10000,"label":" ","price":1.37},{"type":"A","date":"2018-03-27T07:32:31.000Z","volume":1000,"label":" ","price":1.37},{"type":"B","date":"2018-03-27T07:39:14.000Z","volume":5000,"label":" ","price":1.36},{"type":"B","date":"2018-03-27T07:52:52.000Z","volume":30000,"label":" ","price":1.36},{"type":"B","date":"2018-03-27T07:58:00.000Z","volume":1000,"label":" ","price":1.36},{"type":"B","date":"2018-03-27T07:58:15.000Z","volume":68000,"label":" ","price":1.36}]