[{"type":"U","date":"2018-04-06T01:20:00.000Z","volume":3000,"label":"U","price":6.84},{"type":"A","date":"2018-04-06T01:31:38.000Z","volume":7000,"label":" ","price":6.89},{"type":"A","date":"2018-04-06T01:31:39.000Z","volume":500,"label":" ","price":6.89},{"type":"A","date":"2018-04-06T01:31:40.000Z","volume":20000,"label":" ","price":6.9},{"type":"A","date":"2018-04-06T01:31:44.000Z","volume":2500,"label":" ","price":6.98},{"type":"A","date":"2018-04-06T01:33:03.000Z","volume":10000,"label":" ","price":6.91},{"type":"A","date":"2018-04-06T01:34:29.000Z","volume":5000,"label":" ","price":6.91},{"type":"A","date":"2018-04-06T01:36:27.000Z","volume":1000,"label":" ","price":6.9},{"type":"A","date":"2018-04-06T01:36:27.000Z","volume":71500,"label":" ","price":6.9},{"type":"U","date":"2018-04-06T01:37:36.000Z","volume":5000,"label":" ","price":6.9},{"type":"A","date":"2018-04-06T01:38:09.000Z","volume":1000,"label":" ","price":6.91},{"type":"B","date":"2018-04-06T01:38:24.000Z","volume":9000,"label":" ","price":6.89},{"type":"U","date":"2018-04-06T01:39:42.000Z","volume":5500,"label":" ","price":6.89},{"type":"U","date":"2018-04-06T01:39:42.000Z","volume":2500,"label":" ","price":6.89},{"type":"A","date":"2018-04-06T01:39:43.000Z","volume":9000,"label":"Y","price":6.89},{"type":"A","date":"2018-04-06T01:39:43.000Z","volume":3000,"label":" ","price":6.89},{"type":"U","date":"2018-04-06T01:40:14.000Z","volume":6000,"label":" ","price":6.89},{"type":"B","date":"2018-04-06T01:40:29.000Z","volume":3000,"label":" ","price":6.88},{"type":"U","date":"2018-04-06T01:41:38.000Z","volume":1000,"label":" ","price":6.88},{"type":"B","date":"2018-04-06T01:43:11.000Z","volume":50000,"label":" ","price":6.86},{"type":"B","date":"2018-04-06T01:43:23.000Z","volume":2000,"label":"Y","price":6.86},{"type":"B","date":"2018-04-06T01:43:23.000Z","volume":3000,"label":" ","price":6.86},{"type":"B","date":"2018-04-06T01:43:23.000Z","volume":3000,"label":" ","price":6.86},{"type":"B","date":"2018-04-06T01:43:23.000Z","volume":2000,"label":" ","price":6.86},{"type":"B","date":"2018-04-06T01:44:48.000Z","volume":2500,"label":" ","price":6.86},{"type":"B","date":"2018-04-06T01:52:24.000Z","volume":3000,"label":" ","price":6.85},{"type":"B","date":"2018-04-06T01:52:43.000Z","volume":12000,"label":" ","price":6.84},{"type":"B","date":"2018-04-06T01:57:46.000Z","volume":20000,"label":" ","price":6.81},{"type":"A","date":"2018-04-06T02:00:02.000Z","volume":500,"label":" ","price":6.84},{"type":"A","date":"2018-04-06T02:00:03.000Z","volume":500,"label":" ","price":6.84},{"type":"B","date":"2018-04-06T02:00:10.000Z","volume":6500,"label":" ","price":6.81},{"type":"B","date":"2018-04-06T02:01:42.000Z","volume":5000,"label":" ","price":6.82},{"type":"B","date":"2018-04-06T02:01:42.000Z","volume":10000,"label":" ","price":6.82},{"type":"A","date":"2018-04-06T02:03:20.000Z","volume":8000,"label":" ","price":6.83},{"type":"A","date":"2018-04-06T02:04:00.000Z","volume":23000,"label":" ","price":6.83},{"type":"A","date":"2018-04-06T02:04:00.000Z","volume":16000,"label":" ","price":6.83},{"type":"A","date":"2018-04-06T02:05:44.000Z","volume":8000,"label":" ","price":6.84},{"type":"A","date":"2018-04-06T02:08:31.000Z","volume":8000,"label":" ","price":6.84},{"type":"A","date":"2018-04-06T02:09:11.000Z","volume":2500,"label":" ","price":6.84},{"type":"A","date":"2018-04-06T02:09:50.000Z","volume":6000,"label":" ","price":6.84},{"type":"A","date":"2018-04-06T02:10:30.000Z","volume":500,"label":" ","price":6.84},{"type":"A","date":"2018-04-06T02:11:36.000Z","volume":6000,"label":" ","price":6.83},{"type":"A","date":"2018-04-06T02:15:15.000Z","volume":500,"label":" ","price":6.84},{"type":"A","date":"2018-04-06T02:17:31.000Z","volume":26500,"label":" ","price":6.84},{"type":"B","date":"2018-04-06T02:18:27.000Z","volume":15000,"label":" ","price":6.83},{"type":"B","date":"2018-04-06T02:18:27.000Z","volume":3500,"label":" ","price":6.82},{"type":"B","date":"2018-04-06T02:25:21.000Z","volume":4500,"label":" ","price":6.83},{"type":"A","date":"2018-04-06T02:27:45.000Z","volume":500,"label":" ","price":6.86},{"type":"A","date":"2018-04-06T02:31:00.000Z","volume":500,"label":" ","price":6.86},{"type":"A","date":"2018-04-06T02:34:06.000Z","volume":1500,"label":" ","price":6.86},{"type":"A","date":"2018-04-06T02:34:30.000Z","volume":500,"label":" ","price":6.86},{"type":"A","date":"2018-04-06T02:37:15.000Z","volume":500,"label":" ","price":6.86},{"type":"A","date":"2018-04-06T02:40:45.000Z","volume":500,"label":" ","price":6.86},{"type":"A","date":"2018-04-06T02:44:15.000Z","volume":500,"label":" ","price":6.86},{"type":"A","date":"2018-04-06T02:44:30.000Z","volume":500,"label":" ","price":6.86},{"type":"A","date":"2018-04-06T02:48:00.000Z","volume":500,"label":" ","price":6.86},{"type":"A","date":"2018-04-06T02:51:30.000Z","volume":500,"label":" ","price":6.86},{"type":"A","date":"2018-04-06T02:52:53.000Z","volume":500,"label":" ","price":6.86},{"type":"A","date":"2018-04-06T02:53:00.000Z","volume":500,"label":" ","price":6.86},{"type":"A","date":"2018-04-06T02:55:00.000Z","volume":500,"label":" ","price":6.86},{"type":"A","date":"2018-04-06T02:58:30.000Z","volume":500,"label":" ","price":6.86},{"type":"A","date":"2018-04-06T03:01:00.000Z","volume":500,"label":" ","price":6.86},{"type":"B","date":"2018-04-06T03:02:52.000Z","volume":12000,"label":" ","price":6.83},{"type":"B","date":"2018-04-06T03:02:52.000Z","volume":5500,"label":" ","price":6.82},{"type":"B","date":"2018-04-06T03:02:52.000Z","volume":32500,"label":" ","price":6.81},{"type":"A","date":"2018-04-06T03:12:10.000Z","volume":500,"label":" ","price":6.85},{"type":"A","date":"2018-04-06T03:12:15.000Z","volume":500,"label":" ","price":6.85},{"type":"A","date":"2018-04-06T03:13:53.000Z","volume":1000,"label":" ","price":6.85},{"type":"A","date":"2018-04-06T03:15:45.000Z","volume":500,"label":" ","price":6.85},{"type":"A","date":"2018-04-06T03:20:30.000Z","volume":500,"label":" ","price":6.85},{"type":"A","date":"2018-04-06T03:25:00.000Z","volume":500,"label":" ","price":6.85},{"type":"A","date":"2018-04-06T03:27:00.000Z","volume":500,"label":" ","price":6.85},{"type":"A","date":"2018-04-06T03:27:29.000Z","volume":500,"label":" ","price":6.85},{"type":"A","date":"2018-04-06T03:30:00.000Z","volume":500,"label":" ","price":6.85},{"type":"A","date":"2018-04-06T03:32:29.000Z","volume":500,"label":" ","price":6.85},{"type":"B","date":"2018-04-06T03:32:45.000Z","volume":1000,"label":" ","price":6.81},{"type":"A","date":"2018-04-06T03:33:30.000Z","volume":500,"label":" ","price":6.85},{"type":"A","date":"2018-04-06T03:34:45.000Z","volume":500,"label":" ","price":6.85},{"type":"A","date":"2018-04-06T03:39:00.000Z","volume":500,"label":" ","price":6.85},{"type":"A","date":"2018-04-06T03:39:30.000Z","volume":500,"label":" ","price":6.85},{"type":"A","date":"2018-04-06T03:42:28.000Z","volume":500,"label":" ","price":6.85},{"type":"A","date":"2018-04-06T03:46:30.000Z","volume":500,"label":" ","price":6.84},{"type":"A","date":"2018-04-06T03:47:29.000Z","volume":500,"label":" ","price":6.84},{"type":"A","date":"2018-04-06T03:50:04.000Z","volume":500,"label":" ","price":6.84},{"type":"A","date":"2018-04-06T03:52:35.000Z","volume":1000,"label":" ","price":6.84},{"type":"U","date":"2018-04-06T03:55:20.000Z","volume":2000,"label":" ","price":6.83},{"type":"A","date":"2018-04-06T03:59:00.000Z","volume":500,"label":" ","price":6.83},{"type":"A","date":"2018-04-06T03:59:23.000Z","volume":500,"label":" ","price":6.83},{"type":"A","date":"2018-04-06T05:00:00.000Z","volume":11000,"label":" ","price":6.83},{"type":"B","date":"2018-04-06T05:00:01.000Z","volume":4000,"label":" ","price":6.83},{"type":"B","date":"2018-04-06T05:00:01.000Z","volume":4500,"label":" ","price":6.83},{"type":"A","date":"2018-04-06T05:04:02.000Z","volume":1000,"label":" ","price":6.84},{"type":"B","date":"2018-04-06T05:04:53.000Z","volume":16000,"label":" ","price":6.83},{"type":"B","date":"2018-04-06T05:10:50.000Z","volume":4500,"label":" ","price":6.82},{"type":"B","date":"2018-04-06T05:10:50.000Z","volume":1000,"label":" ","price":6.81},{"type":"B","date":"2018-04-06T05:10:50.000Z","volume":16000,"label":" ","price":6.81},{"type":"B","date":"2018-04-06T05:10:50.000Z","volume":13500,"label":" ","price":6.81},{"type":"B","date":"2018-04-06T05:10:51.000Z","volume":1500,"label":" ","price":6.81},{"type":"B","date":"2018-04-06T05:12:28.000Z","volume":4000,"label":" ","price":6.8},{"type":"B","date":"2018-04-06T05:12:28.000Z","volume":3000,"label":" ","price":6.79},{"type":"B","date":"2018-04-06T05:12:29.000Z","volume":25500,"label":" ","price":6.79},{"type":"B","date":"2018-04-06T05:12:29.000Z","volume":22000,"label":" ","price":6.79},{"type":"B","date":"2018-04-06T05:13:48.000Z","volume":24000,"label":" ","price":6.78},{"type":"B","date":"2018-04-06T05:18:04.000Z","volume":6000,"label":" ","price":6.76},{"type":"A","date":"2018-04-06T05:18:51.000Z","volume":9500,"label":" ","price":6.77},{"type":"A","date":"2018-04-06T05:18:51.000Z","volume":6500,"label":" ","price":6.77},{"type":"A","date":"2018-04-06T05:19:17.000Z","volume":17000,"label":" ","price":6.78},{"type":"B","date":"2018-04-06T05:24:16.000Z","volume":14500,"label":" ","price":6.78},{"type":"B","date":"2018-04-06T05:24:16.000Z","volume":2500,"label":" ","price":6.77},{"type":"U","date":"2018-04-06T05:26:38.000Z","volume":2500,"label":" ","price":6.78},{"type":"A","date":"2018-04-06T05:26:39.000Z","volume":24000,"label":" ","price":6.78},{"type":"B","date":"2018-04-06T05:27:46.000Z","volume":20000,"label":" ","price":6.77},{"type":"B","date":"2018-04-06T05:30:40.000Z","volume":5000,"label":" ","price":6.77},{"type":"B","date":"2018-04-06T05:30:40.000Z","volume":2500,"label":" ","price":6.77},{"type":"A","date":"2018-04-06T05:34:37.000Z","volume":2000,"label":" ","price":6.77},{"type":"A","date":"2018-04-06T05:35:06.000Z","volume":10000,"label":" ","price":6.77},{"type":"B","date":"2018-04-06T05:36:27.000Z","volume":30500,"label":" ","price":6.76},{"type":"B","date":"2018-04-06T05:37:33.000Z","volume":30000,"label":" ","price":6.76},{"type":"U","date":"2018-04-06T05:38:24.000Z","volume":6500,"label":" ","price":6.76},{"type":"A","date":"2018-04-06T05:38:32.000Z","volume":32000,"label":" ","price":6.76},{"type":"A","date":"2018-04-06T05:42:02.000Z","volume":500,"label":" ","price":6.78},{"type":"A","date":"2018-04-06T05:50:21.000Z","volume":2500,"label":" ","price":6.79},{"type":"A","date":"2018-04-06T05:50:21.000Z","volume":8500,"label":"Y","price":6.79},{"type":"A","date":"2018-04-06T05:50:21.000Z","volume":2000,"label":" ","price":6.79},{"type":"B","date":"2018-04-06T05:51:41.000Z","volume":8000,"label":" ","price":6.78},{"type":"A","date":"2018-04-06T05:51:47.000Z","volume":5000,"label":" ","price":6.78},{"type":"A","date":"2018-04-06T05:52:02.000Z","volume":500,"label":" ","price":6.78},{"type":"A","date":"2018-04-06T05:58:13.000Z","volume":2500,"label":" ","price":6.78},{"type":"A","date":"2018-04-06T05:59:31.000Z","volume":4500,"label":" ","price":6.78},{"type":"B","date":"2018-04-06T06:02:45.000Z","volume":4000,"label":" ","price":6.76},{"type":"B","date":"2018-04-06T06:02:45.000Z","volume":3000,"label":" ","price":6.76},{"type":"B","date":"2018-04-06T06:02:45.000Z","volume":4500,"label":" ","price":6.76},{"type":"B","date":"2018-04-06T06:02:45.000Z","volume":500,"label":" ","price":6.75},{"type":"B","date":"2018-04-06T06:02:45.000Z","volume":500,"label":" ","price":6.75},{"type":"B","date":"2018-04-06T06:02:45.000Z","volume":4000,"label":" ","price":6.75},{"type":"A","date":"2018-04-06T06:02:55.000Z","volume":10000,"label":" ","price":6.78},{"type":"A","date":"2018-04-06T06:03:15.000Z","volume":20000,"label":" ","price":6.78},{"type":"B","date":"2018-04-06T06:05:41.000Z","volume":10000,"label":" ","price":6.76},{"type":"A","date":"2018-04-06T06:09:11.000Z","volume":20000,"label":" ","price":6.77},{"type":"B","date":"2018-04-06T06:10:49.000Z","volume":9500,"label":" ","price":6.76},{"type":"B","date":"2018-04-06T06:10:49.000Z","volume":72500,"label":"Y","price":6.75},{"type":"B","date":"2018-04-06T06:10:49.000Z","volume":18000,"label":" ","price":6.75},{"type":"A","date":"2018-04-06T06:18:17.000Z","volume":500,"label":" ","price":6.77},{"type":"A","date":"2018-04-06T06:22:12.000Z","volume":500,"label":" ","price":6.77},{"type":"A","date":"2018-04-06T06:22:12.000Z","volume":27000,"label":" ","price":6.78},{"type":"A","date":"2018-04-06T06:28:57.000Z","volume":500,"label":" ","price":6.78},{"type":"A","date":"2018-04-06T06:45:26.000Z","volume":500,"label":" ","price":6.78},{"type":"A","date":"2018-04-06T06:48:59.000Z","volume":1000,"label":" ","price":6.78},{"type":"A","date":"2018-04-06T06:49:18.000Z","volume":1500,"label":" ","price":6.78},{"type":"A","date":"2018-04-06T06:49:18.000Z","volume":500,"label":" ","price":6.78},{"type":"A","date":"2018-04-06T06:49:49.000Z","volume":500,"label":" ","price":6.78},{"type":"A","date":"2018-04-06T06:51:47.000Z","volume":500,"label":" ","price":6.78},{"type":"A","date":"2018-04-06T06:53:12.000Z","volume":50000,"label":" ","price":6.78},{"type":"B","date":"2018-04-06T06:54:13.000Z","volume":6000,"label":" ","price":6.76},{"type":"A","date":"2018-04-06T06:54:23.000Z","volume":24500,"label":" ","price":6.79},{"type":"A","date":"2018-04-06T06:54:23.000Z","volume":5000,"label":" ","price":6.79},{"type":"B","date":"2018-04-06T06:54:23.000Z","volume":500,"label":" ","price":6.79},{"type":"B","date":"2018-04-06T06:56:43.000Z","volume":7000,"label":" ","price":6.78},{"type":"B","date":"2018-04-06T06:56:43.000Z","volume":5500,"label":" ","price":6.78},{"type":"B","date":"2018-04-06T06:56:43.000Z","volume":5500,"label":" ","price":6.78},{"type":"B","date":"2018-04-06T06:56:43.000Z","volume":4500,"label":" ","price":6.78},{"type":"B","date":"2018-04-06T06:56:43.000Z","volume":1000,"label":" ","price":6.78},{"type":"B","date":"2018-04-06T06:57:19.000Z","volume":3000,"label":" ","price":6.78},{"type":"B","date":"2018-04-06T06:57:19.000Z","volume":500,"label":" ","price":6.78},{"type":"B","date":"2018-04-06T06:57:19.000Z","volume":4000,"label":" ","price":6.78},{"type":"B","date":"2018-04-06T06:57:19.000Z","volume":23500,"label":" ","price":6.78},{"type":"B","date":"2018-04-06T06:58:01.000Z","volume":2500,"label":" ","price":6.77},{"type":"B","date":"2018-04-06T06:58:01.000Z","volume":3500,"label":" ","price":6.77},{"type":"B","date":"2018-04-06T06:58:01.000Z","volume":1500,"label":" ","price":6.77},{"type":"A","date":"2018-04-06T06:58:59.000Z","volume":19500,"label":" ","price":6.78},{"type":"A","date":"2018-04-06T06:58:59.000Z","volume":12500,"label":" ","price":6.78},{"type":"U","date":"2018-04-06T07:01:27.000Z","volume":2500,"label":" ","price":6.79},{"type":"B","date":"2018-04-06T07:02:35.000Z","volume":5000,"label":" ","price":6.79},{"type":"B","date":"2018-04-06T07:12:05.000Z","volume":1000,"label":" ","price":6.79},{"type":"B","date":"2018-04-06T07:12:05.000Z","volume":4500,"label":" ","price":6.79},{"type":"B","date":"2018-04-06T07:12:05.000Z","volume":3000,"label":" ","price":6.78},{"type":"B","date":"2018-04-06T07:12:05.000Z","volume":7500,"label":" ","price":6.78},{"type":"B","date":"2018-04-06T07:12:05.000Z","volume":6000,"label":" ","price":6.78},{"type":"B","date":"2018-04-06T07:12:05.000Z","volume":9000,"label":" ","price":6.78},{"type":"B","date":"2018-04-06T07:12:34.000Z","volume":7500,"label":" ","price":6.78},{"type":"B","date":"2018-04-06T07:12:34.000Z","volume":5500,"label":" ","price":6.78},{"type":"B","date":"2018-04-06T07:12:34.000Z","volume":6000,"label":" ","price":6.78},{"type":"B","date":"2018-04-06T07:12:34.000Z","volume":1000,"label":" ","price":6.78},{"type":"B","date":"2018-04-06T07:12:34.000Z","volume":4500,"label":" ","price":6.78},{"type":"U","date":"2018-04-06T07:13:25.000Z","volume":1500,"label":" ","price":6.78},{"type":"B","date":"2018-04-06T07:14:29.000Z","volume":10000,"label":" ","price":6.77},{"type":"B","date":"2018-04-06T07:14:55.000Z","volume":1000,"label":" ","price":6.77},{"type":"A","date":"2018-04-06T07:26:30.000Z","volume":1500,"label":" ","price":6.78},{"type":"B","date":"2018-04-06T07:26:41.000Z","volume":500,"label":" ","price":6.77},{"type":"A","date":"2018-04-06T07:27:07.000Z","volume":2500,"label":" ","price":6.78},{"type":"A","date":"2018-04-06T07:28:50.000Z","volume":5000,"label":" ","price":6.78},{"type":"A","date":"2018-04-06T07:32:17.000Z","volume":500,"label":" ","price":6.78},{"type":"A","date":"2018-04-06T07:35:27.000Z","volume":500,"label":" ","price":6.78},{"type":"A","date":"2018-04-06T07:40:21.000Z","volume":1500,"label":" ","price":6.78},{"type":"A","date":"2018-04-06T07:42:32.000Z","volume":500,"label":" ","price":6.78},{"type":"A","date":"2018-04-06T07:43:29.000Z","volume":500,"label":" ","price":6.78},{"type":"B","date":"2018-04-06T07:44:26.000Z","volume":13000,"label":" ","price":6.77},{"type":"B","date":"2018-04-06T07:44:26.000Z","volume":9000,"label":" ","price":6.76},{"type":"A","date":"2018-04-06T07:45:27.000Z","volume":500,"label":" ","price":6.78},{"type":"A","date":"2018-04-06T07:48:02.000Z","volume":500,"label":" ","price":6.78},{"type":"A","date":"2018-04-06T07:48:39.000Z","volume":16000,"label":" ","price":6.78},{"type":"A","date":"2018-04-06T07:48:39.000Z","volume":1000,"label":" ","price":6.78},{"type":"A","date":"2018-04-06T07:52:16.000Z","volume":1000,"label":" ","price":6.78},{"type":"A","date":"2018-04-06T07:52:30.000Z","volume":1500,"label":" ","price":6.78},{"type":"A","date":"2018-04-06T07:52:31.000Z","volume":500,"label":" ","price":6.78},{"type":"A","date":"2018-04-06T07:53:13.000Z","volume":500,"label":" ","price":6.78},{"type":"A","date":"2018-04-06T07:54:34.000Z","volume":500,"label":" ","price":6.78},{"type":"A","date":"2018-04-06T07:54:54.000Z","volume":500,"label":" ","price":6.78},{"type":"A","date":"2018-04-06T07:56:53.000Z","volume":1000,"label":" ","price":6.78},{"type":"A","date":"2018-04-06T07:57:29.000Z","volume":500,"label":" ","price":6.78},{"type":"A","date":"2018-04-06T07:58:54.000Z","volume":500,"label":" ","price":6.78},{"type":"A","date":"2018-04-06T07:59:12.000Z","volume":6000,"label":" ","price":6.78},{"type":"A","date":"2018-04-06T07:59:15.000Z","volume":500,"label":" ","price":6.78},{"type":"B","date":"2018-04-06T07:59:20.000Z","volume":17000,"label":" ","price":6.77},{"type":"A","date":"2018-04-06T07:59:28.000Z","volume":500,"label":" ","price":6.77},{"type":"A","date":"2018-04-06T07:59:34.000Z","volume":1000,"label":" ","price":6.77},{"type":"A","date":"2018-04-06T07:59:38.000Z","volume":500,"label":" ","price":6.77},{"type":"B","date":"2018-04-06T07:59:45.000Z","volume":6000,"label":" ","price":6.76},{"type":"A","date":"2018-04-06T07:59:49.000Z","volume":2000,"label":" ","price":6.77},{"type":"U","date":"2018-04-06T08:08:20.000Z","volume":57000,"label":"U","price":6.79}]