[{"type":"U","date":"2018-04-03T01:05:00.000Z","volume":10000,"label":"P","price":21.33},{"type":"U","date":"2018-04-03T01:05:30.000Z","volume":72000,"label":"P","price":21.6},{"type":"U","date":"2018-04-03T01:20:00.000Z","volume":349000,"label":"U","price":21.3},{"type":"A","date":"2018-04-03T01:30:00.000Z","volume":4000,"label":" ","price":21.35},{"type":"A","date":"2018-04-03T01:30:00.000Z","volume":1000,"label":" ","price":21.35},{"type":"B","date":"2018-04-03T01:30:01.000Z","volume":2000,"label":" ","price":21.3},{"type":"A","date":"2018-04-03T01:30:02.000Z","volume":3000,"label":" ","price":21.35},{"type":"A","date":"2018-04-03T01:30:02.000Z","volume":1000,"label":" ","price":21.35},{"type":"A","date":"2018-04-03T01:30:02.000Z","volume":14000,"label":" ","price":21.4},{"type":"A","date":"2018-04-03T01:30:02.000Z","volume":5000,"label":" ","price":21.4},{"type":"B","date":"2018-04-03T01:30:02.000Z","volume":6000,"label":" ","price":21.3},{"type":"B","date":"2018-04-03T01:30:02.000Z","volume":1000,"label":" ","price":21.3},{"type":"A","date":"2018-04-03T01:30:03.000Z","volume":3000,"label":" ","price":21.4},{"type":"A","date":"2018-04-03T01:30:03.000Z","volume":10000,"label":" ","price":21.4},{"type":"A","date":"2018-04-03T01:30:03.000Z","volume":1000,"label":" ","price":21.4},{"type":"A","date":"2018-04-03T01:30:03.000Z","volume":5000,"label":" ","price":21.4},{"type":"U","date":"2018-04-03T01:30:04.000Z","volume":429,"label":"D","price":21.3},{"type":"A","date":"2018-04-03T01:30:04.000Z","volume":2000,"label":" ","price":21.4},{"type":"B","date":"2018-04-03T01:30:04.000Z","volume":1000,"label":" ","price":21.3},{"type":"B","date":"2018-04-03T01:30:05.000Z","volume":1000,"label":" ","price":21.3},{"type":"B","date":"2018-04-03T01:30:05.000Z","volume":5000,"label":" ","price":21.3},{"type":"B","date":"2018-04-03T01:30:06.000Z","volume":1000,"label":" ","price":21.3},{"type":"A","date":"2018-04-03T01:30:07.000Z","volume":2000,"label":" ","price":21.35},{"type":"A","date":"2018-04-03T01:30:07.000Z","volume":20000,"label":" ","price":21.35},{"type":"A","date":"2018-04-03T01:30:07.000Z","volume":3000,"label":" ","price":21.35},{"type":"A","date":"2018-04-03T01:30:07.000Z","volume":7000,"label":" ","price":21.4},{"type":"A","date":"2018-04-03T01:30:07.000Z","volume":1000,"label":" ","price":21.4},{"type":"A","date":"2018-04-03T01:30:07.000Z","volume":9000,"label":" ","price":21.4},{"type":"A","date":"2018-04-03T01:30:08.000Z","volume":2000,"label":" ","price":21.4},{"type":"A","date":"2018-04-03T01:30:08.000Z","volume":1000,"label":" ","price":21.4},{"type":"B","date":"2018-04-03T01:30:08.000Z","volume":1000,"label":" ","price":21.3},{"type":"B","date":"2018-04-03T01:30:08.000Z","volume":3000,"label":" ","price":21.3},{"type":"A","date":"2018-04-03T01:30:08.000Z","volume":1000,"label":" ","price":21.4},{"type":"B","date":"2018-04-03T01:30:08.000Z","volume":7000,"label":" ","price":21.3},{"type":"A","date":"2018-04-03T01:30:09.000Z","volume":1000,"label":" ","price":21.4},{"type":"A","date":"2018-04-03T01:30:09.000Z","volume":2000,"label":" ","price":21.4},{"type":"A","date":"2018-04-03T01:30:09.000Z","volume":1000,"label":" ","price":21.4},{"type":"A","date":"2018-04-03T01:30:09.000Z","volume":1000,"label":" ","price":21.4},{"type":"B","date":"2018-04-03T01:30:09.000Z","volume":1000,"label":" ","price":21.3},{"type":"B","date":"2018-04-03T01:30:09.000Z","volume":1000,"label":" ","price":21.3},{"type":"B","date":"2018-04-03T01:30:09.000Z","volume":1000,"label":" ","price":21.3},{"type":"B","date":"2018-04-03T01:30:09.000Z","volume":1000,"label":" ","price":21.3},{"type":"B","date":"2018-04-03T01:30:09.000Z","volume":2000,"label":" ","price":21.35},{"type":"A","date":"2018-04-03T01:30:10.000Z","volume":1000,"label":" ","price":21.4},{"type":"B","date":"2018-04-03T01:30:10.000Z","volume":1000,"label":" ","price":21.3},{"type":"B","date":"2018-04-03T01:30:10.000Z","volume":34000,"label":" ","price":21.3},{"type":"B","date":"2018-04-03T01:30:10.000Z","volume":15000,"label":" ","price":21.3},{"type":"A","date":"2018-04-03T01:30:10.000Z","volume":8000,"label":" ","price":21.35},{"type":"A","date":"2018-04-03T01:30:10.000Z","volume":1000,"label":" ","price":21.35},{"type":"A","date":"2018-04-03T01:30:11.000Z","volume":1000,"label":" ","price":21.35},{"type":"B","date":"2018-04-03T01:30:11.000Z","volume":1000,"label":" ","price":21.3},{"type":"B","date":"2018-04-03T01:30:11.000Z","volume":1000,"label":" ","price":21.3},{"type":"A","date":"2018-04-03T01:30:11.000Z","volume":5000,"label":" ","price":21.35},{"type":"A","date":"2018-04-03T01:30:11.000Z","volume":5000,"label":" ","price":21.35},{"type":"B","date":"2018-04-03T01:30:12.000Z","volume":1000,"label":" ","price":21.3},{"type":"U","date":"2018-04-03T01:30:12.000Z","volume":7000,"label":"X","price":21.325},{"type":"A","date":"2018-04-03T01:30:12.000Z","volume":1000,"label":" ","price":21.35},{"type":"B","date":"2018-04-03T01:30:12.000Z","volume":1000,"label":" ","price":21.3},{"type":"B","date":"2018-04-03T01:30:12.000Z","volume":1000,"label":" ","price":21.3},{"type":"A","date":"2018-04-03T01:30:13.000Z","volume":10000,"label":" ","price":21.35},{"type":"B","date":"2018-04-03T01:30:13.000Z","volume":1000,"label":" ","price":21.3},{"type":"B","date":"2018-04-03T01:30:13.000Z","volume":1000,"label":" ","price":21.3},{"type":"B","date":"2018-04-03T01:30:13.000Z","volume":1000,"label":" ","price":21.3},{"type":"A","date":"2018-04-03T01:30:13.000Z","volume":4000,"label":" ","price":21.35},{"type":"A","date":"2018-04-03T01:30:14.000Z","volume":3000,"label":" ","price":21.35},{"type":"A","date":"2018-04-03T01:30:15.000Z","volume":7000,"label":" ","price":21.35},{"type":"B","date":"2018-04-03T01:30:17.000Z","volume":5000,"label":" ","price":21.3},{"type":"B","date":"2018-04-03T01:30:17.000Z","volume":1000,"label":" ","price":21.3},{"type":"B","date":"2018-04-03T01:30:18.000Z","volume":5000,"label":" ","price":21.3},{"type":"A","date":"2018-04-03T01:30:20.000Z","volume":3000,"label":" ","price":21.35},{"type":"A","date":"2018-04-03T01:30:20.000Z","volume":1000,"label":" ","price":21.35},{"type":"B","date":"2018-04-03T01:30:20.000Z","volume":3000,"label":" ","price":21.3},{"type":"A","date":"2018-04-03T01:30:22.000Z","volume":6000,"label":" ","price":21.35},{"type":"B","date":"2018-04-03T01:30:22.000Z","volume":1000,"label":" ","price":21.3},{"type":"B","date":"2018-04-03T01:30:22.000Z","volume":9000,"label":" ","price":21.3},{"type":"B","date":"2018-04-03T01:30:24.000Z","volume":4000,"label":" ","price":21.3},{"type":"B","date":"2018-04-03T01:30:27.000Z","volume":1000,"label":" ","price":21.3},{"type":"A","date":"2018-04-03T01:30:31.000Z","volume":2000,"label":" ","price":21.35},{"type":"B","date":"2018-04-03T01:30:31.000Z","volume":1000,"label":" ","price":21.3},{"type":"A","date":"2018-04-03T01:30:35.000Z","volume":1000,"label":" ","price":21.35},{"type":"A","date":"2018-04-03T01:30:36.000Z","volume":14000,"label":" ","price":21.35},{"type":"B","date":"2018-04-03T01:30:38.000Z","volume":7000,"label":" ","price":21.3},{"type":"A","date":"2018-04-03T01:30:52.000Z","volume":1000,"label":" ","price":21.35},{"type":"B","date":"2018-04-03T01:30:53.000Z","volume":1000,"label":" ","price":21.3},{"type":"B","date":"2018-04-03T01:30:58.000Z","volume":3000,"label":" ","price":21.3},{"type":"B","date":"2018-04-03T01:30:58.000Z","volume":1000,"label":" ","price":21.3},{"type":"A","date":"2018-04-03T01:30:59.000Z","volume":1000,"label":" ","price":21.35},{"type":"U","date":"2018-04-03T01:31:01.000Z","volume":6000,"label":"X","price":21.325},{"type":"A","date":"2018-04-03T01:31:01.000Z","volume":260000,"label":" ","price":21.35},{"type":"A","date":"2018-04-03T01:31:01.000Z","volume":5000,"label":" ","price":21.4},{"type":"A","date":"2018-04-03T01:31:01.000Z","volume":5000,"label":" ","price":21.35},{"type":"A","date":"2018-04-03T01:31:01.000Z","volume":5000,"label":" ","price":21.35},{"type":"A","date":"2018-04-03T01:31:01.000Z","volume":75000,"label":" ","price":21.35},{"type":"A","date":"2018-04-03T01:31:01.000Z","volume":35000,"label":" ","price":21.35},{"type":"A","date":"2018-04-03T01:31:01.000Z","volume":1000,"label":" ","price":21.35},{"type":"A","date":"2018-04-03T01:31:01.000Z","volume":11000,"label":" ","price":21.35},{"type":"A","date":"2018-04-03T01:31:02.000Z","volume":44000,"label":" ","price":21.4},{"type":"A","date":"2018-04-03T01:31:02.000Z","volume":41000,"label":" ","price":21.4},{"type":"A","date":"2018-04-03T01:31:02.000Z","volume":9000,"label":" ","price":21.4},{"type":"A","date":"2018-04-03T01:31:02.000Z","volume":1000,"label":" ","price":21.45},{"type":"A","date":"2018-04-03T01:31:02.000Z","volume":1000,"label":" ","price":21.45},{"type":"A","date":"2018-04-03T01:31:02.000Z","volume":36000,"label":" ","price":21.4},{"type":"A","date":"2018-04-03T01:31:02.000Z","volume":27000,"label":" ","price":21.45},{"type":"A","date":"2018-04-03T01:31:02.000Z","volume":1000,"label":" ","price":21.45},{"type":"A","date":"2018-04-03T01:31:03.000Z","volume":6000,"label":" ","price":21.45},{"type":"A","date":"2018-04-03T01:31:03.000Z","volume":6000,"label":" ","price":21.45},{"type":"A","date":"2018-04-03T01:31:05.000Z","volume":27000,"label":" ","price":21.45},{"type":"A","date":"2018-04-03T01:31:05.000Z","volume":1000,"label":"Y","price":21.45},{"type":"A","date":"2018-04-03T01:31:05.000Z","volume":2000,"label":" ","price":21.45},{"type":"A","date":"2018-04-03T01:31:05.000Z","volume":1000,"label":" ","price":21.45},{"type":"A","date":"2018-04-03T01:31:07.000Z","volume":3000,"label":" ","price":21.45},{"type":"B","date":"2018-04-03T01:31:07.000Z","volume":30000,"label":" ","price":21.4},{"type":"B","date":"2018-04-03T01:31:07.000Z","volume":38000,"label":" ","price":21.4},{"type":"B","date":"2018-04-03T01:31:07.000Z","volume":1000,"label":" ","price":21.4},{"type":"B","date":"2018-04-03T01:31:08.000Z","volume":1000,"label":" ","price":21.35},{"type":"B","date":"2018-04-03T01:31:11.000Z","volume":4000,"label":" ","price":21.35},{"type":"B","date":"2018-04-03T01:31:35.000Z","volume":2000,"label":" ","price":21.35},{"type":"B","date":"2018-04-03T01:31:36.000Z","volume":5000,"label":" ","price":21.35},{"type":"B","date":"2018-04-03T01:31:36.000Z","volume":1000,"label":" ","price":21.35},{"type":"B","date":"2018-04-03T01:31:48.000Z","volume":39000,"label":" ","price":21.35},{"type":"B","date":"2018-04-03T01:31:48.000Z","volume":2000,"label":" ","price":21.35},{"type":"B","date":"2018-04-03T01:31:48.000Z","volume":5000,"label":" ","price":21.35},{"type":"B","date":"2018-04-03T01:31:48.000Z","volume":1000,"label":" ","price":21.35},{"type":"B","date":"2018-04-03T01:31:48.000Z","volume":3000,"label":" ","price":21.35},{"type":"A","date":"2018-04-03T01:31:55.000Z","volume":10000,"label":"Y","price":21.35},{"type":"U","date":"2018-04-03T01:32:02.000Z","volume":37,"label":"D","price":21.35},{"type":"A","date":"2018-04-03T01:32:02.000Z","volume":4000,"label":"Y","price":21.35},{"type":"A","date":"2018-04-03T01:32:02.000Z","volume":15000,"label":" ","price":21.35},{"type":"A","date":"2018-04-03T01:32:20.000Z","volume":6000,"label":" ","price":21.35},{"type":"A","date":"2018-04-03T01:32:21.000Z","volume":3000,"label":" ","price":21.35},{"type":"A","date":"2018-04-03T01:32:28.000Z","volume":1000,"label":" ","price":21.35},{"type":"A","date":"2018-04-03T01:32:54.000Z","volume":25000,"label":" ","price":21.35},{"type":"A","date":"2018-04-03T01:32:54.000Z","volume":5000,"label":" ","price":21.35},{"type":"A","date":"2018-04-03T01:32:54.000Z","volume":58000,"label":" ","price":21.35},{"type":"A","date":"2018-04-03T01:32:54.000Z","volume":3000,"label":" ","price":21.35},{"type":"A","date":"2018-04-03T01:32:54.000Z","volume":51000,"label":" ","price":21.35},{"type":"A","date":"2018-04-03T01:32:54.000Z","volume":6000,"label":" ","price":21.35},{"type":"A","date":"2018-04-03T01:32:56.000Z","volume":9000,"label":" ","price":21.4},{"type":"A","date":"2018-04-03T01:32:56.000Z","volume":3000,"label":" ","price":21.4},{"type":"A","date":"2018-04-03T01:33:01.000Z","volume":8000,"label":" ","price":21.4},{"type":"A","date":"2018-04-03T01:33:01.000Z","volume":1000,"label":" ","price":21.4},{"type":"A","date":"2018-04-03T01:33:01.000Z","volume":52000,"label":" ","price":21.4},{"type":"A","date":"2018-04-03T01:33:01.000Z","volume":6000,"label":" ","price":21.4},{"type":"U","date":"2018-04-03T01:33:02.000Z","volume":49000,"label":" ","price":21.4},{"type":"B","date":"2018-04-03T01:33:02.000Z","volume":3000,"label":" ","price":21.4},{"type":"A","date":"2018-04-03T01:33:17.000Z","volume":2000,"label":" ","price":21.4},{"type":"B","date":"2018-04-03T01:33:26.000Z","volume":140000,"label":" ","price":21.35},{"type":"A","date":"2018-04-03T01:33:28.000Z","volume":3000,"label":" ","price":21.4},{"type":"A","date":"2018-04-03T01:33:29.000Z","volume":5000,"label":" ","price":21.4},{"type":"A","date":"2018-04-03T01:33:40.000Z","volume":1000,"label":" ","price":21.4},{"type":"B","date":"2018-04-03T01:33:49.000Z","volume":10000,"label":" ","price":21.35},{"type":"A","date":"2018-04-03T01:33:50.000Z","volume":50000,"label":" ","price":21.4},{"type":"A","date":"2018-04-03T01:33:50.000Z","volume":1000,"label":" ","price":21.4},{"type":"U","date":"2018-04-03T01:33:50.000Z","volume":8000,"label":"X","price":21.425},{"type":"A","date":"2018-04-03T01:33:50.000Z","volume":6000,"label":" ","price":21.4},{"type":"A","date":"2018-04-03T01:33:50.000Z","volume":1000,"label":" ","price":21.4},{"type":"U","date":"2018-04-03T01:33:50.000Z","volume":1000,"label":"X","price":21.375},{"type":"A","date":"2018-04-03T01:33:50.000Z","volume":8000,"label":" ","price":21.4},{"type":"A","date":"2018-04-03T01:33:51.000Z","volume":4000,"label":" ","price":21.4},{"type":"B","date":"2018-04-03T01:33:53.000Z","volume":3000,"label":" ","price":21.4},{"type":"B","date":"2018-04-03T01:33:54.000Z","volume":1000,"label":" ","price":21.4},{"type":"B","date":"2018-04-03T01:33:56.000Z","volume":14000,"label":" ","price":21.4},{"type":"B","date":"2018-04-03T01:33:56.000Z","volume":1000,"label":" ","price":21.4},{"type":"B","date":"2018-04-03T01:33:57.000Z","volume":1000,"label":" ","price":21.4},{"type":"U","date":"2018-04-03T01:33:58.000Z","volume":1000,"label":"X","price":21.375},{"type":"B","date":"2018-04-03T01:34:03.000Z","volume":6000,"label":" ","price":21.35},{"type":"A","date":"2018-04-03T01:34:09.000Z","volume":1000,"label":" ","price":21.4},{"type":"B","date":"2018-04-03T01:34:18.000Z","volume":51000,"label":" ","price":21.35},{"type":"U","date":"2018-04-03T01:34:18.000Z","volume":3000,"label":"X","price":21.375},{"type":"U","date":"2018-04-03T01:34:21.000Z","volume":1000,"label":"X","price":21.375},{"type":"A","date":"2018-04-03T01:34:22.000Z","volume":50000,"label":" ","price":21.4},{"type":"A","date":"2018-04-03T01:34:24.000Z","volume":8000,"label":" ","price":21.4},{"type":"B","date":"2018-04-03T01:34:31.000Z","volume":4000,"label":" ","price":21.35},{"type":"B","date":"2018-04-03T01:34:33.000Z","volume":4000,"label":" ","price":21.35},{"type":"B","date":"2018-04-03T01:34:41.000Z","volume":1000,"label":" ","price":21.35},{"type":"B","date":"2018-04-03T01:34:41.000Z","volume":130000,"label":" ","price":21.35},{"type":"B","date":"2018-04-03T01:34:41.000Z","volume":6000,"label":" ","price":21.35},{"type":"A","date":"2018-04-03T01:34:41.000Z","volume":7000,"label":" ","price":21.35},{"type":"B","date":"2018-04-03T01:34:44.000Z","volume":1000,"label":" ","price":21.3},{"type":"U","date":"2018-04-03T01:34:48.000Z","volume":7000,"label":"X","price":21.35},{"type":"B","date":"2018-04-03T01:34:51.000Z","volume":20000,"label":" ","price":21.3},{"type":"A","date":"2018-04-03T01:34:55.000Z","volume":150000,"label":" ","price":21.35},{"type":"A","date":"2018-04-03T01:34:55.000Z","volume":20000,"label":" ","price":21.35},{"type":"A","date":"2018-04-03T01:34:55.000Z","volume":6000,"label":" ","price":21.35},{"type":"B","date":"2018-04-03T01:34:58.000Z","volume":18000,"label":" ","price":21.3},{"type":"A","date":"2018-04-03T01:34:58.000Z","volume":4000,"label":" ","price":21.35},{"type":"B","date":"2018-04-03T01:34:59.000Z","volume":6000,"label":" ","price":21.3},{"type":"A","date":"2018-04-03T01:35:04.000Z","volume":1000,"label":" ","price":21.35},{"type":"U","date":"2018-04-03T01:35:06.000Z","volume":4000,"label":"X","price":21.325},{"type":"A","date":"2018-04-03T01:35:23.000Z","volume":5000,"label":" ","price":21.35},{"type":"A","date":"2018-04-03T01:35:24.000Z","volume":4000,"label":" ","price":21.35},{"type":"B","date":"2018-04-03T01:35:26.000Z","volume":2000,"label":" ","price":21.3},{"type":"B","date":"2018-04-03T01:35:26.000Z","volume":6000,"label":" ","price":21.3},{"type":"B","date":"2018-04-03T01:35:57.000Z","volume":2000,"label":"Y","price":21.3},{"type":"B","date":"2018-04-03T01:35:58.000Z","volume":5000,"label":" ","price":21.3},{"type":"A","date":"2018-04-03T01:36:24.000Z","volume":3000,"label":" ","price":21.35},{"type":"A","date":"2018-04-03T01:36:30.000Z","volume":6000,"label":" ","price":21.35},{"type":"A","date":"2018-04-03T01:36:49.000Z","volume":25000,"label":" ","price":21.35},{"type":"A","date":"2018-04-03T01:36:49.000Z","volume":44000,"label":" ","price":21.35},{"type":"B","date":"2018-04-03T01:37:16.000Z","volume":10000,"label":" ","price":21.35},{"type":"B","date":"2018-04-03T01:37:17.000Z","volume":11000,"label":" ","price":21.35},{"type":"U","date":"2018-04-03T01:37:18.000Z","volume":2000,"label":"X","price":21.375},{"type":"B","date":"2018-04-03T01:37:22.000Z","volume":3000,"label":" ","price":21.35},{"type":"B","date":"2018-04-03T01:37:27.000Z","volume":5000,"label":" ","price":21.35},{"type":"B","date":"2018-04-03T01:37:28.000Z","volume":5000,"label":" ","price":21.35},{"type":"A","date":"2018-04-03T01:37:33.000Z","volume":50000,"label":" ","price":21.4},{"type":"B","date":"2018-04-03T01:37:33.000Z","volume":3000,"label":" ","price":21.35},{"type":"A","date":"2018-04-03T01:37:33.000Z","volume":7000,"label":" ","price":21.4},{"type":"B","date":"2018-04-03T01:37:33.000Z","volume":1000,"label":" ","price":21.35},{"type":"A","date":"2018-04-03T01:37:36.000Z","volume":9000,"label":" ","price":21.4},{"type":"A","date":"2018-04-03T01:37:37.000Z","volume":3000,"label":" ","price":21.4},{"type":"A","date":"2018-04-03T01:37:37.000Z","volume":2000,"label":" ","price":21.4},{"type":"U","date":"2018-04-03T01:37:42.000Z","volume":6000,"label":"X","price":21.4},{"type":"A","date":"2018-04-03T01:37:42.000Z","volume":2000,"label":" ","price":21.4},{"type":"A","date":"2018-04-03T01:37:48.000Z","volume":40000,"label":" ","price":21.4},{"type":"B","date":"2018-04-03T01:37:48.000Z","volume":3000,"label":" ","price":21.35},{"type":"B","date":"2018-04-03T01:37:49.000Z","volume":10000,"label":" ","price":21.35},{"type":"B","date":"2018-04-03T01:37:49.000Z","volume":1000,"label":" ","price":21.35},{"type":"B","date":"2018-04-03T01:37:55.000Z","volume":5000,"label":" ","price":21.35},{"type":"B","date":"2018-04-03T01:37:55.000Z","volume":1000,"label":" ","price":21.35},{"type":"U","date":"2018-04-03T01:37:56.000Z","volume":2000,"label":"X","price":21.375},{"type":"B","date":"2018-04-03T01:37:57.000Z","volume":3000,"label":" ","price":21.35},{"type":"B","date":"2018-04-03T01:38:04.000Z","volume":6000,"label":" ","price":21.35},{"type":"B","date":"2018-04-03T01:38:05.000Z","volume":1000,"label":" ","price":21.35},{"type":"A","date":"2018-04-03T01:38:29.000Z","volume":100000,"label":" ","price":21.4},{"type":"U","date":"2018-04-03T01:38:29.000Z","volume":2000,"label":"X","price":21.375},{"type":"A","date":"2018-04-03T01:38:29.000Z","volume":7000,"label":" ","price":21.4},{"type":"A","date":"2018-04-03T01:38:30.000Z","volume":4000,"label":" ","price":21.4},{"type":"B","date":"2018-04-03T01:38:30.000Z","volume":3000,"label":" ","price":21.35},{"type":"U","date":"2018-04-03T01:38:39.000Z","volume":1000,"label":"X","price":21.4},{"type":"B","date":"2018-04-03T01:38:40.000Z","volume":1000,"label":" ","price":21.35},{"type":"U","date":"2018-04-03T01:38:50.000Z","volume":1000,"label":"X","price":21.375},{"type":"U","date":"2018-04-03T01:39:03.000Z","volume":4000,"label":"X","price":21.375},{"type":"B","date":"2018-04-03T01:39:04.000Z","volume":19000,"label":" ","price":21.35},{"type":"A","date":"2018-04-03T01:39:18.000Z","volume":62000,"label":" ","price":21.4},{"type":"U","date":"2018-04-03T01:39:18.000Z","volume":2000,"label":"X","price":21.375},{"type":"A","date":"2018-04-03T01:39:18.000Z","volume":8000,"label":" ","price":21.4},{"type":"A","date":"2018-04-03T01:39:19.000Z","volume":22000,"label":" ","price":21.4},{"type":"A","date":"2018-04-03T01:39:19.000Z","volume":5000,"label":" ","price":21.4},{"type":"A","date":"2018-04-03T01:39:21.000Z","volume":153000,"label":" ","price":21.4},{"type":"A","date":"2018-04-03T01:39:21.000Z","volume":15000,"label":" ","price":21.4},{"type":"U","date":"2018-04-03T01:39:21.000Z","volume":1000,"label":"X","price":21.375},{"type":"A","date":"2018-04-03T01:39:21.000Z","volume":6000,"label":" ","price":21.4},{"type":"A","date":"2018-04-03T01:39:21.000Z","volume":4000,"label":" ","price":21.4},{"type":"A","date":"2018-04-03T01:39:21.000Z","volume":2000,"label":" ","price":21.4},{"type":"A","date":"2018-04-03T01:39:21.000Z","volume":2000,"label":" ","price":21.4},{"type":"A","date":"2018-04-03T01:39:22.000Z","volume":1000,"label":" ","price":21.4},{"type":"B","date":"2018-04-03T01:39:32.000Z","volume":10000,"label":" ","price":21.35},{"type":"A","date":"2018-04-03T01:39:39.000Z","volume":4000,"label":" ","price":21.4},{"type":"A","date":"2018-04-03T01:39:39.000Z","volume":2000,"label":" ","price":21.4},{"type":"A","date":"2018-04-03T01:39:40.000Z","volume":4000,"label":" ","price":21.4},{"type":"A","date":"2018-04-03T01:40:01.000Z","volume":39000,"label":" ","price":21.4},{"type":"A","date":"2018-04-03T01:40:01.000Z","volume":2000,"label":" ","price":21.4},{"type":"A","date":"2018-04-03T01:40:01.000Z","volume":4000,"label":" ","price":21.4},{"type":"A","date":"2018-04-03T01:40:05.000Z","volume":56000,"label":" ","price":21.4},{"type":"A","date":"2018-04-03T01:40:05.000Z","volume":1000,"label":" ","price":21.4},{"type":"A","date":"2018-04-03T01:40:05.000Z","volume":5000,"label":" ","price":21.4},{"type":"A","date":"2018-04-03T01:40:07.000Z","volume":3000,"label":" ","price":21.4},{"type":"A","date":"2018-04-03T01:40:11.000Z","volume":17000,"label":" ","price":21.4},{"type":"B","date":"2018-04-03T01:40:18.000Z","volume":2000,"label":" ","price":21.4},{"type":"B","date":"2018-04-03T01:40:19.000Z","volume":1000,"label":" ","price":21.4},{"type":"B","date":"2018-04-03T01:40:31.000Z","volume":83000,"label":" ","price":21.4},{"type":"B","date":"2018-04-03T01:40:31.000Z","volume":4000,"label":" ","price":21.4},{"type":"A","date":"2018-04-03T01:40:31.000Z","volume":1000,"label":" ","price":21.4},{"type":"U","date":"2018-04-03T01:40:35.000Z","volume":8000,"label":"X","price":21.4},{"type":"A","date":"2018-04-03T01:40:38.000Z","volume":5000,"label":" ","price":21.4},{"type":"A","date":"2018-04-03T01:40:45.000Z","volume":1000,"label":" ","price":21.4},{"type":"B","date":"2018-04-03T01:41:00.000Z","volume":1000,"label":" ","price":21.35},{"type":"U","date":"2018-04-03T01:41:12.000Z","volume":1000,"label":"X","price":21.4},{"type":"A","date":"2018-04-03T01:41:44.000Z","volume":100000,"label":" ","price":21.4},{"type":"A","date":"2018-04-03T01:41:44.000Z","volume":80000,"label":" ","price":21.4},{"type":"A","date":"2018-04-03T01:41:44.000Z","volume":58000,"label":" ","price":21.4},{"type":"A","date":"2018-04-03T01:41:44.000Z","volume":10000,"label":" ","price":21.4},{"type":"A","date":"2018-04-03T01:41:44.000Z","volume":11000,"label":" ","price":21.4},{"type":"A","date":"2018-04-03T01:41:44.000Z","volume":1000,"label":" ","price":21.4},{"type":"A","date":"2018-04-03T01:41:44.000Z","volume":14000,"label":" ","price":21.4},{"type":"U","date":"2018-04-03T01:41:44.000Z","volume":10000,"label":"X","price":21.4},{"type":"A","date":"2018-04-03T01:41:45.000Z","volume":17000,"label":" ","price":21.4},{"type":"A","date":"2018-04-03T01:41:45.000Z","volume":14000,"label":" ","price":21.4},{"type":"A","date":"2018-04-03T01:41:45.000Z","volume":6000,"label":" ","price":21.4},{"type":"A","date":"2018-04-03T01:41:45.000Z","volume":3000,"label":" ","price":21.4},{"type":"A","date":"2018-04-03T01:41:45.000Z","volume":2000,"label":" ","price":21.4},{"type":"A","date":"2018-04-03T01:41:45.000Z","volume":2000,"label":" ","price":21.4},{"type":"A","date":"2018-04-03T01:41:45.000Z","volume":39000,"label":" ","price":21.4},{"type":"A","date":"2018-04-03T01:42:03.000Z","volume":19000,"label":" ","price":21.45},{"type":"U","date":"2018-04-03T01:42:20.000Z","volume":835,"label":"D","price":21.2},{"type":"A","date":"2018-04-03T01:42:33.000Z","volume":4000,"label":" ","price":21.45},{"type":"B","date":"2018-04-03T01:42:44.000Z","volume":1000,"label":" ","price":21.4},{"type":"A","date":"2018-04-03T01:42:44.000Z","volume":3000,"label":" ","price":21.45},{"type":"A","date":"2018-04-03T01:42:57.000Z","volume":40000,"label":" ","price":21.45},{"type":"A","date":"2018-04-03T01:42:57.000Z","volume":37000,"label":" ","price":21.45},{"type":"A","date":"2018-04-03T01:42:57.000Z","volume":2000,"label":" ","price":21.45},{"type":"A","date":"2018-04-03T01:42:57.000Z","volume":9000,"label":" ","price":21.45},{"type":"A","date":"2018-04-03T01:42:57.000Z","volume":1000,"label":" ","price":21.45},{"type":"A","date":"2018-04-03T01:42:57.000Z","volume":34000,"label":" ","price":21.45},{"type":"B","date":"2018-04-03T01:42:57.000Z","volume":5000,"label":"Y","price":21.4},{"type":"B","date":"2018-04-03T01:42:57.000Z","volume":36000,"label":" ","price":21.4},{"type":"B","date":"2018-04-03T01:43:04.000Z","volume":1000,"label":" ","price":21.45},{"type":"A","date":"2018-04-03T01:43:04.000Z","volume":2000,"label":" ","price":21.5},{"type":"U","date":"2018-04-03T01:43:06.000Z","volume":3000,"label":"X","price":21.5},{"type":"B","date":"2018-04-03T01:43:19.000Z","volume":18000,"label":" ","price":21.45},{"type":"B","date":"2018-04-03T01:43:21.000Z","volume":172000,"label":" ","price":21.45},{"type":"B","date":"2018-04-03T01:43:21.000Z","volume":8000,"label":" ","price":21.45},{"type":"B","date":"2018-04-03T01:43:21.000Z","volume":4000,"label":" ","price":21.45},{"type":"B","date":"2018-04-03T01:43:21.000Z","volume":2000,"label":"Y","price":21.4},{"type":"B","date":"2018-04-03T01:43:21.000Z","volume":77000,"label":" ","price":21.4},{"type":"A","date":"2018-04-03T01:43:46.000Z","volume":3000,"label":" ","price":21.45},{"type":"B","date":"2018-04-03T01:43:48.000Z","volume":1000,"label":" ","price":21.4},{"type":"B","date":"2018-04-03T01:44:12.000Z","volume":6000,"label":" ","price":21.4},{"type":"A","date":"2018-04-03T01:44:13.000Z","volume":6000,"label":" ","price":21.45},{"type":"B","date":"2018-04-03T01:45:00.000Z","volume":2000,"label":" ","price":21.4},{"type":"B","date":"2018-04-03T01:45:01.000Z","volume":36000,"label":" ","price":21.4},{"type":"B","date":"2018-04-03T01:45:01.000Z","volume":2000,"label":" ","price":21.4},{"type":"B","date":"2018-04-03T01:45:01.000Z","volume":5000,"label":" ","price":21.35},{"type":"U","date":"2018-04-03T01:45:02.000Z","volume":1000,"label":" ","price":21.4},{"type":"B","date":"2018-04-03T01:45:04.000Z","volume":1000,"label":" ","price":21.35},{"type":"A","date":"2018-04-03T01:45:21.000Z","volume":1000,"label":" ","price":21.4},{"type":"A","date":"2018-04-03T01:45:30.000Z","volume":3000,"label":"Y","price":21.4},{"type":"A","date":"2018-04-03T01:45:30.000Z","volume":57000,"label":" ","price":21.4},{"type":"A","date":"2018-04-03T01:45:30.000Z","volume":34000,"label":" ","price":21.4},{"type":"B","date":"2018-04-03T01:45:30.000Z","volume":6000,"label":" ","price":21.35},{"type":"A","date":"2018-04-03T01:45:30.000Z","volume":23000,"label":" ","price":21.4},{"type":"B","date":"2018-04-03T01:45:54.000Z","volume":18000,"label":" ","price":21.4},{"type":"A","date":"2018-04-03T01:45:54.000Z","volume":1000,"label":" ","price":21.45},{"type":"A","date":"2018-04-03T01:45:54.000Z","volume":2000,"label":" ","price":21.45},{"type":"A","date":"2018-04-03T01:45:54.000Z","volume":1000,"label":" ","price":21.45},{"type":"U","date":"2018-04-03T01:45:57.000Z","volume":4000,"label":"X","price":21.45},{"type":"B","date":"2018-04-03T01:46:07.000Z","volume":2000,"label":" ","price":21.4},{"type":"B","date":"2018-04-03T01:46:08.000Z","volume":22000,"label":" ","price":21.4},{"type":"B","date":"2018-04-03T01:46:08.000Z","volume":1000,"label":" ","price":21.4},{"type":"B","date":"2018-04-03T01:46:08.000Z","volume":2000,"label":" ","price":21.35},{"type":"A","date":"2018-04-03T01:46:35.000Z","volume":5000,"label":" ","price":21.4},{"type":"B","date":"2018-04-03T01:46:35.000Z","volume":1000,"label":" ","price":21.35},{"type":"A","date":"2018-04-03T01:47:16.000Z","volume":5000,"label":" ","price":21.4},{"type":"A","date":"2018-04-03T01:47:16.000Z","volume":10000,"label":" ","price":21.4},{"type":"A","date":"2018-04-03T01:47:17.000Z","volume":5000,"label":" ","price":21.4},{"type":"B","date":"2018-04-03T01:47:28.000Z","volume":2000,"label":" ","price":21.35},{"type":"A","date":"2018-04-03T01:47:41.000Z","volume":1000,"label":" ","price":21.4},{"type":"A","date":"2018-04-03T01:48:29.000Z","volume":3000,"label":" ","price":21.4},{"type":"B","date":"2018-04-03T01:48:34.000Z","volume":18000,"label":" ","price":21.35},{"type":"B","date":"2018-04-03T01:48:36.000Z","volume":2000,"label":" ","price":21.35},{"type":"U","date":"2018-04-03T01:48:37.000Z","volume":7000,"label":"X","price":21.4},{"type":"A","date":"2018-04-03T01:48:47.000Z","volume":1000,"label":" ","price":21.4},{"type":"A","date":"2018-04-03T01:49:31.000Z","volume":133000,"label":" ","price":21.4},{"type":"A","date":"2018-04-03T01:49:31.000Z","volume":1000,"label":"Y","price":21.4},{"type":"A","date":"2018-04-03T01:49:31.000Z","volume":10000,"label":" ","price":21.4},{"type":"B","date":"2018-04-03T01:49:31.000Z","volume":15000,"label":" ","price":21.4},{"type":"A","date":"2018-04-03T01:49:33.000Z","volume":1000,"label":" ","price":21.45},{"type":"B","date":"2018-04-03T01:49:33.000Z","volume":1000,"label":" ","price":21.4},{"type":"A","date":"2018-04-03T01:49:33.000Z","volume":1000,"label":" ","price":21.45},{"type":"B","date":"2018-04-03T01:49:51.000Z","volume":1000,"label":" ","price":21.4},{"type":"A","date":"2018-04-03T01:49:59.000Z","volume":3000,"label":" ","price":21.45},{"type":"A","date":"2018-04-03T01:50:00.000Z","volume":3000,"label":" ","price":21.45},{"type":"B","date":"2018-04-03T01:50:03.000Z","volume":3000,"label":"Y","price":21.4},{"type":"B","date":"2018-04-03T01:50:03.000Z","volume":2000,"label":" ","price":21.4},{"type":"B","date":"2018-04-03T01:50:05.000Z","volume":3000,"label":" ","price":21.4},{"type":"B","date":"2018-04-03T01:50:06.000Z","volume":6000,"label":" ","price":21.4},{"type":"B","date":"2018-04-03T01:50:08.000Z","volume":1000,"label":" ","price":21.4},{"type":"U","date":"2018-04-03T01:50:11.000Z","volume":880,"label":"D","price":21.45},{"type":"B","date":"2018-04-03T01:50:13.000Z","volume":10000,"label":" ","price":21.4},{"type":"B","date":"2018-04-03T01:50:17.000Z","volume":10000,"label":" ","price":21.4},{"type":"B","date":"2018-04-03T01:50:18.000Z","volume":77000,"label":" ","price":21.4},{"type":"A","date":"2018-04-03T01:50:23.000Z","volume":10000,"label":" ","price":21.4},{"type":"U","date":"2018-04-03T01:50:24.000Z","volume":1000,"label":"X","price":21.4},{"type":"B","date":"2018-04-03T01:50:36.000Z","volume":30000,"label":" ","price":21.35},{"type":"B","date":"2018-04-03T01:50:36.000Z","volume":2000,"label":" ","price":21.35},{"type":"A","date":"2018-04-03T01:50:37.000Z","volume":20000,"label":" ","price":21.4},{"type":"B","date":"2018-04-03T01:51:17.000Z","volume":2000,"label":" ","price":21.35},{"type":"A","date":"2018-04-03T01:51:20.000Z","volume":2000,"label":" ","price":21.4},{"type":"B","date":"2018-04-03T01:51:26.000Z","volume":18000,"label":" ","price":21.35},{"type":"B","date":"2018-04-03T01:51:29.000Z","volume":6000,"label":" ","price":21.35},{"type":"B","date":"2018-04-03T01:51:29.000Z","volume":10000,"label":" ","price":21.35},{"type":"U","date":"2018-04-03T01:51:33.000Z","volume":6000,"label":"X","price":21.4},{"type":"B","date":"2018-04-03T01:51:54.000Z","volume":1000,"label":" ","price":21.35},{"type":"B","date":"2018-04-03T01:52:09.000Z","volume":15000,"label":"Y","price":21.35},{"type":"B","date":"2018-04-03T01:52:10.000Z","volume":2000,"label":" ","price":21.35},{"type":"A","date":"2018-04-03T01:52:14.000Z","volume":5000,"label":" ","price":21.4},{"type":"B","date":"2018-04-03T01:54:29.000Z","volume":19000,"label":" ","price":21.35},{"type":"B","date":"2018-04-03T01:54:29.000Z","volume":1000,"label":" ","price":21.35},{"type":"U","date":"2018-04-03T01:54:30.000Z","volume":16000,"label":"X","price":21.4},{"type":"B","date":"2018-04-03T01:54:39.000Z","volume":1000,"label":"Y","price":21.35},{"type":"B","date":"2018-04-03T01:54:39.000Z","volume":106000,"label":" ","price":21.35},{"type":"B","date":"2018-04-03T01:54:39.000Z","volume":12000,"label":" ","price":21.35},{"type":"B","date":"2018-04-03T01:54:39.000Z","volume":140000,"label":" ","price":21.35},{"type":"B","date":"2018-04-03T01:54:39.000Z","volume":19000,"label":" ","price":21.3},{"type":"B","date":"2018-04-03T01:54:39.000Z","volume":2000,"label":" ","price":21.3},{"type":"B","date":"2018-04-03T01:55:25.000Z","volume":2000,"label":" ","price":21.3},{"type":"B","date":"2018-04-03T01:55:39.000Z","volume":1000,"label":"Y","price":21.3},{"type":"B","date":"2018-04-03T01:56:23.000Z","volume":10000,"label":" ","price":21.3},{"type":"B","date":"2018-04-03T01:56:25.000Z","volume":50000,"label":" ","price":21.3},{"type":"B","date":"2018-04-03T01:56:27.000Z","volume":1000,"label":" ","price":21.3},{"type":"B","date":"2018-04-03T01:57:17.000Z","volume":2000,"label":"Y","price":21.3},{"type":"B","date":"2018-04-03T01:57:17.000Z","volume":8000,"label":" ","price":21.3},{"type":"B","date":"2018-04-03T01:57:17.000Z","volume":7000,"label":" ","price":21.3},{"type":"B","date":"2018-04-03T01:57:23.000Z","volume":5000,"label":" ","price":21.3},{"type":"B","date":"2018-04-03T01:57:30.000Z","volume":2000,"label":" ","price":21.3},{"type":"U","date":"2018-04-03T01:57:35.000Z","volume":870,"label":"D","price":21.15},{"type":"B","date":"2018-04-03T01:57:42.000Z","volume":18000,"label":" ","price":21.3},{"type":"B","date":"2018-04-03T01:57:43.000Z","volume":1000,"label":" ","price":21.3},{"type":"B","date":"2018-04-03T01:57:49.000Z","volume":250000,"label":" ","price":21.3},{"type":"B","date":"2018-04-03T01:57:49.000Z","volume":51000,"label":" ","price":21.3},{"type":"B","date":"2018-04-03T01:57:49.000Z","volume":3000,"label":" ","price":21.25},{"type":"B","date":"2018-04-03T01:57:50.000Z","volume":9000,"label":" ","price":21.25},{"type":"B","date":"2018-04-03T01:58:04.000Z","volume":184000,"label":" ","price":21.25},{"type":"B","date":"2018-04-03T01:58:04.000Z","volume":35000,"label":" ","price":21.25},{"type":"B","date":"2018-04-03T01:58:05.000Z","volume":184000,"label":" ","price":21.2},{"type":"B","date":"2018-04-03T01:58:05.000Z","volume":66000,"label":" ","price":21.2},{"type":"B","date":"2018-04-03T01:58:05.000Z","volume":1000,"label":" ","price":21.2},{"type":"A","date":"2018-04-03T01:58:05.000Z","volume":12000,"label":" ","price":21.2},{"type":"A","date":"2018-04-03T01:58:13.000Z","volume":42000,"label":" ","price":21.2},{"type":"B","date":"2018-04-03T01:58:16.000Z","volume":3000,"label":" ","price":21.15},{"type":"B","date":"2018-04-03T01:58:16.000Z","volume":2000,"label":" ","price":21.15},{"type":"B","date":"2018-04-03T01:58:16.000Z","volume":1000,"label":" ","price":21.15},{"type":"A","date":"2018-04-03T01:58:18.000Z","volume":107000,"label":" ","price":21.2},{"type":"A","date":"2018-04-03T01:58:18.000Z","volume":79000,"label":" ","price":21.2},{"type":"B","date":"2018-04-03T01:58:31.000Z","volume":9000,"label":" ","price":21.2},{"type":"A","date":"2018-04-03T01:58:32.000Z","volume":10000,"label":" ","price":21.25},{"type":"B","date":"2018-04-03T01:58:33.000Z","volume":1000,"label":" ","price":21.2},{"type":"B","date":"2018-04-03T01:58:33.000Z","volume":3000,"label":" ","price":21.2},{"type":"B","date":"2018-04-03T01:58:33.000Z","volume":1000,"label":" ","price":21.2},{"type":"B","date":"2018-04-03T01:58:33.000Z","volume":4000,"label":"Y","price":21.2},{"type":"B","date":"2018-04-03T01:58:33.000Z","volume":286000,"label":" ","price":21.2},{"type":"A","date":"2018-04-03T01:58:38.000Z","volume":37000,"label":" ","price":21.2},{"type":"A","date":"2018-04-03T01:58:39.000Z","volume":26000,"label":" ","price":21.2},{"type":"A","date":"2018-04-03T01:58:39.000Z","volume":80000,"label":" ","price":21.2},{"type":"A","date":"2018-04-03T01:58:39.000Z","volume":26000,"label":" ","price":21.2},{"type":"A","date":"2018-04-03T01:58:39.000Z","volume":65000,"label":" ","price":21.2},{"type":"A","date":"2018-04-03T01:58:39.000Z","volume":16000,"label":" ","price":21.2},{"type":"B","date":"2018-04-03T01:58:43.000Z","volume":5000,"label":" ","price":21.2},{"type":"B","date":"2018-04-03T01:58:43.000Z","volume":1000,"label":" ","price":21.2},{"type":"B","date":"2018-04-03T01:58:43.000Z","volume":2000,"label":" ","price":21.2},{"type":"B","date":"2018-04-03T01:58:43.000Z","volume":2000,"label":" ","price":21.2},{"type":"B","date":"2018-04-03T01:58:43.000Z","volume":1000,"label":" ","price":21.2},{"type":"B","date":"2018-04-03T01:58:43.000Z","volume":1000,"label":" ","price":21.2},{"type":"B","date":"2018-04-03T01:58:43.000Z","volume":1000,"label":" ","price":21.2},{"type":"B","date":"2018-04-03T01:58:43.000Z","volume":1000,"label":" ","price":21.2},{"type":"B","date":"2018-04-03T01:58:43.000Z","volume":1000,"label":" ","price":21.2},{"type":"B","date":"2018-04-03T01:59:04.000Z","volume":2000,"label":" ","price":21.2},{"type":"B","date":"2018-04-03T01:59:04.000Z","volume":7000,"label":" ","price":21.2},{"type":"B","date":"2018-04-03T01:59:05.000Z","volume":1000,"label":" ","price":21.2},{"type":"B","date":"2018-04-03T01:59:10.000Z","volume":2000,"label":" ","price":21.2},{"type":"B","date":"2018-04-03T01:59:12.000Z","volume":50000,"label":" ","price":21.2},{"type":"B","date":"2018-04-03T01:59:13.000Z","volume":1000,"label":" ","price":21.2},{"type":"B","date":"2018-04-03T01:59:13.000Z","volume":1000,"label":" ","price":21.2},{"type":"B","date":"2018-04-03T01:59:13.000Z","volume":9000,"label":" ","price":21.2},{"type":"B","date":"2018-04-03T01:59:13.000Z","volume":12000,"label":" ","price":21.2},{"type":"A","date":"2018-04-03T01:59:16.000Z","volume":3000,"label":" ","price":21.2},{"type":"B","date":"2018-04-03T01:59:18.000Z","volume":7000,"label":" ","price":21.15},{"type":"A","date":"2018-04-03T01:59:20.000Z","volume":164000,"label":" ","price":21.2},{"type":"A","date":"2018-04-03T01:59:20.000Z","volume":42000,"label":" ","price":21.25},{"type":"B","date":"2018-04-03T01:59:22.000Z","volume":57000,"label":" ","price":21.2},{"type":"B","date":"2018-04-03T01:59:25.000Z","volume":2000,"label":" ","price":21.2},{"type":"B","date":"2018-04-03T01:59:26.000Z","volume":15000,"label":" ","price":21.2},{"type":"B","date":"2018-04-03T01:59:26.000Z","volume":2000,"label":" ","price":21.2},{"type":"B","date":"2018-04-03T01:59:27.000Z","volume":94000,"label":" ","price":21.2},{"type":"B","date":"2018-04-03T01:59:27.000Z","volume":38000,"label":" ","price":21.2},{"type":"B","date":"2018-04-03T01:59:27.000Z","volume":63000,"label":" ","price":21.2},{"type":"B","date":"2018-04-03T01:59:31.000Z","volume":53000,"label":" ","price":21.2},{"type":"B","date":"2018-04-03T01:59:31.000Z","volume":23000,"label":" ","price":21.2},{"type":"U","date":"2018-04-03T01:59:31.000Z","volume":4000,"label":" ","price":21.2},{"type":"B","date":"2018-04-03T01:59:33.000Z","volume":5000,"label":" ","price":21.2},{"type":"B","date":"2018-04-03T01:59:38.000Z","volume":21000,"label":" ","price":21.2},{"type":"B","date":"2018-04-03T01:59:39.000Z","volume":57000,"label":" ","price":21.2},{"type":"B","date":"2018-04-03T01:59:39.000Z","volume":46000,"label":" ","price":21.2},{"type":"A","date":"2018-04-03T01:59:39.000Z","volume":7000,"label":" ","price":21.2},{"type":"A","date":"2018-04-03T01:59:39.000Z","volume":2000,"label":" ","price":21.2},{"type":"A","date":"2018-04-03T01:59:40.000Z","volume":4000,"label":" ","price":21.2},{"type":"A","date":"2018-04-03T01:59:40.000Z","volume":2000,"label":" ","price":21.2},{"type":"B","date":"2018-04-03T01:59:41.000Z","volume":35000,"label":" ","price":21.15},{"type":"U","date":"2018-04-03T01:59:41.000Z","volume":26000,"label":" ","price":21.2},{"type":"A","date":"2018-04-03T01:59:42.000Z","volume":3000,"label":" ","price":21.2},{"type":"B","date":"2018-04-03T01:59:46.000Z","volume":13000,"label":" ","price":21.15},{"type":"A","date":"2018-04-03T01:59:51.000Z","volume":1000,"label":" ","price":21.2},{"type":"B","date":"2018-04-03T01:59:52.000Z","volume":5000,"label":" ","price":21.15},{"type":"B","date":"2018-04-03T01:59:52.000Z","volume":2000,"label":" ","price":21.15},{"type":"A","date":"2018-04-03T01:59:53.000Z","volume":1000,"label":" ","price":21.2},{"type":"A","date":"2018-04-03T02:00:08.000Z","volume":184000,"label":" ","price":21.2},{"type":"A","date":"2018-04-03T02:00:08.000Z","volume":15000,"label":" ","price":21.2},{"type":"B","date":"2018-04-03T02:00:12.000Z","volume":37000,"label":" ","price":21.2},{"type":"B","date":"2018-04-03T02:00:18.000Z","volume":30000,"label":" ","price":21.2},{"type":"B","date":"2018-04-03T02:00:24.000Z","volume":15000,"label":" ","price":21.2},{"type":"U","date":"2018-04-03T02:00:35.000Z","volume":1000,"label":"X","price":21.25},{"type":"B","date":"2018-04-03T02:00:39.000Z","volume":1000,"label":" ","price":21.2},{"type":"B","date":"2018-04-03T02:00:39.000Z","volume":4000,"label":" ","price":21.2},{"type":"A","date":"2018-04-03T02:00:41.000Z","volume":37000,"label":" ","price":21.25},{"type":"A","date":"2018-04-03T02:00:41.000Z","volume":100000,"label":" ","price":21.25},{"type":"A","date":"2018-04-03T02:00:41.000Z","volume":40000,"label":" ","price":21.25},{"type":"A","date":"2018-04-03T02:00:41.000Z","volume":31000,"label":" ","price":21.25},{"type":"B","date":"2018-04-03T02:00:42.000Z","volume":30000,"label":" ","price":21.25},{"type":"B","date":"2018-04-03T02:00:42.000Z","volume":43000,"label":" ","price":21.25},{"type":"B","date":"2018-04-03T02:00:45.000Z","volume":18000,"label":" ","price":21.25},{"type":"B","date":"2018-04-03T02:00:47.000Z","volume":95000,"label":" ","price":21.25},{"type":"B","date":"2018-04-03T02:00:47.000Z","volume":26000,"label":" ","price":21.25},{"type":"B","date":"2018-04-03T02:00:47.000Z","volume":2000,"label":" ","price":21.2},{"type":"U","date":"2018-04-03T02:00:47.000Z","volume":5000,"label":" ","price":21.25},{"type":"B","date":"2018-04-03T02:00:50.000Z","volume":4000,"label":" ","price":21.2},{"type":"A","date":"2018-04-03T02:00:56.000Z","volume":5000,"label":" ","price":21.25},{"type":"A","date":"2018-04-03T02:00:57.000Z","volume":3000,"label":" ","price":21.25},{"type":"B","date":"2018-04-03T02:01:04.000Z","volume":5000,"label":" ","price":21.2},{"type":"B","date":"2018-04-03T02:01:15.000Z","volume":14000,"label":" ","price":21.25},{"type":"B","date":"2018-04-03T02:02:09.000Z","volume":1000,"label":" ","price":21.25},{"type":"U","date":"2018-04-03T02:02:34.000Z","volume":1000,"label":"X","price":21.3},{"type":"A","date":"2018-04-03T02:02:34.000Z","volume":2000,"label":" ","price":21.3},{"type":"A","date":"2018-04-03T02:02:38.000Z","volume":1000,"label":" ","price":21.3},{"type":"A","date":"2018-04-03T02:03:14.000Z","volume":2000,"label":" ","price":21.3},{"type":"B","date":"2018-04-03T02:03:31.000Z","volume":3000,"label":" ","price":21.25},{"type":"A","date":"2018-04-03T02:03:40.000Z","volume":20000,"label":" ","price":21.3},{"type":"A","date":"2018-04-03T02:04:00.000Z","volume":2000,"label":" ","price":21.3},{"type":"B","date":"2018-04-03T02:04:14.000Z","volume":4000,"label":" ","price":21.25},{"type":"A","date":"2018-04-03T02:04:14.000Z","volume":1000,"label":" ","price":21.3},{"type":"A","date":"2018-04-03T02:04:15.000Z","volume":6000,"label":" ","price":21.3},{"type":"A","date":"2018-04-03T02:04:18.000Z","volume":1000,"label":" ","price":21.3},{"type":"A","date":"2018-04-03T02:04:22.000Z","volume":1000,"label":" ","price":21.3},{"type":"B","date":"2018-04-03T02:04:24.000Z","volume":193000,"label":" ","price":21.25},{"type":"B","date":"2018-04-03T02:04:24.000Z","volume":7000,"label":" ","price":21.25},{"type":"B","date":"2018-04-03T02:05:15.000Z","volume":8000,"label":" ","price":21.2},{"type":"A","date":"2018-04-03T02:05:21.000Z","volume":1000,"label":" ","price":21.25},{"type":"U","date":"2018-04-03T02:05:26.000Z","volume":2000,"label":"X","price":21.25},{"type":"A","date":"2018-04-03T02:05:26.000Z","volume":2000,"label":" ","price":21.25},{"type":"A","date":"2018-04-03T02:05:26.000Z","volume":1000,"label":" ","price":21.25},{"type":"B","date":"2018-04-03T02:05:29.000Z","volume":20000,"label":" ","price":21.2},{"type":"B","date":"2018-04-03T02:05:30.000Z","volume":34000,"label":" ","price":21.2},{"type":"B","date":"2018-04-03T02:05:30.000Z","volume":10000,"label":" ","price":21.2},{"type":"B","date":"2018-04-03T02:05:31.000Z","volume":1000,"label":"Y","price":21.2},{"type":"B","date":"2018-04-03T02:05:35.000Z","volume":1000,"label":" ","price":21.2},{"type":"B","date":"2018-04-03T02:05:37.000Z","volume":5000,"label":" ","price":21.2},{"type":"A","date":"2018-04-03T02:05:50.000Z","volume":1000,"label":" ","price":21.25},{"type":"B","date":"2018-04-03T02:05:51.000Z","volume":43000,"label":" ","price":21.2},{"type":"B","date":"2018-04-03T02:05:51.000Z","volume":99000,"label":" ","price":21.2},{"type":"A","date":"2018-04-03T02:05:51.000Z","volume":3000,"label":" ","price":21.2},{"type":"B","date":"2018-04-03T02:06:23.000Z","volume":10000,"label":" ","price":21.15},{"type":"B","date":"2018-04-03T02:06:37.000Z","volume":2000,"label":" ","price":21.15},{"type":"B","date":"2018-04-03T02:06:37.000Z","volume":1000,"label":" ","price":21.15},{"type":"B","date":"2018-04-03T02:06:37.000Z","volume":3000,"label":" ","price":21.15},{"type":"B","date":"2018-04-03T02:06:37.000Z","volume":105000,"label":" ","price":21.15},{"type":"B","date":"2018-04-03T02:06:37.000Z","volume":6000,"label":" ","price":21.15},{"type":"A","date":"2018-04-03T02:06:37.000Z","volume":12000,"label":" ","price":21.15},{"type":"A","date":"2018-04-03T02:06:37.000Z","volume":24000,"label":" ","price":21.15},{"type":"A","date":"2018-04-03T02:06:37.000Z","volume":12000,"label":" ","price":21.15},{"type":"A","date":"2018-04-03T02:06:37.000Z","volume":1000,"label":" ","price":21.15},{"type":"A","date":"2018-04-03T02:06:37.000Z","volume":2000,"label":" ","price":21.15},{"type":"B","date":"2018-04-03T02:06:44.000Z","volume":21000,"label":" ","price":21.15},{"type":"B","date":"2018-04-03T02:06:45.000Z","volume":1000,"label":" ","price":21.15},{"type":"B","date":"2018-04-03T02:07:04.000Z","volume":20000,"label":"Y","price":21.1},{"type":"B","date":"2018-04-03T02:07:04.000Z","volume":30000,"label":" ","price":21.1},{"type":"B","date":"2018-04-03T02:07:04.000Z","volume":2000,"label":" ","price":21.1},{"type":"B","date":"2018-04-03T02:07:09.000Z","volume":1000,"label":" ","price":21.15},{"type":"B","date":"2018-04-03T02:07:09.000Z","volume":4000,"label":" ","price":21.15},{"type":"B","date":"2018-04-03T02:07:09.000Z","volume":1000,"label":" ","price":21.15},{"type":"B","date":"2018-04-03T02:07:09.000Z","volume":1000,"label":" ","price":21.15},{"type":"B","date":"2018-04-03T02:07:09.000Z","volume":15000,"label":" ","price":21.15},{"type":"B","date":"2018-04-03T02:07:09.000Z","volume":1000,"label":" ","price":21.15},{"type":"B","date":"2018-04-03T02:07:09.000Z","volume":2000,"label":" ","price":21.15},{"type":"B","date":"2018-04-03T02:07:09.000Z","volume":2000,"label":" ","price":21.15},{"type":"B","date":"2018-04-03T02:07:12.000Z","volume":3000,"label":" ","price":21.15},{"type":"B","date":"2018-04-03T02:07:47.000Z","volume":11000,"label":" ","price":21.15},{"type":"B","date":"2018-04-03T02:07:47.000Z","volume":4000,"label":" ","price":21.15},{"type":"B","date":"2018-04-03T02:07:49.000Z","volume":1000,"label":" ","price":21.15},{"type":"A","date":"2018-04-03T02:07:55.000Z","volume":1000,"label":" ","price":21.2},{"type":"B","date":"2018-04-03T02:08:12.000Z","volume":6000,"label":" ","price":21.15},{"type":"B","date":"2018-04-03T02:08:12.000Z","volume":2000,"label":" ","price":21.15},{"type":"U","date":"2018-04-03T02:08:15.000Z","volume":1000,"label":"X","price":21.2},{"type":"A","date":"2018-04-03T02:08:15.000Z","volume":3000,"label":" ","price":21.2},{"type":"B","date":"2018-04-03T02:08:17.000Z","volume":1000,"label":" ","price":21.15},{"type":"A","date":"2018-04-03T02:08:22.000Z","volume":2000,"label":" ","price":21.2},{"type":"B","date":"2018-04-03T02:08:24.000Z","volume":1000,"label":" ","price":21.15},{"type":"A","date":"2018-04-03T02:08:33.000Z","volume":1000,"label":" ","price":21.2},{"type":"A","date":"2018-04-03T02:08:34.000Z","volume":3000,"label":" ","price":21.2},{"type":"B","date":"2018-04-03T02:08:42.000Z","volume":1000,"label":" ","price":21.15},{"type":"B","date":"2018-04-03T02:08:42.000Z","volume":4000,"label":" ","price":21.15},{"type":"B","date":"2018-04-03T02:08:42.000Z","volume":2000,"label":" ","price":21.15},{"type":"A","date":"2018-04-03T02:08:42.000Z","volume":7000,"label":" ","price":21.2},{"type":"B","date":"2018-04-03T02:08:47.000Z","volume":3000,"label":" ","price":21.15},{"type":"A","date":"2018-04-03T02:09:19.000Z","volume":3000,"label":" ","price":21.2},{"type":"B","date":"2018-04-03T02:09:46.000Z","volume":4000,"label":" ","price":21.15},{"type":"B","date":"2018-04-03T02:09:46.000Z","volume":2000,"label":" ","price":21.15},{"type":"A","date":"2018-04-03T02:09:46.000Z","volume":2000,"label":" ","price":21.2},{"type":"A","date":"2018-04-03T02:09:58.000Z","volume":2000,"label":" ","price":21.2},{"type":"B","date":"2018-04-03T02:10:13.000Z","volume":100000,"label":" ","price":21.15},{"type":"A","date":"2018-04-03T02:10:14.000Z","volume":32000,"label":" ","price":21.2},{"type":"B","date":"2018-04-03T02:10:22.000Z","volume":1000,"label":" ","price":21.15},{"type":"B","date":"2018-04-03T02:10:22.000Z","volume":3000,"label":" ","price":21.15},{"type":"B","date":"2018-04-03T02:10:22.000Z","volume":1000,"label":" ","price":21.15},{"type":"B","date":"2018-04-03T02:10:24.000Z","volume":38000,"label":" ","price":21.15},{"type":"B","date":"2018-04-03T02:10:36.000Z","volume":5000,"label":" ","price":21.15},{"type":"B","date":"2018-04-03T02:10:38.000Z","volume":61000,"label":" ","price":21.15},{"type":"A","date":"2018-04-03T02:10:39.000Z","volume":2000,"label":" ","price":21.2},{"type":"B","date":"2018-04-03T02:10:45.000Z","volume":1000,"label":" ","price":21.15},{"type":"U","date":"2018-04-03T02:10:47.000Z","volume":1000,"label":"X","price":21.2},{"type":"A","date":"2018-04-03T02:10:47.000Z","volume":7000,"label":" ","price":21.2},{"type":"B","date":"2018-04-03T02:10:51.000Z","volume":2000,"label":" ","price":21.15},{"type":"A","date":"2018-04-03T02:10:52.000Z","volume":5000,"label":" ","price":21.2},{"type":"B","date":"2018-04-03T02:10:55.000Z","volume":1000,"label":" ","price":21.15},{"type":"A","date":"2018-04-03T02:11:03.000Z","volume":2000,"label":" ","price":21.2},{"type":"B","date":"2018-04-03T02:11:14.000Z","volume":2000,"label":" ","price":21.15},{"type":"B","date":"2018-04-03T02:11:14.000Z","volume":3000,"label":" ","price":21.15},{"type":"B","date":"2018-04-03T02:11:14.000Z","volume":1000,"label":" ","price":21.15},{"type":"B","date":"2018-04-03T02:11:17.000Z","volume":1000,"label":" ","price":21.15},{"type":"B","date":"2018-04-03T02:11:30.000Z","volume":1000,"label":" ","price":21.15},{"type":"B","date":"2018-04-03T02:11:30.000Z","volume":1000,"label":" ","price":21.15},{"type":"B","date":"2018-04-03T02:11:31.000Z","volume":1000,"label":" ","price":21.15},{"type":"B","date":"2018-04-03T02:11:39.000Z","volume":1000,"label":" ","price":21.15},{"type":"B","date":"2018-04-03T02:11:46.000Z","volume":2000,"label":" ","price":21.15},{"type":"B","date":"2018-04-03T02:11:46.000Z","volume":1000,"label":" ","price":21.15},{"type":"B","date":"2018-04-03T02:12:00.000Z","volume":1000,"label":" ","price":21.15},{"type":"B","date":"2018-04-03T02:12:03.000Z","volume":10000,"label":" ","price":21.15},{"type":"B","date":"2018-04-03T02:12:03.000Z","volume":3000,"label":" ","price":21.15},{"type":"B","date":"2018-04-03T02:12:13.000Z","volume":1000,"label":" ","price":21.15},{"type":"B","date":"2018-04-03T02:12:13.000Z","volume":1000,"label":" ","price":21.15},{"type":"B","date":"2018-04-03T02:12:16.000Z","volume":3000,"label":" ","price":21.15},{"type":"B","date":"2018-04-03T02:12:18.000Z","volume":1000,"label":" ","price":21.15},{"type":"A","date":"2018-04-03T02:12:33.000Z","volume":5000,"label":" ","price":21.2},{"type":"A","date":"2018-04-03T02:12:53.000Z","volume":20000,"label":" ","price":21.2},{"type":"A","date":"2018-04-03T02:12:55.000Z","volume":20000,"label":" ","price":21.2},{"type":"A","date":"2018-04-03T02:12:57.000Z","volume":247000,"label":" ","price":21.2},{"type":"A","date":"2018-04-03T02:12:57.000Z","volume":52000,"label":" ","price":21.2},{"type":"A","date":"2018-04-03T02:12:57.000Z","volume":7000,"label":" ","price":21.2},{"type":"A","date":"2018-04-03T02:12:57.000Z","volume":8000,"label":" ","price":21.2},{"type":"B","date":"2018-04-03T02:13:01.000Z","volume":60000,"label":" ","price":21.2},{"type":"B","date":"2018-04-03T02:13:05.000Z","volume":6000,"label":" ","price":21.2},{"type":"B","date":"2018-04-03T02:13:05.000Z","volume":4000,"label":" ","price":21.2},{"type":"B","date":"2018-04-03T02:13:05.000Z","volume":2000,"label":" ","price":21.2},{"type":"B","date":"2018-04-03T02:13:05.000Z","volume":3000,"label":" ","price":21.2},{"type":"B","date":"2018-04-03T02:13:05.000Z","volume":1000,"label":" ","price":21.2},{"type":"U","date":"2018-04-03T02:13:06.000Z","volume":1000,"label":"X","price":21.25},{"type":"B","date":"2018-04-03T02:13:07.000Z","volume":5000,"label":" ","price":21.2},{"type":"B","date":"2018-04-03T02:13:08.000Z","volume":15000,"label":" ","price":21.2},{"type":"B","date":"2018-04-03T02:13:25.000Z","volume":5000,"label":" ","price":21.2},{"type":"B","date":"2018-04-03T02:13:26.000Z","volume":1000,"label":" ","price":21.2},{"type":"U","date":"2018-04-03T02:13:45.000Z","volume":2000,"label":"X","price":21.25},{"type":"A","date":"2018-04-03T02:13:45.000Z","volume":2000,"label":" ","price":21.25},{"type":"A","date":"2018-04-03T02:14:13.000Z","volume":2000,"label":" ","price":21.25},{"type":"A","date":"2018-04-03T02:14:49.000Z","volume":6000,"label":" ","price":21.25},{"type":"A","date":"2018-04-03T02:15:03.000Z","volume":40000,"label":" ","price":21.25},{"type":"A","date":"2018-04-03T02:15:03.000Z","volume":1000,"label":" ","price":21.25},{"type":"A","date":"2018-04-03T02:15:07.000Z","volume":9000,"label":" ","price":21.25},{"type":"A","date":"2018-04-03T02:15:07.000Z","volume":3000,"label":" ","price":21.25},{"type":"A","date":"2018-04-03T02:15:21.000Z","volume":1000,"label":" ","price":21.25},{"type":"B","date":"2018-04-03T02:15:55.000Z","volume":1000,"label":" ","price":21.2},{"type":"B","date":"2018-04-03T02:16:09.000Z","volume":20000,"label":" ","price":21.2},{"type":"A","date":"2018-04-03T02:16:09.000Z","volume":1000,"label":"Y","price":21.25},{"type":"A","date":"2018-04-03T02:16:09.000Z","volume":3000,"label":" ","price":21.25},{"type":"B","date":"2018-04-03T02:16:15.000Z","volume":1000,"label":" ","price":21.2},{"type":"A","date":"2018-04-03T02:16:16.000Z","volume":1000,"label":" ","price":21.25},{"type":"A","date":"2018-04-03T02:16:43.000Z","volume":12000,"label":" ","price":21.25},{"type":"B","date":"2018-04-03T02:16:50.000Z","volume":20000,"label":" ","price":21.2},{"type":"A","date":"2018-04-03T02:16:52.000Z","volume":1000,"label":" ","price":21.25},{"type":"B","date":"2018-04-03T02:17:02.000Z","volume":3000,"label":" ","price":21.2},{"type":"A","date":"2018-04-03T02:17:11.000Z","volume":100000,"label":" ","price":21.25},{"type":"A","date":"2018-04-03T02:17:11.000Z","volume":21000,"label":" ","price":21.25},{"type":"A","date":"2018-04-03T02:17:23.000Z","volume":3000,"label":" ","price":21.25},{"type":"A","date":"2018-04-03T02:17:36.000Z","volume":2000,"label":" ","price":21.25},{"type":"A","date":"2018-04-03T02:17:36.000Z","volume":2000,"label":" ","price":21.25},{"type":"B","date":"2018-04-03T02:17:40.000Z","volume":5000,"label":" ","price":21.2},{"type":"A","date":"2018-04-03T02:17:54.000Z","volume":4000,"label":" ","price":21.25},{"type":"A","date":"2018-04-03T02:18:04.000Z","volume":20000,"label":" ","price":21.25},{"type":"B","date":"2018-04-03T02:18:10.000Z","volume":5000,"label":" ","price":21.2},{"type":"A","date":"2018-04-03T02:18:18.000Z","volume":5000,"label":" ","price":21.25},{"type":"A","date":"2018-04-03T02:18:57.000Z","volume":2000,"label":" ","price":21.25},{"type":"A","date":"2018-04-03T02:19:23.000Z","volume":10000,"label":" ","price":21.25},{"type":"A","date":"2018-04-03T02:19:37.000Z","volume":12000,"label":" ","price":21.25},{"type":"A","date":"2018-04-03T02:20:06.000Z","volume":2000,"label":" ","price":21.25},{"type":"A","date":"2018-04-03T02:20:16.000Z","volume":20000,"label":" ","price":21.25},{"type":"B","date":"2018-04-03T02:20:16.000Z","volume":1000,"label":" ","price":21.2},{"type":"A","date":"2018-04-03T02:20:17.000Z","volume":4000,"label":" ","price":21.25},{"type":"A","date":"2018-04-03T02:21:04.000Z","volume":1000,"label":" ","price":21.25},{"type":"B","date":"2018-04-03T02:21:06.000Z","volume":7000,"label":" ","price":21.2},{"type":"B","date":"2018-04-03T02:21:31.000Z","volume":18000,"label":" ","price":21.2},{"type":"A","date":"2018-04-03T02:21:32.000Z","volume":2000,"label":" ","price":21.25},{"type":"B","date":"2018-04-03T02:21:38.000Z","volume":5000,"label":"Y","price":21.2},{"type":"B","date":"2018-04-03T02:21:38.000Z","volume":53000,"label":" ","price":21.2},{"type":"A","date":"2018-04-03T02:22:15.000Z","volume":12000,"label":" ","price":21.25},{"type":"A","date":"2018-04-03T02:22:44.000Z","volume":1000,"label":" ","price":21.25},{"type":"B","date":"2018-04-03T02:22:45.000Z","volume":8000,"label":"Y","price":21.2},{"type":"B","date":"2018-04-03T02:22:45.000Z","volume":23000,"label":" ","price":21.2},{"type":"A","date":"2018-04-03T02:23:11.000Z","volume":1000,"label":" ","price":21.25},{"type":"A","date":"2018-04-03T02:24:14.000Z","volume":9000,"label":" ","price":21.25},{"type":"B","date":"2018-04-03T02:24:32.000Z","volume":5000,"label":"Y","price":21.2},{"type":"B","date":"2018-04-03T02:24:32.000Z","volume":361000,"label":" ","price":21.2},{"type":"B","date":"2018-04-03T02:24:32.000Z","volume":1000,"label":" ","price":21.2},{"type":"A","date":"2018-04-03T02:24:33.000Z","volume":2000,"label":" ","price":21.2},{"type":"B","date":"2018-04-03T02:24:49.000Z","volume":6000,"label":" ","price":21.15},{"type":"A","date":"2018-04-03T02:24:50.000Z","volume":2000,"label":" ","price":21.2},{"type":"B","date":"2018-04-03T02:24:50.000Z","volume":1000,"label":" ","price":21.15},{"type":"B","date":"2018-04-03T02:24:53.000Z","volume":18000,"label":" ","price":21.15},{"type":"A","date":"2018-04-03T02:25:08.000Z","volume":4000,"label":" ","price":21.2},{"type":"B","date":"2018-04-03T02:25:18.000Z","volume":4000,"label":" ","price":21.15},{"type":"A","date":"2018-04-03T02:25:28.000Z","volume":37000,"label":" ","price":21.2},{"type":"A","date":"2018-04-03T02:25:40.000Z","volume":2000,"label":" ","price":21.2},{"type":"A","date":"2018-04-03T02:25:56.000Z","volume":20000,"label":" ","price":21.2},{"type":"A","date":"2018-04-03T02:26:00.000Z","volume":4000,"label":" ","price":21.2},{"type":"B","date":"2018-04-03T02:26:09.000Z","volume":1000,"label":" ","price":21.15},{"type":"B","date":"2018-04-03T02:26:10.000Z","volume":30000,"label":" ","price":21.15},{"type":"A","date":"2018-04-03T02:26:12.000Z","volume":3000,"label":" ","price":21.2},{"type":"A","date":"2018-04-03T02:26:43.000Z","volume":3000,"label":" ","price":21.2},{"type":"B","date":"2018-04-03T02:26:52.000Z","volume":2000,"label":" ","price":21.15},{"type":"B","date":"2018-04-03T02:27:10.000Z","volume":2000,"label":" ","price":21.15},{"type":"A","date":"2018-04-03T02:27:14.000Z","volume":2000,"label":" ","price":21.2},{"type":"A","date":"2018-04-03T02:27:30.000Z","volume":7000,"label":" ","price":21.2},{"type":"B","date":"2018-04-03T02:27:36.000Z","volume":3000,"label":" ","price":21.15},{"type":"B","date":"2018-04-03T02:27:37.000Z","volume":100000,"label":" ","price":21.15},{"type":"B","date":"2018-04-03T02:27:40.000Z","volume":1000,"label":" ","price":21.15},{"type":"A","date":"2018-04-03T02:27:47.000Z","volume":3000,"label":" ","price":21.2},{"type":"B","date":"2018-04-03T02:27:50.000Z","volume":2000,"label":" ","price":21.15},{"type":"A","date":"2018-04-03T02:27:56.000Z","volume":10000,"label":" ","price":21.2},{"type":"B","date":"2018-04-03T02:28:08.000Z","volume":9000,"label":" ","price":21.15},{"type":"A","date":"2018-04-03T02:28:20.000Z","volume":8000,"label":" ","price":21.2},{"type":"A","date":"2018-04-03T02:28:20.000Z","volume":3000,"label":" ","price":21.2},{"type":"B","date":"2018-04-03T02:28:27.000Z","volume":10000,"label":" ","price":21.15},{"type":"B","date":"2018-04-03T02:28:38.000Z","volume":18000,"label":" ","price":21.15},{"type":"A","date":"2018-04-03T02:28:48.000Z","volume":8000,"label":" ","price":21.2},{"type":"A","date":"2018-04-03T02:28:50.000Z","volume":2000,"label":" ","price":21.2},{"type":"B","date":"2018-04-03T02:28:55.000Z","volume":1000,"label":" ","price":21.15},{"type":"A","date":"2018-04-03T02:29:14.000Z","volume":8000,"label":" ","price":21.2},{"type":"A","date":"2018-04-03T02:29:23.000Z","volume":4000,"label":" ","price":21.2},{"type":"A","date":"2018-04-03T02:29:40.000Z","volume":8000,"label":" ","price":21.2},{"type":"A","date":"2018-04-03T02:29:42.000Z","volume":8000,"label":" ","price":21.2},{"type":"A","date":"2018-04-03T02:29:49.000Z","volume":10000,"label":" ","price":21.2},{"type":"A","date":"2018-04-03T02:29:51.000Z","volume":2000,"label":" ","price":21.2},{"type":"A","date":"2018-04-03T02:29:53.000Z","volume":1000,"label":" ","price":21.2},{"type":"A","date":"2018-04-03T02:30:06.000Z","volume":8000,"label":" ","price":21.2},{"type":"A","date":"2018-04-03T02:30:32.000Z","volume":7000,"label":" ","price":21.2},{"type":"A","date":"2018-04-03T02:30:58.000Z","volume":8000,"label":" ","price":21.2},{"type":"A","date":"2018-04-03T02:31:20.000Z","volume":7000,"label":" ","price":21.2},{"type":"A","date":"2018-04-03T02:31:38.000Z","volume":1000,"label":" ","price":21.2},{"type":"B","date":"2018-04-03T02:31:50.000Z","volume":18000,"label":" ","price":21.15},{"type":"A","date":"2018-04-03T02:31:50.000Z","volume":9000,"label":" ","price":21.2},{"type":"A","date":"2018-04-03T02:32:06.000Z","volume":2000,"label":" ","price":21.2},{"type":"A","date":"2018-04-03T02:32:16.000Z","volume":8000,"label":" ","price":21.2},{"type":"B","date":"2018-04-03T02:32:35.000Z","volume":1000,"label":" ","price":21.15},{"type":"A","date":"2018-04-03T02:32:40.000Z","volume":7000,"label":" ","price":21.2},{"type":"A","date":"2018-04-03T02:32:52.000Z","volume":1000,"label":" ","price":21.2},{"type":"A","date":"2018-04-03T02:33:08.000Z","volume":8000,"label":" ","price":21.2},{"type":"A","date":"2018-04-03T02:33:14.000Z","volume":3000,"label":" ","price":21.2},{"type":"A","date":"2018-04-03T02:33:34.000Z","volume":8000,"label":" ","price":21.2},{"type":"A","date":"2018-04-03T02:33:47.000Z","volume":4000,"label":" ","price":21.2},{"type":"B","date":"2018-04-03T02:33:50.000Z","volume":1000,"label":"Y","price":21.15},{"type":"A","date":"2018-04-03T02:34:00.000Z","volume":8000,"label":" ","price":21.2},{"type":"B","date":"2018-04-03T02:34:13.000Z","volume":3000,"label":" ","price":21.15},{"type":"A","date":"2018-04-03T02:34:13.000Z","volume":1000,"label":" ","price":21.2},{"type":"A","date":"2018-04-03T02:34:14.000Z","volume":2000,"label":" ","price":21.2},{"type":"A","date":"2018-04-03T02:34:26.000Z","volume":8000,"label":" ","price":21.2},{"type":"A","date":"2018-04-03T02:34:52.000Z","volume":7000,"label":" ","price":21.2},{"type":"U","date":"2018-04-03T02:35:00.000Z","volume":1000,"label":"X","price":21.2},{"type":"A","date":"2018-04-03T02:35:18.000Z","volume":8000,"label":" ","price":21.2},{"type":"A","date":"2018-04-03T02:35:21.000Z","volume":2000,"label":" ","price":21.2},{"type":"B","date":"2018-04-03T02:35:31.000Z","volume":18000,"label":" ","price":21.15},{"type":"A","date":"2018-04-03T02:35:40.000Z","volume":7000,"label":" ","price":21.2},{"type":"A","date":"2018-04-03T02:35:44.000Z","volume":20000,"label":" ","price":21.2},{"type":"A","date":"2018-04-03T02:35:44.000Z","volume":12000,"label":" ","price":21.2},{"type":"A","date":"2018-04-03T02:35:44.000Z","volume":27000,"label":" ","price":21.2},{"type":"A","date":"2018-04-03T02:36:54.000Z","volume":42000,"label":" ","price":21.25},{"type":"A","date":"2018-04-03T02:36:54.000Z","volume":19000,"label":" ","price":21.25},{"type":"B","date":"2018-04-03T02:37:09.000Z","volume":1000,"label":" ","price":21.25},{"type":"A","date":"2018-04-03T02:37:44.000Z","volume":1000,"label":" ","price":21.3},{"type":"A","date":"2018-04-03T02:38:08.000Z","volume":5000,"label":" ","price":21.3},{"type":"A","date":"2018-04-03T02:38:20.000Z","volume":2000,"label":" ","price":21.3},{"type":"B","date":"2018-04-03T02:38:38.000Z","volume":2000,"label":" ","price":21.25},{"type":"B","date":"2018-04-03T02:39:05.000Z","volume":10000,"label":" ","price":21.25},{"type":"B","date":"2018-04-03T02:39:14.000Z","volume":4000,"label":" ","price":21.25},{"type":"A","date":"2018-04-03T02:39:19.000Z","volume":2000,"label":" ","price":21.3},{"type":"A","date":"2018-04-03T02:39:30.000Z","volume":11000,"label":"Y","price":21.3},{"type":"A","date":"2018-04-03T02:39:30.000Z","volume":139000,"label":" ","price":21.3},{"type":"A","date":"2018-04-03T02:39:30.000Z","volume":37000,"label":" ","price":21.3},{"type":"B","date":"2018-04-03T02:39:30.000Z","volume":21000,"label":" ","price":21.3},{"type":"B","date":"2018-04-03T02:39:30.000Z","volume":58000,"label":" ","price":21.3},{"type":"B","date":"2018-04-03T02:39:30.000Z","volume":45000,"label":" ","price":21.3},{"type":"B","date":"2018-04-03T02:39:30.000Z","volume":96000,"label":" ","price":21.3},{"type":"B","date":"2018-04-03T02:39:30.000Z","volume":4000,"label":" ","price":21.3},{"type":"A","date":"2018-04-03T02:39:36.000Z","volume":2000,"label":" ","price":21.3},{"type":"A","date":"2018-04-03T02:39:49.000Z","volume":40000,"label":" ","price":21.3},{"type":"A","date":"2018-04-03T02:39:49.000Z","volume":14000,"label":" ","price":21.3},{"type":"B","date":"2018-04-03T02:39:57.000Z","volume":3000,"label":" ","price":21.25},{"type":"A","date":"2018-04-03T02:40:39.000Z","volume":5000,"label":" ","price":21.3},{"type":"A","date":"2018-04-03T02:40:39.000Z","volume":1000,"label":" ","price":21.3},{"type":"U","date":"2018-04-03T02:40:56.000Z","volume":13000,"label":" ","price":21.3},{"type":"U","date":"2018-04-03T02:40:56.000Z","volume":3000,"label":" ","price":21.3},{"type":"B","date":"2018-04-03T02:40:57.000Z","volume":9000,"label":" ","price":21.3},{"type":"B","date":"2018-04-03T02:40:57.000Z","volume":1000,"label":" ","price":21.3},{"type":"A","date":"2018-04-03T02:40:57.000Z","volume":36000,"label":" ","price":21.35},{"type":"B","date":"2018-04-03T02:40:57.000Z","volume":1000,"label":" ","price":21.3},{"type":"B","date":"2018-04-03T02:40:58.000Z","volume":1000,"label":" ","price":21.3},{"type":"B","date":"2018-04-03T02:40:58.000Z","volume":69000,"label":" ","price":21.3},{"type":"B","date":"2018-04-03T02:40:58.000Z","volume":7000,"label":" ","price":21.3},{"type":"B","date":"2018-04-03T02:40:58.000Z","volume":1000,"label":"Y","price":21.3},{"type":"B","date":"2018-04-03T02:40:59.000Z","volume":4000,"label":" ","price":21.3},{"type":"B","date":"2018-04-03T02:41:00.000Z","volume":2000,"label":" ","price":21.3},{"type":"B","date":"2018-04-03T02:41:00.000Z","volume":2000,"label":" ","price":21.3},{"type":"B","date":"2018-04-03T02:41:00.000Z","volume":2000,"label":"Y","price":21.3},{"type":"B","date":"2018-04-03T02:41:00.000Z","volume":1000,"label":" ","price":21.3},{"type":"B","date":"2018-04-03T02:41:01.000Z","volume":1000,"label":"Y","price":21.3},{"type":"B","date":"2018-04-03T02:41:01.000Z","volume":1000,"label":" ","price":21.3},{"type":"B","date":"2018-04-03T02:41:02.000Z","volume":1000,"label":" ","price":21.3},{"type":"B","date":"2018-04-03T02:41:03.000Z","volume":19000,"label":" ","price":21.3},{"type":"B","date":"2018-04-03T02:41:03.000Z","volume":9000,"label":" ","price":21.3},{"type":"B","date":"2018-04-03T02:41:03.000Z","volume":43000,"label":" ","price":21.3},{"type":"U","date":"2018-04-03T02:41:05.000Z","volume":9000,"label":" ","price":21.3},{"type":"U","date":"2018-04-03T02:41:05.000Z","volume":48000,"label":" ","price":21.3},{"type":"U","date":"2018-04-03T02:41:10.000Z","volume":32000,"label":" ","price":21.3},{"type":"B","date":"2018-04-03T02:41:35.000Z","volume":18000,"label":" ","price":21.3},{"type":"B","date":"2018-04-03T02:41:46.000Z","volume":1000,"label":" ","price":21.3},{"type":"B","date":"2018-04-03T02:41:46.000Z","volume":4000,"label":" ","price":21.3},{"type":"B","date":"2018-04-03T02:41:46.000Z","volume":1000,"label":" ","price":21.3},{"type":"B","date":"2018-04-03T02:41:46.000Z","volume":1000,"label":" ","price":21.3},{"type":"B","date":"2018-04-03T02:41:46.000Z","volume":1000,"label":" ","price":21.3},{"type":"B","date":"2018-04-03T02:41:46.000Z","volume":1000,"label":" ","price":21.3},{"type":"B","date":"2018-04-03T02:41:46.000Z","volume":2000,"label":" ","price":21.3},{"type":"B","date":"2018-04-03T02:41:46.000Z","volume":1000,"label":" ","price":21.3},{"type":"B","date":"2018-04-03T02:41:46.000Z","volume":1000,"label":" ","price":21.3},{"type":"A","date":"2018-04-03T02:41:53.000Z","volume":4000,"label":" ","price":21.35},{"type":"A","date":"2018-04-03T02:42:02.000Z","volume":34000,"label":" ","price":21.35},{"type":"A","date":"2018-04-03T02:42:35.000Z","volume":3000,"label":" ","price":21.35},{"type":"B","date":"2018-04-03T02:42:49.000Z","volume":1000,"label":" ","price":21.3},{"type":"A","date":"2018-04-03T02:43:18.000Z","volume":31000,"label":" ","price":21.35},{"type":"A","date":"2018-04-03T02:43:25.000Z","volume":1000,"label":" ","price":21.35},{"type":"B","date":"2018-04-03T02:43:27.000Z","volume":5000,"label":" ","price":21.3},{"type":"A","date":"2018-04-03T02:44:38.000Z","volume":29000,"label":" ","price":21.35},{"type":"A","date":"2018-04-03T02:44:39.000Z","volume":10000,"label":" ","price":21.35},{"type":"A","date":"2018-04-03T02:44:40.000Z","volume":196000,"label":" ","price":21.35},{"type":"A","date":"2018-04-03T02:44:45.000Z","volume":2000,"label":" ","price":21.4},{"type":"A","date":"2018-04-03T02:45:07.000Z","volume":34000,"label":" ","price":21.4},{"type":"A","date":"2018-04-03T02:45:32.000Z","volume":1000,"label":" ","price":21.4},{"type":"B","date":"2018-04-03T02:45:35.000Z","volume":3000,"label":" ","price":21.35},{"type":"A","date":"2018-04-03T02:45:43.000Z","volume":10000,"label":" ","price":21.4},{"type":"A","date":"2018-04-03T02:45:44.000Z","volume":37000,"label":"Y","price":21.4},{"type":"A","date":"2018-04-03T02:45:52.000Z","volume":10000,"label":" ","price":21.4},{"type":"B","date":"2018-04-03T02:46:03.000Z","volume":2000,"label":" ","price":21.35},{"type":"A","date":"2018-04-03T02:46:06.000Z","volume":2000,"label":" ","price":21.4},{"type":"B","date":"2018-04-03T02:46:54.000Z","volume":2000,"label":" ","price":21.35},{"type":"U","date":"2018-04-03T02:46:55.000Z","volume":1000,"label":"X","price":21.321},{"type":"B","date":"2018-04-03T02:47:18.000Z","volume":6000,"label":"Y","price":21.35},{"type":"B","date":"2018-04-03T02:47:18.000Z","volume":109000,"label":" ","price":21.35},{"type":"A","date":"2018-04-03T02:47:31.000Z","volume":5000,"label":" ","price":21.35},{"type":"A","date":"2018-04-03T02:48:24.000Z","volume":1000,"label":" ","price":21.35},{"type":"B","date":"2018-04-03T02:48:48.000Z","volume":143000,"label":" ","price":21.3},{"type":"B","date":"2018-04-03T02:48:48.000Z","volume":7000,"label":" ","price":21.3},{"type":"U","date":"2018-04-03T02:48:55.000Z","volume":2000,"label":"X","price":21.322},{"type":"B","date":"2018-04-03T02:49:22.000Z","volume":18000,"label":" ","price":21.25},{"type":"A","date":"2018-04-03T02:49:28.000Z","volume":1000,"label":" ","price":21.3},{"type":"A","date":"2018-04-03T02:50:07.000Z","volume":1000,"label":" ","price":21.3},{"type":"A","date":"2018-04-03T02:50:35.000Z","volume":10000,"label":" ","price":21.3},{"type":"B","date":"2018-04-03T02:50:46.000Z","volume":1000,"label":" ","price":21.25},{"type":"A","date":"2018-04-03T02:50:51.000Z","volume":2000,"label":" ","price":21.3},{"type":"A","date":"2018-04-03T02:51:10.000Z","volume":100000,"label":" ","price":21.3},{"type":"A","date":"2018-04-03T02:51:10.000Z","volume":19000,"label":" ","price":21.3},{"type":"B","date":"2018-04-03T02:51:10.000Z","volume":4000,"label":" ","price":21.3},{"type":"B","date":"2018-04-03T02:52:04.000Z","volume":1000,"label":" ","price":21.3},{"type":"B","date":"2018-04-03T02:52:09.000Z","volume":14000,"label":" ","price":21.3},{"type":"A","date":"2018-04-03T02:52:15.000Z","volume":5000,"label":" ","price":21.3},{"type":"A","date":"2018-04-03T02:52:21.000Z","volume":12000,"label":" ","price":21.3},{"type":"B","date":"2018-04-03T02:52:40.000Z","volume":6000,"label":" ","price":21.3},{"type":"B","date":"2018-04-03T02:52:58.000Z","volume":3000,"label":" ","price":21.3},{"type":"B","date":"2018-04-03T02:52:59.000Z","volume":3000,"label":" ","price":21.3},{"type":"B","date":"2018-04-03T02:53:05.000Z","volume":2000,"label":" ","price":21.3},{"type":"B","date":"2018-04-03T02:53:12.000Z","volume":20000,"label":" ","price":21.3},{"type":"B","date":"2018-04-03T02:53:15.000Z","volume":1000,"label":" ","price":21.3},{"type":"B","date":"2018-04-03T02:53:25.000Z","volume":1000,"label":" ","price":21.3},{"type":"B","date":"2018-04-03T02:53:26.000Z","volume":13000,"label":" ","price":21.3},{"type":"A","date":"2018-04-03T02:53:31.000Z","volume":2000,"label":" ","price":21.3},{"type":"B","date":"2018-04-03T02:53:34.000Z","volume":1000,"label":" ","price":21.3},{"type":"U","date":"2018-04-03T02:53:55.000Z","volume":1000,"label":"X","price":21.296},{"type":"B","date":"2018-04-03T02:54:05.000Z","volume":18000,"label":" ","price":21.25},{"type":"A","date":"2018-04-03T02:54:25.000Z","volume":1000,"label":" ","price":21.3},{"type":"A","date":"2018-04-03T02:54:35.000Z","volume":2000,"label":"Y","price":21.3},{"type":"A","date":"2018-04-03T02:54:51.000Z","volume":2000,"label":" ","price":21.3},{"type":"A","date":"2018-04-03T02:55:07.000Z","volume":69000,"label":" ","price":21.3},{"type":"B","date":"2018-04-03T02:55:27.000Z","volume":44000,"label":" ","price":21.3},{"type":"A","date":"2018-04-03T02:55:39.000Z","volume":1000,"label":" ","price":21.3},{"type":"B","date":"2018-04-03T02:56:38.000Z","volume":1000,"label":" ","price":21.25},{"type":"B","date":"2018-04-03T02:57:28.000Z","volume":30000,"label":" ","price":21.25},{"type":"A","date":"2018-04-03T02:57:36.000Z","volume":1000,"label":" ","price":21.3},{"type":"B","date":"2018-04-03T02:57:39.000Z","volume":8000,"label":" ","price":21.25},{"type":"B","date":"2018-04-03T02:57:40.000Z","volume":1000,"label":" ","price":21.25},{"type":"A","date":"2018-04-03T02:57:59.000Z","volume":2000,"label":" ","price":21.3},{"type":"A","date":"2018-04-03T02:58:19.000Z","volume":2000,"label":" ","price":21.3},{"type":"B","date":"2018-04-03T02:58:40.000Z","volume":19000,"label":" ","price":21.25},{"type":"B","date":"2018-04-03T02:59:05.000Z","volume":2000,"label":" ","price":21.25},{"type":"B","date":"2018-04-03T02:59:29.000Z","volume":2000,"label":" ","price":21.25},{"type":"A","date":"2018-04-03T02:59:32.000Z","volume":2000,"label":" ","price":21.3},{"type":"A","date":"2018-04-03T02:59:46.000Z","volume":1000,"label":" ","price":21.3},{"type":"A","date":"2018-04-03T03:00:23.000Z","volume":1000,"label":" ","price":21.3},{"type":"A","date":"2018-04-03T03:00:26.000Z","volume":2000,"label":" ","price":21.3},{"type":"B","date":"2018-04-03T03:01:07.000Z","volume":2000,"label":" ","price":21.25},{"type":"A","date":"2018-04-03T03:01:18.000Z","volume":2000,"label":"Y","price":21.3},{"type":"A","date":"2018-04-03T03:01:18.000Z","volume":31000,"label":" ","price":21.3},{"type":"A","date":"2018-04-03T03:01:19.000Z","volume":68000,"label":" ","price":21.3},{"type":"B","date":"2018-04-03T03:02:45.000Z","volume":1000,"label":" ","price":21.3},{"type":"A","date":"2018-04-03T03:02:45.000Z","volume":5000,"label":" ","price":21.35},{"type":"B","date":"2018-04-03T03:02:46.000Z","volume":1000,"label":" ","price":21.3},{"type":"A","date":"2018-04-03T03:02:53.000Z","volume":19000,"label":" ","price":21.35},{"type":"A","date":"2018-04-03T03:02:54.000Z","volume":7000,"label":" ","price":21.35},{"type":"A","date":"2018-04-03T03:03:01.000Z","volume":50000,"label":" ","price":21.35},{"type":"A","date":"2018-04-03T03:03:02.000Z","volume":8000,"label":" ","price":21.35},{"type":"A","date":"2018-04-03T03:03:02.000Z","volume":25000,"label":" ","price":21.35},{"type":"A","date":"2018-04-03T03:03:02.000Z","volume":192000,"label":" ","price":21.35},{"type":"B","date":"2018-04-03T03:03:04.000Z","volume":5000,"label":" ","price":21.35},{"type":"B","date":"2018-04-03T03:03:04.000Z","volume":1000,"label":" ","price":21.35},{"type":"B","date":"2018-04-03T03:03:04.000Z","volume":1000,"label":" ","price":21.35},{"type":"A","date":"2018-04-03T03:03:08.000Z","volume":1000,"label":" ","price":21.4},{"type":"A","date":"2018-04-03T03:03:23.000Z","volume":10000,"label":" ","price":21.4},{"type":"B","date":"2018-04-03T03:03:24.000Z","volume":1000,"label":" ","price":21.35},{"type":"B","date":"2018-04-03T03:03:25.000Z","volume":2000,"label":" ","price":21.35},{"type":"B","date":"2018-04-03T03:04:19.000Z","volume":2000,"label":" ","price":21.35},{"type":"B","date":"2018-04-03T03:04:29.000Z","volume":5000,"label":" ","price":21.35},{"type":"B","date":"2018-04-03T03:04:54.000Z","volume":2000,"label":" ","price":21.35},{"type":"A","date":"2018-04-03T03:05:08.000Z","volume":3000,"label":" ","price":21.4},{"type":"B","date":"2018-04-03T03:05:27.000Z","volume":18000,"label":" ","price":21.35},{"type":"B","date":"2018-04-03T03:05:39.000Z","volume":12000,"label":" ","price":21.35},{"type":"B","date":"2018-04-03T03:06:07.000Z","volume":2000,"label":" ","price":21.35},{"type":"A","date":"2018-04-03T03:06:07.000Z","volume":2000,"label":" ","price":21.4},{"type":"A","date":"2018-04-03T03:06:33.000Z","volume":1000,"label":" ","price":21.4},{"type":"A","date":"2018-04-03T03:06:35.000Z","volume":1000,"label":" ","price":21.4},{"type":"A","date":"2018-04-03T03:08:33.000Z","volume":2000,"label":" ","price":21.4},{"type":"A","date":"2018-04-03T03:09:16.000Z","volume":2000,"label":" ","price":21.4},{"type":"B","date":"2018-04-03T03:09:49.000Z","volume":18000,"label":" ","price":21.35},{"type":"B","date":"2018-04-03T03:09:50.000Z","volume":1000,"label":" ","price":21.35},{"type":"A","date":"2018-04-03T03:10:24.000Z","volume":3000,"label":" ","price":21.4},{"type":"A","date":"2018-04-03T03:11:06.000Z","volume":1000,"label":" ","price":21.4},{"type":"B","date":"2018-04-03T03:11:13.000Z","volume":5000,"label":" ","price":21.35},{"type":"A","date":"2018-04-03T03:11:31.000Z","volume":1000,"label":" ","price":21.4},{"type":"B","date":"2018-04-03T03:12:32.000Z","volume":1000,"label":" ","price":21.35},{"type":"B","date":"2018-04-03T03:12:37.000Z","volume":128000,"label":" ","price":21.35},{"type":"B","date":"2018-04-03T03:12:37.000Z","volume":2000,"label":" ","price":21.35},{"type":"A","date":"2018-04-03T03:12:41.000Z","volume":5000,"label":" ","price":21.35},{"type":"A","date":"2018-04-03T03:12:55.000Z","volume":50000,"label":" ","price":21.35},{"type":"A","date":"2018-04-03T03:13:28.000Z","volume":2000,"label":" ","price":21.35},{"type":"B","date":"2018-04-03T03:14:03.000Z","volume":1000,"label":" ","price":21.3},{"type":"B","date":"2018-04-03T03:14:24.000Z","volume":18000,"label":" ","price":21.3},{"type":"B","date":"2018-04-03T03:14:40.000Z","volume":1000,"label":" ","price":21.3},{"type":"B","date":"2018-04-03T03:15:29.000Z","volume":5000,"label":" ","price":21.3},{"type":"B","date":"2018-04-03T03:16:38.000Z","volume":1000,"label":" ","price":21.3},{"type":"A","date":"2018-04-03T03:17:02.000Z","volume":2000,"label":" ","price":21.35},{"type":"A","date":"2018-04-03T03:17:07.000Z","volume":1000,"label":" ","price":21.35},{"type":"A","date":"2018-04-03T03:17:54.000Z","volume":1000,"label":" ","price":21.35},{"type":"A","date":"2018-04-03T03:18:25.000Z","volume":15000,"label":" ","price":21.35},{"type":"B","date":"2018-04-03T03:18:48.000Z","volume":18000,"label":" ","price":21.3},{"type":"A","date":"2018-04-03T03:19:45.000Z","volume":1000,"label":" ","price":21.35},{"type":"A","date":"2018-04-03T03:20:24.000Z","volume":2000,"label":" ","price":21.35},{"type":"A","date":"2018-04-03T03:22:34.000Z","volume":1000,"label":" ","price":21.35},{"type":"B","date":"2018-04-03T03:22:50.000Z","volume":1000,"label":" ","price":21.3},{"type":"U","date":"2018-04-03T03:23:18.000Z","volume":1000,"label":"X","price":21.35},{"type":"B","date":"2018-04-03T03:23:31.000Z","volume":18000,"label":" ","price":21.3},{"type":"A","date":"2018-04-03T03:24:45.000Z","volume":14000,"label":" ","price":21.35},{"type":"A","date":"2018-04-03T03:25:10.000Z","volume":2000,"label":" ","price":21.35},{"type":"A","date":"2018-04-03T03:25:12.000Z","volume":5000,"label":" ","price":21.35},{"type":"A","date":"2018-04-03T03:25:33.000Z","volume":1000,"label":" ","price":21.35},{"type":"B","date":"2018-04-03T03:25:55.000Z","volume":2000,"label":" ","price":21.3},{"type":"B","date":"2018-04-03T03:26:52.000Z","volume":2000,"label":" ","price":21.3},{"type":"A","date":"2018-04-03T03:27:18.000Z","volume":20000,"label":" ","price":21.35},{"type":"A","date":"2018-04-03T03:27:47.000Z","volume":1000,"label":" ","price":21.35},{"type":"B","date":"2018-04-03T03:28:09.000Z","volume":3000,"label":" ","price":21.3},{"type":"A","date":"2018-04-03T03:28:09.000Z","volume":1000,"label":" ","price":21.35},{"type":"B","date":"2018-04-03T03:28:23.000Z","volume":18000,"label":" ","price":21.3},{"type":"B","date":"2018-04-03T03:28:55.000Z","volume":1000,"label":" ","price":21.3},{"type":"A","date":"2018-04-03T03:28:59.000Z","volume":2000,"label":" ","price":21.35},{"type":"B","date":"2018-04-03T03:30:05.000Z","volume":24000,"label":" ","price":21.3},{"type":"U","date":"2018-04-03T03:30:14.000Z","volume":1000,"label":"X","price":21.35},{"type":"B","date":"2018-04-03T03:30:15.000Z","volume":1000,"label":" ","price":21.3},{"type":"A","date":"2018-04-03T03:30:18.000Z","volume":1000,"label":" ","price":21.35},{"type":"A","date":"2018-04-03T03:30:19.000Z","volume":5000,"label":" ","price":21.35},{"type":"B","date":"2018-04-03T03:30:20.000Z","volume":1000,"label":" ","price":21.3},{"type":"B","date":"2018-04-03T03:30:35.000Z","volume":1000,"label":" ","price":21.3},{"type":"A","date":"2018-04-03T03:30:37.000Z","volume":1000,"label":" ","price":21.35},{"type":"A","date":"2018-04-03T03:30:47.000Z","volume":2000,"label":" ","price":21.35},{"type":"B","date":"2018-04-03T03:30:55.000Z","volume":1000,"label":" ","price":21.3},{"type":"B","date":"2018-04-03T03:31:15.000Z","volume":1000,"label":" ","price":21.3},{"type":"B","date":"2018-04-03T03:31:25.000Z","volume":1000,"label":" ","price":21.3},{"type":"B","date":"2018-04-03T03:31:28.000Z","volume":3000,"label":" ","price":21.3},{"type":"B","date":"2018-04-03T03:31:30.000Z","volume":6000,"label":" ","price":21.3},{"type":"B","date":"2018-04-03T03:31:42.000Z","volume":2000,"label":"Y","price":21.3},{"type":"A","date":"2018-04-03T03:31:43.000Z","volume":2000,"label":" ","price":21.35},{"type":"B","date":"2018-04-03T03:31:45.000Z","volume":1000,"label":" ","price":21.3},{"type":"A","date":"2018-04-03T03:32:01.000Z","volume":5000,"label":" ","price":21.35},{"type":"B","date":"2018-04-03T03:32:05.000Z","volume":1000,"label":" ","price":21.3},{"type":"B","date":"2018-04-03T03:32:27.000Z","volume":1000,"label":" ","price":21.3},{"type":"B","date":"2018-04-03T03:32:48.000Z","volume":4000,"label":"Y","price":21.3},{"type":"B","date":"2018-04-03T03:32:48.000Z","volume":321000,"label":" ","price":21.3},{"type":"A","date":"2018-04-03T03:32:48.000Z","volume":2000,"label":" ","price":21.3},{"type":"A","date":"2018-04-03T03:32:48.000Z","volume":2000,"label":" ","price":21.3},{"type":"A","date":"2018-04-03T03:32:48.000Z","volume":1000,"label":" ","price":21.3},{"type":"B","date":"2018-04-03T03:32:49.000Z","volume":1000,"label":" ","price":21.25},{"type":"B","date":"2018-04-03T03:33:00.000Z","volume":1000,"label":" ","price":21.25},{"type":"B","date":"2018-04-03T03:33:05.000Z","volume":1000,"label":" ","price":21.25},{"type":"B","date":"2018-04-03T03:33:20.000Z","volume":1000,"label":" ","price":21.25},{"type":"B","date":"2018-04-03T03:33:35.000Z","volume":2000,"label":" ","price":21.25},{"type":"B","date":"2018-04-03T03:33:40.000Z","volume":1000,"label":" ","price":21.25},{"type":"B","date":"2018-04-03T03:33:50.000Z","volume":10000,"label":" ","price":21.25},{"type":"B","date":"2018-04-03T03:34:01.000Z","volume":6000,"label":" ","price":21.25},{"type":"B","date":"2018-04-03T03:34:01.000Z","volume":1000,"label":" ","price":21.25},{"type":"B","date":"2018-04-03T03:34:21.000Z","volume":1000,"label":" ","price":21.25},{"type":"B","date":"2018-04-03T03:34:41.000Z","volume":1000,"label":" ","price":21.25},{"type":"B","date":"2018-04-03T03:34:54.000Z","volume":31000,"label":" ","price":21.25},{"type":"B","date":"2018-04-03T03:34:54.000Z","volume":5000,"label":" ","price":21.25},{"type":"B","date":"2018-04-03T03:34:54.000Z","volume":1000,"label":" ","price":21.25},{"type":"B","date":"2018-04-03T03:34:54.000Z","volume":2000,"label":" ","price":21.25},{"type":"B","date":"2018-04-03T03:34:54.000Z","volume":1000,"label":" ","price":21.25},{"type":"A","date":"2018-04-03T03:34:57.000Z","volume":2000,"label":" ","price":21.3},{"type":"B","date":"2018-04-03T03:35:02.000Z","volume":1000,"label":" ","price":21.25},{"type":"B","date":"2018-04-03T03:35:13.000Z","volume":2000,"label":" ","price":21.25},{"type":"B","date":"2018-04-03T03:35:13.000Z","volume":1000,"label":" ","price":21.25},{"type":"B","date":"2018-04-03T03:35:22.000Z","volume":1000,"label":" ","price":21.25},{"type":"B","date":"2018-04-03T03:35:24.000Z","volume":2000,"label":" ","price":21.25},{"type":"B","date":"2018-04-03T03:35:42.000Z","volume":1000,"label":" ","price":21.25},{"type":"B","date":"2018-04-03T03:36:02.000Z","volume":1000,"label":" ","price":21.25},{"type":"A","date":"2018-04-03T03:36:06.000Z","volume":1000,"label":" ","price":21.3},{"type":"B","date":"2018-04-03T03:36:22.000Z","volume":1000,"label":" ","price":21.25},{"type":"B","date":"2018-04-03T03:36:30.000Z","volume":1000,"label":" ","price":21.25},{"type":"B","date":"2018-04-03T03:36:42.000Z","volume":1000,"label":" ","price":21.25},{"type":"B","date":"2018-04-03T03:37:02.000Z","volume":1000,"label":" ","price":21.25},{"type":"B","date":"2018-04-03T03:37:22.000Z","volume":1000,"label":" ","price":21.25},{"type":"B","date":"2018-04-03T03:37:25.000Z","volume":172000,"label":" ","price":21.25},{"type":"A","date":"2018-04-03T03:37:31.000Z","volume":5000,"label":" ","price":21.25},{"type":"B","date":"2018-04-03T03:37:32.000Z","volume":1000,"label":" ","price":21.2},{"type":"B","date":"2018-04-03T03:37:37.000Z","volume":2000,"label":" ","price":21.2},{"type":"B","date":"2018-04-03T03:37:43.000Z","volume":1000,"label":" ","price":21.2},{"type":"B","date":"2018-04-03T03:38:03.000Z","volume":1000,"label":" ","price":21.2},{"type":"B","date":"2018-04-03T03:38:23.000Z","volume":1000,"label":" ","price":21.2},{"type":"A","date":"2018-04-03T03:38:24.000Z","volume":20000,"label":" ","price":21.25},{"type":"B","date":"2018-04-03T03:38:43.000Z","volume":1000,"label":" ","price":21.2},{"type":"A","date":"2018-04-03T03:39:02.000Z","volume":1000,"label":" ","price":21.25},{"type":"A","date":"2018-04-03T03:39:03.000Z","volume":1000,"label":" ","price":21.25},{"type":"A","date":"2018-04-03T03:39:03.000Z","volume":229000,"label":" ","price":21.25},{"type":"B","date":"2018-04-03T03:39:03.000Z","volume":52000,"label":" ","price":21.25},{"type":"A","date":"2018-04-03T03:39:30.000Z","volume":30000,"label":" ","price":21.3},{"type":"B","date":"2018-04-03T03:40:14.000Z","volume":1000,"label":" ","price":21.25},{"type":"B","date":"2018-04-03T03:40:34.000Z","volume":1000,"label":" ","price":21.25},{"type":"U","date":"2018-04-03T03:40:43.000Z","volume":1000,"label":"X","price":21.3},{"type":"B","date":"2018-04-03T03:40:54.000Z","volume":1000,"label":" ","price":21.25},{"type":"U","date":"2018-04-03T03:40:59.000Z","volume":213,"label":"D","price":21.25},{"type":"B","date":"2018-04-03T03:41:15.000Z","volume":1000,"label":" ","price":21.25},{"type":"B","date":"2018-04-03T03:41:22.000Z","volume":5000,"label":" ","price":21.25},{"type":"B","date":"2018-04-03T03:41:45.000Z","volume":1000,"label":" ","price":21.25},{"type":"B","date":"2018-04-03T03:42:05.000Z","volume":1000,"label":" ","price":21.25},{"type":"B","date":"2018-04-03T03:42:25.000Z","volume":1000,"label":" ","price":21.25},{"type":"B","date":"2018-04-03T03:42:45.000Z","volume":1000,"label":" ","price":21.25},{"type":"B","date":"2018-04-03T03:42:45.000Z","volume":1000,"label":"Y","price":21.25},{"type":"B","date":"2018-04-03T03:42:45.000Z","volume":274000,"label":" ","price":21.25},{"type":"A","date":"2018-04-03T03:42:52.000Z","volume":1000,"label":" ","price":21.25},{"type":"B","date":"2018-04-03T03:43:04.000Z","volume":1000,"label":" ","price":21.2},{"type":"B","date":"2018-04-03T03:43:15.000Z","volume":1000,"label":" ","price":21.2},{"type":"A","date":"2018-04-03T03:43:26.000Z","volume":10000,"label":" ","price":21.25},{"type":"B","date":"2018-04-03T03:43:35.000Z","volume":1000,"label":" ","price":21.2},{"type":"B","date":"2018-04-03T03:43:55.000Z","volume":1000,"label":" ","price":21.2},{"type":"A","date":"2018-04-03T03:44:09.000Z","volume":4000,"label":" ","price":21.25},{"type":"B","date":"2018-04-03T03:44:25.000Z","volume":1000,"label":" ","price":21.2},{"type":"A","date":"2018-04-03T03:44:29.000Z","volume":1000,"label":" ","price":21.25},{"type":"U","date":"2018-04-03T03:44:37.000Z","volume":1000,"label":"X","price":21.25},{"type":"A","date":"2018-04-03T03:44:38.000Z","volume":5000,"label":" ","price":21.25},{"type":"A","date":"2018-04-03T03:44:38.000Z","volume":100000,"label":" ","price":21.25},{"type":"A","date":"2018-04-03T03:44:38.000Z","volume":5000,"label":" ","price":21.25},{"type":"B","date":"2018-04-03T03:44:38.000Z","volume":5000,"label":" ","price":21.25},{"type":"B","date":"2018-04-03T03:44:38.000Z","volume":2000,"label":" ","price":21.25},{"type":"B","date":"2018-04-03T03:44:38.000Z","volume":3000,"label":" ","price":21.25},{"type":"B","date":"2018-04-03T03:44:38.000Z","volume":6000,"label":" ","price":21.25},{"type":"B","date":"2018-04-03T03:44:38.000Z","volume":4000,"label":" ","price":21.25},{"type":"B","date":"2018-04-03T03:44:38.000Z","volume":2000,"label":" ","price":21.25},{"type":"B","date":"2018-04-03T03:44:38.000Z","volume":6000,"label":" ","price":21.25},{"type":"B","date":"2018-04-03T03:45:20.000Z","volume":1000,"label":" ","price":21.25},{"type":"B","date":"2018-04-03T03:45:23.000Z","volume":1000,"label":" ","price":21.25},{"type":"B","date":"2018-04-03T03:45:27.000Z","volume":1000,"label":" ","price":21.25},{"type":"B","date":"2018-04-03T03:45:47.000Z","volume":1000,"label":" ","price":21.25},{"type":"U","date":"2018-04-03T03:45:48.000Z","volume":1000,"label":"X","price":21.275},{"type":"B","date":"2018-04-03T03:46:01.000Z","volume":5000,"label":" ","price":21.25},{"type":"B","date":"2018-04-03T03:46:17.000Z","volume":1000,"label":" ","price":21.25},{"type":"B","date":"2018-04-03T03:46:32.000Z","volume":1000,"label":" ","price":21.25},{"type":"B","date":"2018-04-03T03:46:32.000Z","volume":1000,"label":" ","price":21.25},{"type":"B","date":"2018-04-03T03:46:32.000Z","volume":1000,"label":" ","price":21.25},{"type":"B","date":"2018-04-03T03:46:32.000Z","volume":1000,"label":" ","price":21.25},{"type":"B","date":"2018-04-03T03:46:32.000Z","volume":1000,"label":" ","price":21.25},{"type":"B","date":"2018-04-03T03:46:32.000Z","volume":1000,"label":" ","price":21.25},{"type":"B","date":"2018-04-03T03:46:37.000Z","volume":1000,"label":" ","price":21.25},{"type":"B","date":"2018-04-03T03:46:38.000Z","volume":1000,"label":" ","price":21.25},{"type":"B","date":"2018-04-03T03:46:40.000Z","volume":1000,"label":" ","price":21.25},{"type":"B","date":"2018-04-03T03:46:43.000Z","volume":1000,"label":"Y","price":21.25},{"type":"B","date":"2018-04-03T03:46:43.000Z","volume":1000,"label":" ","price":21.25},{"type":"U","date":"2018-04-03T03:46:47.000Z","volume":1000,"label":"X","price":21.275},{"type":"B","date":"2018-04-03T03:46:54.000Z","volume":5000,"label":" ","price":21.25},{"type":"B","date":"2018-04-03T03:46:57.000Z","volume":1000,"label":" ","price":21.25},{"type":"B","date":"2018-04-03T03:47:27.000Z","volume":1000,"label":" ","price":21.25},{"type":"B","date":"2018-04-03T03:47:28.000Z","volume":1000,"label":" ","price":21.25},{"type":"B","date":"2018-04-03T03:47:36.000Z","volume":2000,"label":" ","price":21.25},{"type":"B","date":"2018-04-03T03:47:48.000Z","volume":1000,"label":" ","price":21.25},{"type":"B","date":"2018-04-03T03:47:50.000Z","volume":2000,"label":" ","price":21.25},{"type":"U","date":"2018-04-03T03:48:02.000Z","volume":1000,"label":"X","price":21.275},{"type":"B","date":"2018-04-03T03:48:08.000Z","volume":1000,"label":" ","price":21.25},{"type":"A","date":"2018-04-03T03:48:24.000Z","volume":1000,"label":" ","price":21.3},{"type":"B","date":"2018-04-03T03:48:29.000Z","volume":1000,"label":" ","price":21.25},{"type":"U","date":"2018-04-03T03:48:35.000Z","volume":6000,"label":"X","price":21.275},{"type":"B","date":"2018-04-03T03:48:59.000Z","volume":1000,"label":" ","price":21.25},{"type":"A","date":"2018-04-03T03:49:07.000Z","volume":4000,"label":" ","price":21.3},{"type":"A","date":"2018-04-03T03:49:09.000Z","volume":10000,"label":" ","price":21.3},{"type":"B","date":"2018-04-03T03:49:10.000Z","volume":1000,"label":" ","price":21.25},{"type":"B","date":"2018-04-03T03:49:19.000Z","volume":1000,"label":" ","price":21.25},{"type":"B","date":"2018-04-03T03:49:19.000Z","volume":6000,"label":" ","price":21.25},{"type":"B","date":"2018-04-03T03:49:39.000Z","volume":1000,"label":" ","price":21.25},{"type":"B","date":"2018-04-03T03:49:59.000Z","volume":1000,"label":" ","price":21.25},{"type":"B","date":"2018-04-03T03:50:00.000Z","volume":1000,"label":" ","price":21.25},{"type":"B","date":"2018-04-03T03:50:30.000Z","volume":1000,"label":" ","price":21.25},{"type":"B","date":"2018-04-03T03:50:50.000Z","volume":1000,"label":" ","price":21.25},{"type":"B","date":"2018-04-03T03:51:10.000Z","volume":1000,"label":" ","price":21.25},{"type":"B","date":"2018-04-03T03:51:28.000Z","volume":1000,"label":" ","price":21.25},{"type":"B","date":"2018-04-03T03:51:30.000Z","volume":1000,"label":" ","price":21.25},{"type":"B","date":"2018-04-03T03:51:41.000Z","volume":1000,"label":" ","price":21.25},{"type":"B","date":"2018-04-03T03:52:01.000Z","volume":1000,"label":" ","price":21.25},{"type":"B","date":"2018-04-03T03:52:21.000Z","volume":1000,"label":" ","price":21.25},{"type":"A","date":"2018-04-03T03:52:26.000Z","volume":18000,"label":" ","price":21.3},{"type":"A","date":"2018-04-03T03:52:27.000Z","volume":11000,"label":" ","price":21.3},{"type":"A","date":"2018-04-03T03:52:36.000Z","volume":21000,"label":" ","price":21.3},{"type":"A","date":"2018-04-03T03:52:36.000Z","volume":50000,"label":" ","price":21.3},{"type":"A","date":"2018-04-03T03:53:01.000Z","volume":3000,"label":" ","price":21.3},{"type":"A","date":"2018-04-03T03:53:09.000Z","volume":15000,"label":" ","price":21.3},{"type":"B","date":"2018-04-03T03:53:23.000Z","volume":2000,"label":" ","price":21.25},{"type":"B","date":"2018-04-03T03:53:32.000Z","volume":1000,"label":" ","price":21.25},{"type":"A","date":"2018-04-03T03:53:40.000Z","volume":5000,"label":" ","price":21.3},{"type":"B","date":"2018-04-03T03:53:40.000Z","volume":12000,"label":" ","price":21.25},{"type":"A","date":"2018-04-03T03:53:47.000Z","volume":2000,"label":" ","price":21.3},{"type":"B","date":"2018-04-03T03:53:52.000Z","volume":1000,"label":" ","price":21.25},{"type":"A","date":"2018-04-03T03:53:53.000Z","volume":1000,"label":" ","price":21.3},{"type":"B","date":"2018-04-03T03:54:22.000Z","volume":1000,"label":" ","price":21.25},{"type":"B","date":"2018-04-03T03:54:42.000Z","volume":1000,"label":" ","price":21.25},{"type":"B","date":"2018-04-03T03:55:12.000Z","volume":1000,"label":" ","price":21.25},{"type":"B","date":"2018-04-03T03:55:33.000Z","volume":1000,"label":" ","price":21.25},{"type":"B","date":"2018-04-03T03:56:03.000Z","volume":1000,"label":" ","price":21.25},{"type":"B","date":"2018-04-03T03:56:14.000Z","volume":5000,"label":" ","price":21.25},{"type":"B","date":"2018-04-03T03:56:33.000Z","volume":1000,"label":" ","price":21.25},{"type":"B","date":"2018-04-03T03:56:43.000Z","volume":2000,"label":" ","price":21.25},{"type":"B","date":"2018-04-03T03:56:54.000Z","volume":1000,"label":" ","price":21.25},{"type":"B","date":"2018-04-03T03:57:00.000Z","volume":4000,"label":" ","price":21.25},{"type":"B","date":"2018-04-03T03:57:05.000Z","volume":1000,"label":" ","price":21.25},{"type":"B","date":"2018-04-03T03:57:05.000Z","volume":1000,"label":" ","price":21.25},{"type":"B","date":"2018-04-03T03:57:24.000Z","volume":1000,"label":" ","price":21.25},{"type":"B","date":"2018-04-03T03:57:24.000Z","volume":10000,"label":" ","price":21.25},{"type":"A","date":"2018-04-03T03:57:51.000Z","volume":10000,"label":" ","price":21.3},{"type":"B","date":"2018-04-03T03:57:55.000Z","volume":1000,"label":" ","price":21.25},{"type":"B","date":"2018-04-03T03:57:55.000Z","volume":2000,"label":" ","price":21.25},{"type":"B","date":"2018-04-03T03:58:35.000Z","volume":1000,"label":" ","price":21.25},{"type":"B","date":"2018-04-03T03:59:05.000Z","volume":1000,"label":" ","price":21.25},{"type":"A","date":"2018-04-03T03:59:06.000Z","volume":1000,"label":" ","price":21.3},{"type":"B","date":"2018-04-03T03:59:46.000Z","volume":10000,"label":" ","price":21.25},{"type":"B","date":"2018-04-03T03:59:56.000Z","volume":1000,"label":" ","price":21.25},{"type":"B","date":"2018-04-03T05:00:00.000Z","volume":1000,"label":" ","price":21.25},{"type":"A","date":"2018-04-03T05:00:00.000Z","volume":1000,"label":" ","price":21.3},{"type":"U","date":"2018-04-03T05:00:02.000Z","volume":23000,"label":"X","price":21.3},{"type":"A","date":"2018-04-03T05:00:02.000Z","volume":257000,"label":" ","price":21.3},{"type":"B","date":"2018-04-03T05:00:03.000Z","volume":30000,"label":" ","price":21.25},{"type":"B","date":"2018-04-03T05:00:03.000Z","volume":1000,"label":" ","price":21.25},{"type":"B","date":"2018-04-03T05:00:04.000Z","volume":5000,"label":" ","price":21.25},{"type":"B","date":"2018-04-03T05:00:09.000Z","volume":3000,"label":" ","price":21.25},{"type":"B","date":"2018-04-03T05:00:09.000Z","volume":1000,"label":" ","price":21.25},{"type":"B","date":"2018-04-03T05:00:09.000Z","volume":1000,"label":" ","price":21.25},{"type":"B","date":"2018-04-03T05:00:10.000Z","volume":28000,"label":" ","price":21.25},{"type":"B","date":"2018-04-03T05:00:10.000Z","volume":4000,"label":" ","price":21.25}