[{"type":"B","date":"2018-03-26T02:18:23.000Z","volume":22000,"label":" ","price":1.81},{"type":"B","date":"2018-03-26T02:18:24.000Z","volume":2000,"label":" ","price":1.81},{"type":"B","date":"2018-03-26T02:18:36.000Z","volume":10000,"label":" ","price":1.81},{"type":"B","date":"2018-03-26T02:27:28.000Z","volume":20000,"label":" ","price":1.83},{"type":"B","date":"2018-03-26T02:27:31.000Z","volume":2000,"label":" ","price":1.83},{"type":"B","date":"2018-03-26T02:30:01.000Z","volume":42000,"label":" ","price":1.83},{"type":"B","date":"2018-03-26T02:30:01.000Z","volume":6000,"label":" ","price":1.83},{"type":"B","date":"2018-03-26T02:43:43.000Z","volume":6000,"label":" ","price":1.83},{"type":"B","date":"2018-03-26T03:19:48.000Z","volume":8000,"label":" ","price":1.83},{"type":"A","date":"2018-03-26T03:19:48.000Z","volume":12000,"label":" ","price":1.83},{"type":"B","date":"2018-03-26T03:19:48.000Z","volume":2000,"label":" ","price":1.82},{"type":"A","date":"2018-03-26T05:45:47.000Z","volume":4000,"label":" ","price":1.83},{"type":"B","date":"2018-03-26T07:11:16.000Z","volume":2000,"label":" ","price":1.84},{"type":"B","date":"2018-03-26T07:11:16.000Z","volume":2000,"label":" ","price":1.83},{"type":"B","date":"2018-03-26T07:15:08.000Z","volume":4000,"label":" ","price":1.84},{"type":"A","date":"2018-03-26T07:27:27.000Z","volume":20000,"label":" ","price":1.85},{"type":"B","date":"2018-03-26T07:27:27.000Z","volume":2000,"label":" ","price":1.84},{"type":"A","date":"2018-03-26T07:32:56.000Z","volume":22000,"label":" ","price":1.87},{"type":"B","date":"2018-03-26T07:33:10.000Z","volume":42000,"label":" ","price":1.87},{"type":"B","date":"2018-03-26T07:33:10.000Z","volume":12000,"label":" ","price":1.87},{"type":"B","date":"2018-03-26T07:33:10.000Z","volume":4000,"label":" ","price":1.87},{"type":"B","date":"2018-03-26T07:33:10.000Z","volume":18000,"label":" ","price":1.87},{"type":"B","date":"2018-03-26T07:33:10.000Z","volume":2000,"label":" ","price":1.87},{"type":"B","date":"2018-03-26T07:33:11.000Z","volume":6000,"label":" ","price":1.84}]