[{"type":"U","date":"2018-04-27T01:20:00.000Z","volume":23500,"label":"U","price":7.25},{"type":"B","date":"2018-04-27T01:30:02.000Z","volume":14500,"label":" ","price":7.24},{"type":"B","date":"2018-04-27T01:30:02.000Z","volume":10000,"label":"Y","price":7.23},{"type":"B","date":"2018-04-27T01:30:02.000Z","volume":13500,"label":" ","price":7.23},{"type":"A","date":"2018-04-27T01:30:02.000Z","volume":1500,"label":" ","price":7.25},{"type":"A","date":"2018-04-27T01:30:03.000Z","volume":2500,"label":" ","price":7.25},{"type":"A","date":"2018-04-27T01:30:03.000Z","volume":1000,"label":" ","price":7.25},{"type":"B","date":"2018-04-27T01:30:04.000Z","volume":4500,"label":" ","price":7.23},{"type":"A","date":"2018-04-27T01:30:04.000Z","volume":1000,"label":" ","price":7.25},{"type":"A","date":"2018-04-27T01:30:05.000Z","volume":500,"label":" ","price":7.25},{"type":"B","date":"2018-04-27T01:30:05.000Z","volume":500,"label":" ","price":7.23},{"type":"A","date":"2018-04-27T01:30:05.000Z","volume":2000,"label":" ","price":7.25},{"type":"A","date":"2018-04-27T01:30:05.000Z","volume":500,"label":" ","price":7.25},{"type":"B","date":"2018-04-27T01:30:05.000Z","volume":9000,"label":" ","price":7.23},{"type":"B","date":"2018-04-27T01:30:05.000Z","volume":500,"label":" ","price":7.23},{"type":"A","date":"2018-04-27T01:30:05.000Z","volume":1000,"label":" ","price":7.25},{"type":"A","date":"2018-04-27T01:30:06.000Z","volume":8000,"label":" ","price":7.25},{"type":"A","date":"2018-04-27T01:30:06.000Z","volume":1000,"label":" ","price":7.25},{"type":"A","date":"2018-04-27T01:30:06.000Z","volume":500,"label":" ","price":7.25},{"type":"A","date":"2018-04-27T01:30:06.000Z","volume":500,"label":" ","price":7.25},{"type":"B","date":"2018-04-27T01:30:06.000Z","volume":2000,"label":" ","price":7.24},{"type":"A","date":"2018-04-27T01:30:06.000Z","volume":500,"label":" ","price":7.25},{"type":"B","date":"2018-04-27T01:30:07.000Z","volume":2500,"label":" ","price":7.24},{"type":"B","date":"2018-04-27T01:30:07.000Z","volume":1500,"label":" ","price":7.24},{"type":"A","date":"2018-04-27T01:30:07.000Z","volume":8500,"label":" ","price":7.25},{"type":"A","date":"2018-04-27T01:30:07.000Z","volume":1000,"label":" ","price":7.25},{"type":"B","date":"2018-04-27T01:30:07.000Z","volume":500,"label":"Y","price":7.23},{"type":"B","date":"2018-04-27T01:30:07.000Z","volume":2000,"label":" ","price":7.23},{"type":"B","date":"2018-04-27T01:30:09.000Z","volume":3500,"label":" ","price":7.23},{"type":"A","date":"2018-04-27T01:30:09.000Z","volume":2500,"label":" ","price":7.25},{"type":"A","date":"2018-04-27T01:30:10.000Z","volume":1000,"label":" ","price":7.25},{"type":"B","date":"2018-04-27T01:30:10.000Z","volume":2000,"label":" ","price":7.23},{"type":"A","date":"2018-04-27T01:30:11.000Z","volume":1000,"label":" ","price":7.25},{"type":"A","date":"2018-04-27T01:30:12.000Z","volume":3000,"label":" ","price":7.25},{"type":"A","date":"2018-04-27T01:30:13.000Z","volume":1000,"label":" ","price":7.25},{"type":"A","date":"2018-04-27T01:30:14.000Z","volume":1000,"label":" ","price":7.25},{"type":"B","date":"2018-04-27T01:30:14.000Z","volume":2500,"label":" ","price":7.23},{"type":"A","date":"2018-04-27T01:30:14.000Z","volume":1000,"label":" ","price":7.25},{"type":"A","date":"2018-04-27T01:30:15.000Z","volume":1500,"label":" ","price":7.25},{"type":"A","date":"2018-04-27T01:30:15.000Z","volume":1500,"label":" ","price":7.25},{"type":"A","date":"2018-04-27T01:30:16.000Z","volume":10000,"label":" ","price":7.25},{"type":"A","date":"2018-04-27T01:30:17.000Z","volume":3500,"label":" ","price":7.25},{"type":"A","date":"2018-04-27T01:30:17.000Z","volume":500,"label":" ","price":7.25},{"type":"A","date":"2018-04-27T01:30:17.000Z","volume":1000,"label":" ","price":7.25},{"type":"B","date":"2018-04-27T01:30:17.000Z","volume":2500,"label":" ","price":7.24},{"type":"A","date":"2018-04-27T01:30:17.000Z","volume":500,"label":" ","price":7.25},{"type":"B","date":"2018-04-27T01:30:17.000Z","volume":4500,"label":" ","price":7.24},{"type":"A","date":"2018-04-27T01:30:17.000Z","volume":500,"label":" ","price":7.25},{"type":"A","date":"2018-04-27T01:30:19.000Z","volume":2500,"label":" ","price":7.25},{"type":"B","date":"2018-04-27T01:30:20.000Z","volume":1000,"label":" ","price":7.24},{"type":"A","date":"2018-04-27T01:30:21.000Z","volume":500,"label":" ","price":7.25},{"type":"A","date":"2018-04-27T01:30:22.000Z","volume":25000,"label":" ","price":7.25},{"type":"A","date":"2018-04-27T01:30:22.000Z","volume":13500,"label":" ","price":7.25},{"type":"A","date":"2018-04-27T01:30:22.000Z","volume":10000,"label":" ","price":7.25},{"type":"A","date":"2018-04-27T01:30:22.000Z","volume":3000,"label":" ","price":7.25},{"type":"B","date":"2018-04-27T01:30:22.000Z","volume":8500,"label":" ","price":7.24},{"type":"A","date":"2018-04-27T01:30:22.000Z","volume":500,"label":"Y","price":7.25},{"type":"A","date":"2018-04-27T01:30:22.000Z","volume":2000,"label":" ","price":7.25},{"type":"B","date":"2018-04-27T01:30:22.000Z","volume":5000,"label":" ","price":7.24},{"type":"A","date":"2018-04-27T01:30:22.000Z","volume":1000,"label":" ","price":7.28},{"type":"A","date":"2018-04-27T01:30:22.000Z","volume":500,"label":"Y","price":7.28},{"type":"A","date":"2018-04-27T01:30:22.000Z","volume":1500,"label":" ","price":7.28},{"type":"B","date":"2018-04-27T01:30:23.000Z","volume":1500,"label":" ","price":7.25},{"type":"A","date":"2018-04-27T01:30:57.000Z","volume":500,"label":" ","price":7.29},{"type":"A","date":"2018-04-27T01:30:59.000Z","volume":1000,"label":" ","price":7.29},{"type":"U","date":"2018-04-27T01:33:38.000Z","volume":2000,"label":" ","price":7.29},{"type":"U","date":"2018-04-27T01:33:38.000Z","volume":1500,"label":" ","price":7.29},{"type":"U","date":"2018-04-27T01:33:38.000Z","volume":500,"label":"Y","price":7.29},{"type":"B","date":"2018-04-27T01:33:40.000Z","volume":2500,"label":" ","price":7.26},{"type":"A","date":"2018-04-27T01:33:43.000Z","volume":3000,"label":" ","price":7.3},{"type":"A","date":"2018-04-27T01:33:44.000Z","volume":1000,"label":"Y","price":7.3},{"type":"A","date":"2018-04-27T01:33:44.000Z","volume":16000,"label":" ","price":7.3},{"type":"U","date":"2018-04-27T01:33:44.000Z","volume":1000,"label":" ","price":7.28},{"type":"A","date":"2018-04-27T01:33:46.000Z","volume":1500,"label":" ","price":7.28},{"type":"A","date":"2018-04-27T01:33:46.000Z","volume":500,"label":" ","price":7.28},{"type":"B","date":"2018-04-27T01:33:48.000Z","volume":500,"label":" ","price":7.27},{"type":"A","date":"2018-04-27T01:34:23.000Z","volume":4000,"label":" ","price":7.28},{"type":"A","date":"2018-04-27T01:35:05.000Z","volume":7000,"label":" ","price":7.28},{"type":"A","date":"2018-04-27T01:35:05.000Z","volume":500,"label":" ","price":7.28},{"type":"A","date":"2018-04-27T01:35:05.000Z","volume":1000,"label":" ","price":7.29},{"type":"A","date":"2018-04-27T01:35:33.000Z","volume":4000,"label":" ","price":7.29},{"type":"A","date":"2018-04-27T01:35:33.000Z","volume":3500,"label":" ","price":7.29},{"type":"A","date":"2018-04-27T01:35:33.000Z","volume":1000,"label":" ","price":7.3},{"type":"B","date":"2018-04-27T01:35:34.000Z","volume":500,"label":" ","price":7.28},{"type":"A","date":"2018-04-27T01:36:34.000Z","volume":4000,"label":" ","price":7.31},{"type":"B","date":"2018-04-27T01:36:36.000Z","volume":500,"label":" ","price":7.28},{"type":"A","date":"2018-04-27T01:37:44.000Z","volume":4500,"label":" ","price":7.3},{"type":"B","date":"2018-04-27T01:37:45.000Z","volume":1000,"label":"Y","price":7.28},{"type":"B","date":"2018-04-27T01:37:45.000Z","volume":12500,"label":" ","price":7.28},{"type":"U","date":"2018-04-27T01:37:45.000Z","volume":1500,"label":" ","price":7.29},{"type":"B","date":"2018-04-27T01:37:46.000Z","volume":1000,"label":" ","price":7.27},{"type":"A","date":"2018-04-27T01:39:24.000Z","volume":2500,"label":" ","price":7.28},{"type":"A","date":"2018-04-27T01:39:24.000Z","volume":500,"label":" ","price":7.28},{"type":"A","date":"2018-04-27T01:39:24.000Z","volume":1500,"label":" ","price":7.28},{"type":"A","date":"2018-04-27T01:40:35.000Z","volume":1500,"label":" ","price":7.28},{"type":"B","date":"2018-04-27T01:41:04.000Z","volume":20000,"label":" ","price":7.27},{"type":"A","date":"2018-04-27T01:41:04.000Z","volume":1000,"label":" ","price":7.28},{"type":"B","date":"2018-04-27T01:41:05.000Z","volume":1500,"label":" ","price":7.27},{"type":"A","date":"2018-04-27T01:41:15.000Z","volume":500,"label":" ","price":7.28},{"type":"A","date":"2018-04-27T01:41:15.000Z","volume":4000,"label":" ","price":7.28},{"type":"B","date":"2018-04-27T01:42:22.000Z","volume":13000,"label":" ","price":7.27},{"type":"A","date":"2018-04-27T01:42:22.000Z","volume":1000,"label":" ","price":7.28},{"type":"B","date":"2018-04-27T01:42:22.000Z","volume":8000,"label":" ","price":7.26},{"type":"A","date":"2018-04-27T01:42:29.000Z","volume":500,"label":" ","price":7.28},{"type":"A","date":"2018-04-27T01:42:55.000Z","volume":500,"label":"Y","price":7.28},{"type":"A","date":"2018-04-27T01:42:55.000Z","volume":3500,"label":" ","price":7.28},{"type":"A","date":"2018-04-27T01:43:00.000Z","volume":1000,"label":" ","price":7.28},{"type":"B","date":"2018-04-27T01:43:01.000Z","volume":500,"label":" ","price":7.26},{"type":"A","date":"2018-04-27T01:44:05.000Z","volume":4000,"label":"Y","price":7.28},{"type":"B","date":"2018-04-27T01:44:06.000Z","volume":500,"label":" ","price":7.26},{"type":"U","date":"2018-04-27T01:45:11.000Z","volume":28,"label":"D","price":7.28},{"type":"A","date":"2018-04-27T01:45:25.000Z","volume":4000,"label":"Y","price":7.28},{"type":"A","date":"2018-04-27T01:46:35.000Z","volume":3000,"label":"Y","price":7.28},{"type":"A","date":"2018-04-27T01:46:35.000Z","volume":1000,"label":" ","price":7.28},{"type":"B","date":"2018-04-27T01:46:37.000Z","volume":500,"label":" ","price":7.26},{"type":"A","date":"2018-04-27T01:51:55.000Z","volume":500,"label":" ","price":7.28},{"type":"B","date":"2018-04-27T01:56:32.000Z","volume":1500,"label":" ","price":7.26},{"type":"B","date":"2018-04-27T01:56:32.000Z","volume":500,"label":" ","price":7.26},{"type":"A","date":"2018-04-27T01:56:37.000Z","volume":1000,"label":" ","price":7.27},{"type":"A","date":"2018-04-27T01:56:37.000Z","volume":1000,"label":" ","price":7.27},{"type":"A","date":"2018-04-27T01:56:47.000Z","volume":500,"label":" ","price":7.27},{"type":"B","date":"2018-04-27T01:57:02.000Z","volume":500,"label":" ","price":7.26},{"type":"A","date":"2018-04-27T01:57:07.000Z","volume":500,"label":" ","price":7.27},{"type":"B","date":"2018-04-27T01:57:12.000Z","volume":500,"label":" ","price":7.26},{"type":"A","date":"2018-04-27T01:57:26.000Z","volume":15000,"label":" ","price":7.27},{"type":"A","date":"2018-04-27T01:57:28.000Z","volume":1000,"label":"Y","price":7.27},{"type":"A","date":"2018-04-27T01:57:28.000Z","volume":6500,"label":" ","price":7.27},{"type":"B","date":"2018-04-27T01:57:28.000Z","volume":1000,"label":"Y","price":7.26},{"type":"B","date":"2018-04-27T01:57:28.000Z","volume":1000,"label":" ","price":7.26},{"type":"A","date":"2018-04-27T01:57:28.000Z","volume":1000,"label":" ","price":7.27},{"type":"A","date":"2018-04-27T02:00:44.000Z","volume":500,"label":" ","price":7.27},{"type":"A","date":"2018-04-27T02:00:48.000Z","volume":500,"label":"Y","price":7.27},{"type":"A","date":"2018-04-27T02:01:39.000Z","volume":500,"label":"Y","price":7.27},{"type":"A","date":"2018-04-27T02:01:39.000Z","volume":39500,"label":" ","price":7.27},{"type":"B","date":"2018-04-27T02:01:39.000Z","volume":500,"label":"Y","price":7.26},{"type":"B","date":"2018-04-27T02:01:39.000Z","volume":11500,"label":" ","price":7.26},{"type":"A","date":"2018-04-27T02:01:39.000Z","volume":2500,"label":" ","price":7.27},{"type":"B","date":"2018-04-27T02:01:39.000Z","volume":500,"label":" ","price":7.26},{"type":"B","date":"2018-04-27T02:01:40.000Z","volume":2000,"label":" ","price":7.26},{"type":"A","date":"2018-04-27T02:01:48.000Z","volume":7000,"label":"Y","price":7.27},{"type":"A","date":"2018-04-27T02:01:48.000Z","volume":9000,"label":" ","price":7.27},{"type":"A","date":"2018-04-27T02:01:48.000Z","volume":12000,"label":" ","price":7.28},{"type":"A","date":"2018-04-27T02:01:48.000Z","volume":2000,"label":" ","price":7.28},{"type":"A","date":"2018-04-27T02:02:38.000Z","volume":1000,"label":"Y","price":7.27},{"type":"B","date":"2018-04-27T02:03:32.000Z","volume":500,"label":" ","price":7.26},{"type":"B","date":"2018-04-27T02:04:07.000Z","volume":20000,"label":" ","price":7.26},{"type":"A","date":"2018-04-27T02:04:07.000Z","volume":1000,"label":" ","price":7.26},{"type":"A","date":"2018-04-27T02:04:08.000Z","volume":3500,"label":"Y","price":7.26},{"type":"A","date":"2018-04-27T02:04:08.000Z","volume":2000,"label":" ","price":7.26},{"type":"B","date":"2018-04-27T02:04:51.000Z","volume":1000,"label":" ","price":7.25},{"type":"A","date":"2018-04-27T02:05:49.000Z","volume":500,"label":"Y","price":7.26},{"type":"A","date":"2018-04-27T02:05:49.000Z","volume":2000,"label":"Y","price":7.26},{"type":"A","date":"2018-04-27T02:05:49.000Z","volume":1500,"label":" ","price":7.26},{"type":"A","date":"2018-04-27T02:05:49.000Z","volume":1000,"label":" ","price":7.26},{"type":"B","date":"2018-04-27T02:05:50.000Z","volume":12500,"label":" ","price":7.25},{"type":"B","date":"2018-04-27T02:05:50.000Z","volume":1000,"label":" ","price":7.25},{"type":"B","date":"2018-04-27T02:05:51.000Z","volume":2000,"label":" ","price":7.25},{"type":"B","date":"2018-04-27T02:05:51.000Z","volume":500,"label":" ","price":7.25},{"type":"B","date":"2018-04-27T02:06:32.000Z","volume":1500,"label":" ","price":7.25},{"type":"A","date":"2018-04-27T02:07:39.000Z","volume":4000,"label":" ","price":7.26},{"type":"A","date":"2018-04-27T02:07:40.000Z","volume":1000,"label":" ","price":7.26},{"type":"A","date":"2018-04-27T02:08:22.000Z","volume":500,"label":"Y","price":7.26},{"type":"A","date":"2018-04-27T02:09:19.000Z","volume":3500,"label":"Y","price":7.26},{"type":"A","date":"2018-04-27T02:09:19.000Z","volume":500,"label":" ","price":7.26},{"type":"A","date":"2018-04-27T02:10:59.000Z","volume":1000,"label":"Y","price":7.26},{"type":"B","date":"2018-04-27T02:18:32.000Z","volume":2000,"label":" ","price":7.25},{"type":"A","date":"2018-04-27T02:18:40.000Z","volume":1000,"label":"Y","price":7.26},{"type":"B","date":"2018-04-27T02:19:17.000Z","volume":500,"label":" ","price":7.25},{"type":"A","date":"2018-04-27T02:19:20.000Z","volume":500,"label":" ","price":7.26},{"type":"A","date":"2018-04-27T02:23:29.000Z","volume":1000,"label":" ","price":7.26},{"type":"A","date":"2018-04-27T02:23:31.000Z","volume":500,"label":" ","price":7.26},{"type":"B","date":"2018-04-27T02:23:32.000Z","volume":500,"label":" ","price":7.25},{"type":"A","date":"2018-04-27T02:23:44.000Z","volume":10000,"label":" ","price":7.26},{"type":"A","date":"2018-04-27T02:23:45.000Z","volume":1000,"label":" ","price":7.26},{"type":"B","date":"2018-04-27T02:23:45.000Z","volume":2500,"label":" ","price":7.25},{"type":"B","date":"2018-04-27T02:23:46.000Z","volume":3000,"label":" ","price":7.25},{"type":"B","date":"2018-04-27T02:23:46.000Z","volume":500,"label":" ","price":7.25},{"type":"A","date":"2018-04-27T02:23:51.000Z","volume":4000,"label":"Y","price":7.26},{"type":"A","date":"2018-04-27T02:23:51.000Z","volume":4500,"label":" ","price":7.26},{"type":"A","date":"2018-04-27T02:23:51.000Z","volume":1000,"label":" ","price":7.26},{"type":"B","date":"2018-04-27T02:23:52.000Z","volume":1500,"label":" ","price":7.25},{"type":"A","date":"2018-04-27T02:24:01.000Z","volume":1000,"label":" ","price":7.26},{"type":"B","date":"2018-04-27T02:24:01.000Z","volume":500,"label":"Y","price":7.25},{"type":"B","date":"2018-04-27T02:24:01.000Z","volume":3000,"label":" ","price":7.25},{"type":"B","date":"2018-04-27T02:24:02.000Z","volume":1000,"label":" ","price":7.25},{"type":"B","date":"2018-04-27T02:24:04.000Z","volume":500,"label":" ","price":7.25},{"type":"A","date":"2018-04-27T02:24:11.000Z","volume":2000,"label":" ","price":7.26},{"type":"B","date":"2018-04-27T02:24:12.000Z","volume":500,"label":" ","price":7.25},{"type":"A","date":"2018-04-27T02:27:18.000Z","volume":20000,"label":" ","price":7.26},{"type":"A","date":"2018-04-27T02:27:18.000Z","volume":1000,"label":"Y","price":7.26},{"type":"A","date":"2018-04-27T02:27:18.000Z","volume":500,"label":" ","price":7.26},{"type":"A","date":"2018-04-27T02:27:21.000Z","volume":10500,"label":" ","price":7.26},{"type":"A","date":"2018-04-27T02:31:12.000Z","volume":10000,"label":" ","price":7.26},{"type":"A","date":"2018-04-27T02:31:12.000Z","volume":1000,"label":" ","price":7.26},{"type":"B","date":"2018-04-27T02:31:13.000Z","volume":2000,"label":" ","price":7.25},{"type":"A","date":"2018-04-27T02:33:51.000Z","volume":500,"label":" ","price":7.26},{"type":"A","date":"2018-04-27T02:35:11.000Z","volume":500,"label":" ","price":7.26},{"type":"A","date":"2018-04-27T02:35:57.000Z","volume":3000,"label":" ","price":7.26},{"type":"B","date":"2018-04-27T02:35:58.000Z","volume":500,"label":" ","price":7.25},{"type":"A","date":"2018-04-27T02:35:59.000Z","volume":1000,"label":" ","price":7.26},{"type":"B","date":"2018-04-27T02:35:59.000Z","volume":500,"label":" ","price":7.25},{"type":"A","date":"2018-04-27T02:36:04.000Z","volume":500,"label":" ","price":7.26},{"type":"A","date":"2018-04-27T02:36:41.000Z","volume":500,"label":" ","price":7.26},{"type":"B","date":"2018-04-27T02:37:37.000Z","volume":2500,"label":"Y","price":7.25},{"type":"B","date":"2018-04-27T02:37:37.000Z","volume":9500,"label":" ","price":7.25},{"type":"A","date":"2018-04-27T02:37:37.000Z","volume":1000,"label":" ","price":7.26},{"type":"B","date":"2018-04-27T02:37:37.000Z","volume":2000,"label":" ","price":7.25},{"type":"B","date":"2018-04-27T02:37:38.000Z","volume":3000,"label":" ","price":7.25},{"type":"B","date":"2018-04-27T02:37:39.000Z","volume":500,"label":" ","price":7.25},{"type":"A","date":"2018-04-27T02:38:11.000Z","volume":500,"label":" ","price":7.26},{"type":"A","date":"2018-04-27T02:39:35.000Z","volume":5000,"label":" ","price":7.26},{"type":"B","date":"2018-04-27T02:39:36.000Z","volume":1000,"label":" ","price":7.25},{"type":"A","date":"2018-04-27T02:39:41.000Z","volume":500,"label":" ","price":7.26},{"type":"A","date":"2018-04-27T02:41:11.000Z","volume":500,"label":" ","price":7.26},{"type":"A","date":"2018-04-27T02:42:51.000Z","volume":500,"label":" ","price":7.26},{"type":"A","date":"2018-04-27T02:42:53.000Z","volume":1000,"label":" ","price":7.26},{"type":"B","date":"2018-04-27T02:42:54.000Z","volume":500,"label":" ","price":7.25},{"type":"A","date":"2018-04-27T02:44:32.000Z","volume":500,"label":" ","price":7.26},{"type":"A","date":"2018-04-27T02:46:12.000Z","volume":500,"label":" ","price":7.26},{"type":"A","date":"2018-04-27T02:47:32.000Z","volume":1500,"label":"Y","price":7.26},{"type":"A","date":"2018-04-27T02:47:52.000Z","volume":500,"label":" ","price":7.26},{"type":"A","date":"2018-04-27T02:47:55.000Z","volume":3000,"label":" ","price":7.26},{"type":"B","date":"2018-04-27T02:47:55.000Z","volume":500,"label":" ","price":7.25},{"type":"A","date":"2018-04-27T02:49:42.000Z","volume":500,"label":" ","price":7.26},{"type":"U","date":"2018-04-27T02:50:54.000Z","volume":3000,"label":"X","price":7.259},{"type":"U","date":"2018-04-27T02:50:54.000Z","volume":2000,"label":"X","price":7.259},{"type":"A","date":"2018-04-27T02:51:22.000Z","volume":500,"label":" ","price":7.26},{"type":"A","date":"2018-04-27T02:53:12.000Z","volume":500,"label":" ","price":7.26},{"type":"A","date":"2018-04-27T02:53:30.000Z","volume":500,"label":" ","price":7.26},{"type":"A","date":"2018-04-27T02:55:02.000Z","volume":500,"label":" ","price":7.26},{"type":"A","date":"2018-04-27T02:55:38.000Z","volume":500,"label":" ","price":7.26},{"type":"A","date":"2018-04-27T02:56:52.000Z","volume":500,"label":" ","price":7.26},{"type":"A","date":"2018-04-27T02:58:33.000Z","volume":500,"label":"Y","price":7.26},{"type":"B","date":"2018-04-27T02:58:47.000Z","volume":500,"label":" ","price":7.25},{"type":"A","date":"2018-04-27T03:00:23.000Z","volume":500,"label":"Y","price":7.26},{"type":"A","date":"2018-04-27T03:02:03.000Z","volume":500,"label":"Y","price":7.26},{"type":"A","date":"2018-04-27T03:03:43.000Z","volume":500,"label":"Y","price":7.26},{"type":"A","date":"2018-04-27T03:05:00.000Z","volume":500,"label":" ","price":7.26},{"type":"A","date":"2018-04-27T03:05:23.000Z","volume":500,"label":" ","price":7.26},{"type":"A","date":"2018-04-27T03:05:27.000Z","volume":500,"label":" ","price":7.26},{"type":"A","date":"2018-04-27T03:07:03.000Z","volume":500,"label":" ","price":7.26},{"type":"A","date":"2018-04-27T03:08:33.000Z","volume":500,"label":" ","price":7.26},{"type":"B","date":"2018-04-27T03:08:34.000Z","volume":500,"label":" ","price":7.25},{"type":"A","date":"2018-04-27T03:09:58.000Z","volume":3000,"label":"Y","price":7.26},{"type":"A","date":"2018-04-27T03:09:58.000Z","volume":500,"label":" ","price":7.26},{"type":"A","date":"2018-04-27T03:09:58.000Z","volume":500,"label":" ","price":7.26},{"type":"A","date":"2018-04-27T03:10:13.000Z","volume":500,"label":" ","price":7.26},{"type":"A","date":"2018-04-27T03:10:55.000Z","volume":500,"label":"Y","price":7.26},{"type":"A","date":"2018-04-27T03:11:00.000Z","volume":500,"label":" ","price":7.26},{"type":"A","date":"2018-04-27T03:11:43.000Z","volume":500,"label":" ","price":7.26},{"type":"A","date":"2018-04-27T03:13:24.000Z","volume":500,"label":" ","price":7.26},{"type":"A","date":"2018-04-27T03:14:54.000Z","volume":500,"label":" ","price":7.26},{"type":"A","date":"2018-04-27T03:16:20.000Z","volume":1500,"label":" ","price":7.26},{"type":"A","date":"2018-04-27T03:16:24.000Z","volume":500,"label":" ","price":7.26},{"type":"A","date":"2018-04-27T03:16:24.000Z","volume":500,"label":" ","price":7.26},{"type":"B","date":"2018-04-27T03:16:28.000Z","volume":500,"label":" ","price":7.25},{"type":"A","date":"2018-04-27T03:16:44.000Z","volume":1000,"label":" ","price":7.26},{"type":"A","date":"2018-04-27T03:17:31.000Z","volume":500,"label":" ","price":7.26},{"type":"A","date":"2018-04-27T03:18:05.000Z","volume":500,"label":"Y","price":7.26},{"type":"A","date":"2018-04-27T03:18:05.000Z","volume":500,"label":" ","price":7.26},{"type":"A","date":"2018-04-27T03:19:36.000Z","volume":500,"label":"Y","price":7.26},{"type":"B","date":"2018-04-27T03:19:36.000Z","volume":500,"label":" ","price":7.25},{"type":"A","date":"2018-04-27T03:20:52.000Z","volume":1000,"label":" ","price":7.26},{"type":"A","date":"2018-04-27T03:21:16.000Z","volume":500,"label":" ","price":7.26},{"type":"B","date":"2018-04-27T03:21:16.000Z","volume":500,"label":" ","price":7.25},{"type":"A","date":"2018-04-27T03:21:20.000Z","volume":500,"label":" ","price":7.26},{"type":"A","date":"2018-04-27T03:22:56.000Z","volume":500,"label":" ","price":7.26},{"type":"A","date":"2018-04-27T03:23:29.000Z","volume":2500,"label":" ","price":7.26},{"type":"A","date":"2018-04-27T03:23:29.000Z","volume":500,"label":" ","price":7.26},{"type":"B","date":"2018-04-27T03:23:30.000Z","volume":500,"label":" ","price":7.25},{"type":"A","date":"2018-04-27T03:24:33.000Z","volume":5000,"label":" ","price":7.26},{"type":"B","date":"2018-04-27T03:24:33.000Z","volume":500,"label":" ","price":7.25},{"type":"A","date":"2018-04-27T03:24:33.000Z","volume":500,"label":"Y","price":7.26},{"type":"A","date":"2018-04-27T03:24:33.000Z","volume":500,"label":" ","price":7.26},{"type":"B","date":"2018-04-27T03:24:34.000Z","volume":1000,"label":" ","price":7.25},{"type":"A","date":"2018-04-27T03:24:36.000Z","volume":500,"label":" ","price":7.26},{"type":"B","date":"2018-04-27T03:24:36.000Z","volume":1500,"label":" ","price":7.25},{"type":"B","date":"2018-04-27T03:24:37.000Z","volume":500,"label":" ","price":7.25},{"type":"A","date":"2018-04-27T03:24:39.000Z","volume":500,"label":" ","price":7.26},{"type":"B","date":"2018-04-27T03:25:25.000Z","volume":500,"label":" ","price":7.25},{"type":"A","date":"2018-04-27T03:25:56.000Z","volume":500,"label":"Y","price":7.26},{"type":"B","date":"2018-04-27T03:25:57.000Z","volume":500,"label":" ","price":7.25},{"type":"A","date":"2018-04-27T03:26:26.000Z","volume":500,"label":" ","price":7.26},{"type":"A","date":"2018-04-27T03:27:59.000Z","volume":500,"label":" ","price":7.26},{"type":"A","date":"2018-04-27T03:28:16.000Z","volume":500,"label":" ","price":7.26},{"type":"A","date":"2018-04-27T03:28:16.000Z","volume":500,"label":" ","price":7.26},{"type":"B","date":"2018-04-27T03:28:16.000Z","volume":500,"label":" ","price":7.25},{"type":"B","date":"2018-04-27T03:28:17.000Z","volume":500,"label":" ","price":7.25},{"type":"A","date":"2018-04-27T03:30:16.000Z","volume":500,"label":" ","price":7.26},{"type":"A","date":"2018-04-27T03:31:01.000Z","volume":500,"label":"Y","price":7.26},{"type":"B","date":"2018-04-27T03:31:01.000Z","volume":500,"label":" ","price":7.25},{"type":"A","date":"2018-04-27T03:31:09.000Z","volume":1000,"label":" ","price":7.26},{"type":"A","date":"2018-04-27T03:31:10.000Z","volume":500,"label":" ","price":7.26},{"type":"B","date":"2018-04-27T03:31:10.000Z","volume":500,"label":" ","price":7.25},{"type":"A","date":"2018-04-27T03:31:12.000Z","volume":500,"label":" ","price":7.26},{"type":"B","date":"2018-04-27T03:31:25.000Z","volume":500,"label":" ","price":7.25},{"type":"A","date":"2018-04-27T03:33:29.000Z","volume":500,"label":"Y","price":7.26},{"type":"A","date":"2018-04-27T03:33:29.000Z","volume":3000,"label":" ","price":7.26},{"type":"A","date":"2018-04-27T03:33:29.000Z","volume":500,"label":" ","price":7.26},{"type":"B","date":"2018-04-27T03:33:41.000Z","volume":500,"label":" ","price":7.25},{"type":"A","date":"2018-04-27T03:34:27.000Z","volume":500,"label":" ","price":7.26},{"type":"B","date":"2018-04-27T03:34:28.000Z","volume":500,"label":" ","price":7.25},{"type":"A","date":"2018-04-27T03:34:28.000Z","volume":500,"label":" ","price":7.26},{"type":"A","date":"2018-04-27T03:34:31.000Z","volume":500,"label":" ","price":7.26},{"type":"B","date":"2018-04-27T03:34:31.000Z","volume":500,"label":" ","price":7.25},{"type":"A","date":"2018-04-27T03:36:47.000Z","volume":500,"label":" ","price":7.26},{"type":"A","date":"2018-04-27T03:39:07.000Z","volume":500,"label":" ","price":7.26},{"type":"B","date":"2018-04-27T03:39:08.000Z","volume":500,"label":" ","price":7.25},{"type":"A","date":"2018-04-27T03:39:31.000Z","volume":500,"label":" ","price":7.26},{"type":"A","date":"2018-04-27T03:39:31.000Z","volume":500,"label":" ","price":7.26},{"type":"B","date":"2018-04-27T03:41:13.000Z","volume":8500,"label":"Y","price":7.25},{"type":"B","date":"2018-04-27T03:41:13.000Z","volume":100500,"label":" ","price":7.25},{"type":"A","date":"2018-04-27T03:41:13.000Z","volume":19500,"label":" ","price":7.25},{"type":"B","date":"2018-04-27T03:41:14.000Z","volume":50000,"label":" ","price":7.24},{"type":"B","date":"2018-04-27T03:41:14.000Z","volume":23000,"label":" ","price":7.24},{"type":"B","date":"2018-04-27T03:41:14.000Z","volume":9000,"label":" ","price":7.24},{"type":"A","date":"2018-04-27T03:42:27.000Z","volume":500,"label":" ","price":7.25},{"type":"A","date":"2018-04-27T03:42:57.000Z","volume":5000,"label":" ","price":7.25},{"type":"B","date":"2018-04-27T03:42:58.000Z","volume":1000,"label":" ","price":7.24},{"type":"B","date":"2018-04-27T03:43:46.000Z","volume":3500,"label":" ","price":7.24},{"type":"B","date":"2018-04-27T03:43:47.000Z","volume":500,"label":" ","price":7.24},{"type":"A","date":"2018-04-27T03:44:39.000Z","volume":500,"label":" ","price":7.25},{"type":"A","date":"2018-04-27T03:45:10.000Z","volume":100000,"label":" ","price":7.25},{"type":"A","date":"2018-04-27T03:45:10.000Z","volume":4500,"label":" ","price":7.25},{"type":"A","date":"2018-04-27T03:45:10.000Z","volume":8000,"label":" ","price":7.25},{"type":"B","date":"2018-04-27T03:45:10.000Z","volume":14000,"label":" ","price":7.24},{"type":"B","date":"2018-04-27T03:45:10.000Z","volume":500,"label":" ","price":7.24},{"type":"A","date":"2018-04-27T03:45:10.000Z","volume":2500,"label":" ","price":7.25},{"type":"B","date":"2018-04-27T03:45:11.000Z","volume":500,"label":" ","price":7.24},{"type":"A","date":"2018-04-27T03:45:15.000Z","volume":4000,"label":" ","price":7.25},{"type":"B","date":"2018-04-27T03:45:16.000Z","volume":500,"label":" ","price":7.24},{"type":"A","date":"2018-04-27T03:45:55.000Z","volume":1000,"label":" ","price":7.25},{"type":"B","date":"2018-04-27T03:45:56.000Z","volume":500,"label":" ","price":7.24},{"type":"A","date":"2018-04-27T03:46:39.000Z","volume":500,"label":" ","price":7.25},{"type":"A","date":"2018-04-27T03:48:12.000Z","volume":500,"label":" ","price":7.25},{"type":"A","date":"2018-04-27T03:48:18.000Z","volume":3500,"label":" ","price":7.25},{"type":"B","date":"2018-04-27T03:48:19.000Z","volume":500,"label":" ","price":7.24},{"type":"A","date":"2018-04-27T03:48:31.000Z","volume":500,"label":"Y","price":7.25},{"type":"B","date":"2018-04-27T03:48:32.000Z","volume":500,"label":" ","price":7.24},{"type":"A","date":"2018-04-27T03:48:45.000Z","volume":1000,"label":" ","price":7.25},{"type":"A","date":"2018-04-27T03:50:21.000Z","volume":500,"label":"Y","price":7.25},{"type":"A","date":"2018-04-27T03:50:23.000Z","volume":15000,"label":" ","price":7.25},{"type":"B","date":"2018-04-27T03:50:23.000Z","volume":1500,"label":" ","price":7.24},{"type":"A","date":"2018-04-27T03:52:01.000Z","volume":500,"label":" ","price":7.25},{"type":"A","date":"2018-04-27T03:52:55.000Z","volume":2000,"label":" ","price":7.25},{"type":"A","date":"2018-04-27T03:53:41.000Z","volume":500,"label":" ","price":7.25},{"type":"A","date":"2018-04-27T03:55:08.000Z","volume":1000,"label":" ","price":7.25},{"type":"A","date":"2018-04-27T03:55:21.000Z","volume":500,"label":" ","price":7.25},{"type":"B","date":"2018-04-27T03:55:22.000Z","volume":500,"label":" ","price":7.24},{"type":"B","date":"2018-04-27T03:56:15.000Z","volume":500,"label":" ","price":7.24},{"type":"A","date":"2018-04-27T03:57:21.000Z","volume":500,"label":" ","price":7.25},{"type":"A","date":"2018-04-27T03:58:17.000Z","volume":1000,"label":" ","price":7.25},{"type":"A","date":"2018-04-27T03:58:30.000Z","volume":1000,"label":" ","price":7.25},{"type":"B","date":"2018-04-27T03:58:32.000Z","volume":500,"label":" ","price":7.24},{"type":"B","date":"2018-04-27T03:59:12.000Z","volume":500,"label":" ","price":7.24},{"type":"A","date":"2018-04-27T03:59:50.000Z","volume":500,"label":" ","price":7.25},{"type":"B","date":"2018-04-27T03:59:54.000Z","volume":500,"label":" ","price":7.24},{"type":"A","date":"2018-04-27T05:00:03.000Z","volume":500,"label":" ","price":7.25},{"type":"B","date":"2018-04-27T05:00:08.000Z","volume":500,"label":" ","price":7.24},{"type":"B","date":"2018-04-27T05:00:09.000Z","volume":500,"label":" ","price":7.24},{"type":"A","date":"2018-04-27T05:00:31.000Z","volume":2500,"label":" ","price":7.25},{"type":"A","date":"2018-04-27T05:01:03.000Z","volume":500,"label":" ","price":7.25},{"type":"A","date":"2018-04-27T05:01:10.000Z","volume":500,"label":"Y","price":7.25},{"type":"A","date":"2018-04-27T05:01:10.000Z","volume":2500,"label":" ","price":7.25},{"type":"U","date":"2018-04-27T05:02:16.000Z","volume":1500,"label":"X","price":7.249},{"type":"A","date":"2018-04-27T05:02:16.000Z","volume":30000,"label":" ","price":7.25},{"type":"U","date":"2018-04-27T05:02:16.000Z","volume":500,"label":"X","price":7.249},{"type":"B","date":"2018-04-27T05:02:16.000Z","volume":2000,"label":" ","price":7.24},{"type":"A","date":"2018-04-27T05:02:16.000Z","volume":1000,"label":" ","price":7.26},{"type":"A","date":"2018-04-27T05:02:16.000Z","volume":500,"label":" ","price":7.26},{"type":"A","date":"2018-04-27T05:02:16.000Z","volume":1500,"label":" ","price":7.26},{"type":"A","date":"2018-04-27T05:05:12.000Z","volume":1000,"label":" ","price":7.26},{"type":"A","date":"2018-04-27T05:06:06.000Z","volume":2000,"label":" ","price":7.26},{"type":"A","date":"2018-04-27T05:06:50.000Z","volume":5500,"label":" ","price":7.26},{"type":"B","date":"2018-04-27T05:06:51.000Z","volume":500,"label":" ","price":7.25},{"type":"U","date":"2018-04-27T05:07:48.000Z","volume":1000,"label":"X","price":7.259},{"type":"U","date":"2018-04-27T05:07:48.000Z","volume":1500,"label":"X","price":7.259},{"type":"U","date":"2018-04-27T05:07:48.000Z","volume":1000,"label":"X","price":7.259},{"type":"U","date":"2018-04-27T05:07:48.000Z","volume":500,"label":"X","price":7.259},{"type":"A","date":"2018-04-27T05:13:11.000Z","volume":1000,"label":" ","price":7.26},{"type":"A","date":"2018-04-27T05:13:44.000Z","volume":1000,"label":" ","price":7.26},{"type":"B","date":"2018-04-27T05:13:45.000Z","volume":500,"label":" ","price":7.25},{"type":"A","date":"2018-04-27T05:13:45.000Z","volume":500,"label":" ","price":7.26},{"type":"A","date":"2018-04-27T05:16:03.000Z","volume":1000,"label":" ","price":7.26},{"type":"B","date":"2018-04-27T05:19:18.000Z","volume":500,"label":" ","price":7.25},{"type":"B","date":"2018-04-27T05:19:19.000Z","volume":500,"label":" ","price":7.25},{"type":"A","date":"2018-04-27T05:30:23.000Z","volume":500,"label":" ","price":7.26},{"type":"B","date":"2018-04-27T05:31:01.000Z","volume":500,"label":" ","price":7.25},{"type":"U","date":"2018-04-27T05:31:20.000Z","volume":250,"label":"D","price":7.2},{"type":"A","date":"2018-04-27T05:35:28.000Z","volume":3500,"label":" ","price":7.26},{"type":"B","date":"2018-04-27T05:35:29.000Z","volume":500,"label":" ","price":7.25},{"type":"A","date":"2018-04-27T05:35:29.000Z","volume":500,"label":"Y","price":7.26},{"type":"A","date":"2018-04-27T05:35:29.000Z","volume":500,"label":" ","price":7.26},{"type":"A","date":"2018-04-27T05:35:29.000Z","volume":1500,"label":" ","price":7.26},{"type":"A","date":"2018-04-27T05:35:35.000Z","volume":4000,"label":" ","price":7.26},{"type":"A","date":"2018-04-27T05:35:35.000Z","volume":500,"label":" ","price":7.26},{"type":"A","date":"2018-04-27T05:36:56.000Z","volume":1000,"label":" ","price":7.26},{"type":"A","date":"2018-04-27T05:36:58.000Z","volume":500,"label":" ","price":7.26},{"type":"B","date":"2018-04-27T05:37:17.000Z","volume":500,"label":" ","price":7.25},{"type":"A","date":"2018-04-27T05:39:18.000Z","volume":5000,"label":" ","price":7.26},{"type":"A","date":"2018-04-27T05:39:18.000Z","volume":500,"label":" ","price":7.26},{"type":"U","date":"2018-04-27T05:40:28.000Z","volume":2000,"label":"X","price":7.259},{"type":"U","date":"2018-04-27T05:40:28.000Z","volume":1000,"label":"X","price":7.259},{"type":"A","date":"2018-04-27T05:40:37.000Z","volume":1500,"label":" ","price":7.26},{"type":"A","date":"2018-04-27T05:40:37.000Z","volume":500,"label":" ","price":7.26},{"type":"A","date":"2018-04-27T05:41:29.000Z","volume":1000,"label":" ","price":7.26},{"type":"B","date":"2018-04-27T05:41:30.000Z","volume":500,"label":" ","price":7.25},{"type":"B","date":"2018-04-27T05:43:46.000Z","volume":2000,"label":" ","price":7.25},{"type":"A","date":"2018-04-27T05:43:50.000Z","volume":500,"label":" ","price":7.26},{"type":"B","date":"2018-04-27T05:43:51.000Z","volume":500,"label":" ","price":7.25},{"type":"A","date":"2018-04-27T05:44:17.000Z","volume":1000,"label":" ","price":7.26},{"type":"A","date":"2018-04-27T05:44:59.000Z","volume":500,"label":" ","price":7.26},{"type":"A","date":"2018-04-27T05:45:08.000Z","volume":1000,"label":" ","price":7.26},{"type":"A","date":"2018-04-27T05:45:09.000Z","volume":500,"label":" ","price":7.26},{"type":"B","date":"2018-04-27T05:45:10.000Z","volume":500,"label":" ","price":7.25},{"type":"A","date":"2018-04-27T05:47:40.000Z","volume":17000,"label":" ","price":7.26},{"type":"A","date":"2018-04-27T05:47:40.000Z","volume":2500,"label":" ","price":7.26},{"type":"B","date":"2018-04-27T05:47:41.000Z","volume":3500,"label":" ","price":7.25},{"type":"A","date":"2018-04-27T05:47:41.000Z","volume":500,"label":" ","price":7.26},{"type":"A","date":"2018-04-27T05:48:00.000Z","volume":6000,"label":" ","price":7.26},{"type":"A","date":"2018-04-27T05:48:00.000Z","volume":1000,"label":" ","price":7.26},{"type":"B","date":"2018-04-27T05:48:01.000Z","volume":1500,"label":" ","price":7.25},{"type":"U","date":"2018-04-27T05:48:23.000Z","volume":1500,"label":"X","price":7.258},{"type":"B","date":"2018-04-27T05:49:10.000Z","volume":500,"label":" ","price":7.25},{"type":"A","date":"2018-04-27T05:49:11.000Z","volume":500,"label":" ","price":7.26},{"type":"U","date":"2018-04-27T05:49:23.000Z","volume":500,"label":"X","price":7.255},{"type":"U","date":"2018-04-27T05:51:02.000Z","volume":1500,"label":"X","price":7.255},{"type":"A","date":"2018-04-27T05:51:02.000Z","volume":500,"label":" ","price":7.26},{"type":"U","date":"2018-04-27T05:51:02.000Z","volume":500,"label":"X","price":7.255},{"type":"A","date":"2018-04-27T05:52:12.000Z","volume":1000,"label":" ","price":7.26},{"type":"B","date":"2018-04-27T05:52:13.000Z","volume":500,"label":" ","price":7.25},{"type":"A","date":"2018-04-27T05:52:47.000Z","volume":500,"label":" ","price":7.26},{"type":"A","date":"2018-04-27T05:52:49.000Z","volume":500,"label":" ","price":7.26},{"type":"A","date":"2018-04-27T05:52:50.000Z","volume":500,"label":" ","price":7.26},{"type":"A","date":"2018-04-27T05:55:04.000Z","volume":500,"label":" ","price":7.26},{"type":"A","date":"2018-04-27T05:57:33.000Z","volume":500,"label":" ","price":7.26},{"type":"B","date":"2018-04-27T05:57:34.000Z","volume":500,"label":" ","price":7.25},{"type":"A","date":"2018-04-27T05:58:30.000Z","volume":5000,"label":" ","price":7.26},{"type":"A","date":"2018-04-27T05:58:30.000Z","volume":1000,"label":" ","price":7.26},{"type":"A","date":"2018-04-27T05:59:23.000Z","volume":2000,"label":" ","price":7.26},{"type":"A","date":"2018-04-27T05:59:59.000Z","volume":500,"label":" ","price":7.26},{"type":"A","date":"2018-04-27T06:01:03.000Z","volume":2500,"label":" ","price":7.26},{"type":"A","date":"2018-04-27T06:01:03.000Z","volume":500,"label":"Y","price":7.26},{"type":"A","date":"2018-04-27T06:01:29.000Z","volume":1000,"label":" ","price":7.26},{"type":"A","date":"2018-04-27T06:07:35.000Z","volume":500,"label":" ","price":7.26},{"type":"A","date":"2018-04-27T06:07:35.000Z","volume":500,"label":" ","price":7.26},{"type":"A","date":"2018-04-27T06:09:32.000Z","volume":10000,"label":" ","price":7.26},{"type":"A","date":"2018-04-27T06:09:32.000Z","volume":1500,"label":" ","price":7.26},{"type":"A","date":"2018-04-27T06:09:41.000Z","volume":2500,"label":" ","price":7.26},{"type":"A","date":"2018-04-27T06:10:33.000Z","volume":2500,"label":" ","price":7.26},{"type":"A","date":"2018-04-27T06:10:33.000Z","volume":500,"label":" ","price":7.26},{"type":"A","date":"2018-04-27T06:11:13.000Z","volume":1000,"label":" ","price":7.26},{"type":"A","date":"2018-04-27T06:12:12.000Z","volume":1000,"label":" ","price":7.26},{"type":"A","date":"2018-04-27T06:12:12.000Z","volume":500,"label":" ","price":7.26},{"type":"A","date":"2018-04-27T06:14:13.000Z","volume":500,"label":" ","price":7.26},{"type":"A","date":"2018-04-27T06:14:23.000Z","volume":1000,"label":" ","price":7.26},{"type":"A","date":"2018-04-27T06:19:43.000Z","volume":1000,"label":" ","price":7.26},{"type":"A","date":"2018-04-27T06:20:03.000Z","volume":2500,"label":" ","price":7.26},{"type":"A","date":"2018-04-27T06:20:03.000Z","volume":500,"label":" ","price":7.26},{"type":"A","date":"2018-04-27T06:20:06.000Z","volume":1500,"label":" ","price":7.26},{"type":"A","date":"2018-04-27T06:20:10.000Z","volume":500,"label":" ","price":7.26},{"type":"A","date":"2018-04-27T06:20:35.000Z","volume":500,"label":" ","price":7.26},{"type":"A","date":"2018-04-27T06:20:40.000Z","volume":2000,"label":" ","price":7.26},{"type":"A","date":"2018-04-27T06:21:42.000Z","volume":1000,"label":" ","price":7.26},{"type":"A","date":"2018-04-27T06:21:44.000Z","volume":500,"label":" ","price":7.26},{"type":"A","date":"2018-04-27T06:22:29.000Z","volume":1000,"label":" ","price":7.26},{"type":"B","date":"2018-04-27T06:23:33.000Z","volume":500,"label":" ","price":7.25},{"type":"A","date":"2018-04-27T06:27:44.000Z","volume":1000,"label":" ","price":7.26},{"type":"A","date":"2018-04-27T06:27:45.000Z","volume":500,"label":" ","price":7.26},{"type":"A","date":"2018-04-27T06:28:22.000Z","volume":500,"label":" ","price":7.26},{"type":"A","date":"2018-04-27T06:28:38.000Z","volume":2000,"label":" ","price":7.26},{"type":"A","date":"2018-04-27T06:28:49.000Z","volume":500,"label":" ","price":7.26},{"type":"A","date":"2018-04-27T06:28:51.000Z","volume":1000,"label":" ","price":7.26},{"type":"A","date":"2018-04-27T06:28:51.000Z","volume":500,"label":" ","price":7.26},{"type":"A","date":"2018-04-27T06:29:33.000Z","volume":2500,"label":" ","price":7.26},{"type":"A","date":"2018-04-27T06:29:33.000Z","volume":500,"label":" ","price":7.26},{"type":"A","date":"2018-04-27T06:30:53.000Z","volume":1000,"label":" ","price":7.26},{"type":"A","date":"2018-04-27T06:32:01.000Z","volume":1000,"label":" ","price":7.26},{"type":"B","date":"2018-04-27T06:32:23.000Z","volume":10000,"label":" ","price":7.25},{"type":"B","date":"2018-04-27T06:32:23.000Z","volume":4000,"label":"Y","price":7.25},{"type":"B","date":"2018-04-27T06:32:23.000Z","volume":46000,"label":" ","price":7.25},{"type":"B","date":"2018-04-27T06:32:24.000Z","volume":6000,"label":" ","price":7.25},{"type":"A","date":"2018-04-27T06:33:09.000Z","volume":3500,"label":" ","price":7.26},{"type":"B","date":"2018-04-27T06:33:10.000Z","volume":500,"label":" ","price":7.25},{"type":"A","date":"2018-04-27T06:33:16.000Z","volume":2000,"label":" ","price":7.26},{"type":"B","date":"2018-04-27T06:33:17.000Z","volume":500,"label":" ","price":7.25},{"type":"A","date":"2018-04-27T06:34:06.000Z","volume":1000,"label":" ","price":7.26},{"type":"U","date":"2018-04-27T06:35:11.000Z","volume":2500,"label":"X","price":7.251},{"type":"A","date":"2018-04-27T06:35:23.000Z","volume":1000,"label":" ","price":7.26},{"type":"A","date":"2018-04-27T06:37:46.000Z","volume":70000,"label":" ","price":7.26},{"type":"A","date":"2018-04-27T06:37:46.000Z","volume":500,"label":" ","price":7.26},{"type":"B","date":"2018-04-27T06:37:46.000Z","volume":11500,"label":" ","price":7.25},{"type":"A","date":"2018-04-27T06:37:46.000Z","volume":5000,"label":" ","price":7.26},{"type":"A","date":"2018-04-27T06:37:46.000Z","volume":500,"label":" ","price":7.26},{"type":"A","date":"2018-04-27T06:37:46.000Z","volume":5000,"label":" ","price":7.26},{"type":"A","date":"2018-04-27T06:37:46.000Z","volume":500,"label":"Y","price":7.26},{"type":"A","date":"2018-04-27T06:37:46.000Z","volume":1000,"label":" ","price":7.26},{"type":"A","date":"2018-04-27T06:37:46.000Z","volume":500,"label":" ","price":7.26},{"type":"A","date":"2018-04-27T06:37:46.000Z","volume":500,"label":" ","price":7.26},{"type":"B","date":"2018-04-27T06:37:47.000Z","volume":500,"label":" ","price":7.25},{"type":"A","date":"2018-04-27T06:37:48.000Z","volume":500,"label":" ","price":7.26},{"type":"A","date":"2018-04-27T06:38:03.000Z","volume":21500,"label":" ","price":7.26},{"type":"A","date":"2018-04-27T06:38:03.000Z","volume":3500,"label":" ","price":7.26},{"type":"B","date":"2018-04-27T06:38:04.000Z","volume":1500,"label":" ","price":7.25},{"type":"A","date":"2018-04-27T06:38:34.000Z","volume":8000,"label":" ","price":7.26},{"type":"A","date":"2018-04-27T06:38:35.000Z","volume":1500,"label":" ","price":7.26},{"type":"B","date":"2018-04-27T06:38:35.000Z","volume":2000,"label":" ","price":7.25},{"type":"A","date":"2018-04-27T06:38:36.000Z","volume":500,"label":" ","price":7.26},{"type":"A","date":"2018-04-27T06:38:36.000Z","volume":500,"label":" ","price":7.26},{"type":"A","date":"2018-04-27T06:39:17.000Z","volume":4000,"label":" ","price":7.26},{"type":"A","date":"2018-04-27T06:39:17.000Z","volume":500,"label":" ","price":7.26},{"type":"B","date":"2018-04-27T06:39:18.000Z","volume":1000,"label":" ","price":7.25},{"type":"A","date":"2018-04-27T06:39:18.000Z","volume":500,"label":" ","price":7.26},{"type":"A","date":"2018-04-27T06:40:06.000Z","volume":2000,"label":" ","price":7.26},{"type":"B","date":"2018-04-27T06:40:07.000Z","volume":500,"label":" ","price":7.25},{"type":"A","date":"2018-04-27T06:40:10.000Z","volume":500,"label":" ","price":7.26},{"type":"U","date":"2018-04-27T06:40:11.000Z","volume":1500,"label":"X","price":7.259},{"type":"U","date":"2018-04-27T06:40:11.000Z","volume":3000,"label":"X","price":7.259},{"type":"U","date":"2018-04-27T06:40:11.000Z","volume":1500,"label":"X","price":7.259},{"type":"U","date":"2018-04-27T06:40:11.000Z","volume":1000,"label":"X","price":7.259},{"type":"A","date":"2018-04-27T06:40:13.000Z","volume":1500,"label":" ","price":7.26},{"type":"B","date":"2018-04-27T06:40:14.000Z","volume":500,"label":" ","price":7.25},{"type":"U","date":"2018-04-27T06:41:11.000Z","volume":1000,"label":"X","price":7.258},{"type":"A","date":"2018-04-27T06:43:49.000Z","volume":4000,"label":" ","price":7.26},{"type":"A","date":"2018-04-27T06:43:50.000Z","volume":1000,"label":" ","price":7.26},{"type":"B","date":"2018-04-27T06:43:50.000Z","volume":1000,"label":" ","price":7.25},{"type":"A","date":"2018-04-27T06:43:54.000Z","volume":1500,"label":" ","price":7.26},{"type":"A","date":"2018-04-27T06:45:27.000Z","volume":1000,"label":" ","price":7.26},{"type":"A","date":"2018-04-27T06:45:27.000Z","volume":500,"label":" ","price":7.26},{"type":"B","date":"2018-04-27T06:45:28.000Z","volume":500,"label":" ","price":7.25},{"type":"U","date":"2018-04-27T06:46:11.000Z","volume":1000,"label":"X","price":7.258},{"type":"U","date":"2018-04-27T06:46:11.000Z","volume":1500,"label":"X","price":7.258},{"type":"U","date":"2018-04-27T06:46:11.000Z","volume":500,"label":"X","price":7.258},{"type":"B","date":"2018-04-27T06:48:41.000Z","volume":1000,"label":" ","price":7.25},{"type":"B","date":"2018-04-27T06:49:11.000Z","volume":1000,"label":" ","price":7.25},{"type":"A","date":"2018-04-27T06:49:11.000Z","volume":500,"label":" ","price":7.26},{"type":"B","date":"2018-04-27T06:49:12.000Z","volume":500,"label":" ","price":7.25},{"type":"B","date":"2018-04-27T06:49:41.000Z","volume":1000,"label":" ","price":7.25},{"type":"B","date":"2018-04-27T06:50:11.000Z","volume":1000,"label":" ","price":7.25},{"type":"A","date":"2018-04-27T06:50:26.000Z","volume":1000,"label":" ","price":7.26},{"type":"A","date":"2018-04-27T06:50:26.000Z","volume":500,"label":" ","price":7.26},{"type":"A","date":"2018-04-27T06:50:27.000Z","volume":1000,"label":" ","price":7.26},{"type":"B","date":"2018-04-27T06:50:27.000Z","volume":500,"label":" ","price":7.25},{"type":"B","date":"2018-04-27T06:50:41.000Z","volume":1000,"label":" ","price":7.25},{"type":"A","date":"2018-04-27T06:50:41.000Z","volume":500,"label":"Y","price":7.26},{"type":"B","date":"2018-04-27T06:50:42.000Z","volume":500,"label":" ","price":7.25},{"type":"U","date":"2018-04-27T06:51:11.000Z","volume":500,"label":"X","price":7.254},{"type":"U","date":"2018-04-27T06:51:11.000Z","volume":1500,"label":"X","price":7.254},{"type":"U","date":"2018-04-27T06:51:11.000Z","volume":500,"label":"X","price":7.254},{"type":"B","date":"2018-04-27T06:51:11.000Z","volume":1000,"label":" ","price":7.25},{"type":"A","date":"2018-04-27T06:51:12.000Z","volume":1500,"label":" ","price":7.26},{"type":"A","date":"2018-04-27T06:51:12.000Z","volume":500,"label":" ","price":7.26},{"type":"B","date":"2018-04-27T06:51:41.000Z","volume":1000,"label":" ","price":7.25},{"type":"A","date":"2018-04-27T06:52:39.000Z","volume":1000,"label":" ","price":7.26},{"type":"B","date":"2018-04-27T06:53:41.000Z","volume":1000,"label":" ","price":7.25},{"type":"A","date":"2018-04-27T06:53:41.000Z","volume":500,"label":" ","price":7.26},{"type":"B","date":"2018-04-27T06:54:11.000Z","volume":1000,"label":" ","price":7.25},{"type":"A","date":"2018-04-27T06:54:26.000Z","volume":1000,"label":" ","price":7.26},{"type":"B","date":"2018-04-27T06:54:41.000Z","volume":1000,"label":" ","price":7.25},{"type":"A","date":"2018-04-27T06:54:41.000Z","volume":500,"label":" ","price":7.26},{"type":"A","date":"2018-04-27T06:55:19.000Z","volume":2500,"label":"Y","price":7.26},{"type":"A","date":"2018-04-27T06:55:19.000Z","volume":2500,"label":" ","price":7.26},{"type":"A","date":"2018-04-27T06:55:19.000Z","volume":500,"label":" ","price":7.26},{"type":"A","date":"2018-04-27T06:55:24.000Z","volume":1500,"label":" ","price":7.26},{"type":"A","date":"2018-04-27T06:55:24.000Z","volume":500,"label":" ","price":7.26},{"type":"B","date":"2018-04-27T06:55:41.000Z","volume":1000,"label":" ","price":7.25},{"type":"A","date":"2018-04-27T06:55:54.000Z","volume":2000,"label":" ","price":7.26},{"type":"A","date":"2018-04-27T06:55:54.000Z","volume":500,"label":" ","price":7.26},{"type":"A","date":"2018-04-27T06:56:08.000Z","volume":1000,"label":" ","price":7.26},{"type":"A","date":"2018-04-27T06:56:33.000Z","volume":1000,"label":" ","price":7.26},{"type":"A","date":"2018-04-27T06:57:29.000Z","volume":10000,"label":" ","price":7.26},{"type":"B","date":"2018-04-27T06:57:41.000Z","volume":1000,"label":" ","price":7.25},{"type":"A","date":"2018-04-27T06:57:45.000Z","volume":3000,"label":" ","price":7.26},{"type":"A","date":"2018-04-27T06:57:52.000Z","volume":1500,"label":" ","price":7.26},{"type":"A","date":"2018-04-27T06:58:00.000Z","volume":500,"label":" ","price":7.26},{"type":"A","date":"2018-04-27T06:58:35.000Z","volume":6000,"label":" ","price":7.26},{"type":"B","date":"2018-04-27T06:58:36.000Z","volume":500,"label":" ","price":7.25},{"type":"B","date":"2018-04-27T06:58:41.000Z","volume":1000,"label":" ","price":7.25},{"type":"A","date":"2018-04-27T06:59:09.000Z","volume":2000,"label":" ","price":7.26},{"type":"B","date":"2018-04-27T06:59:10.000Z","volume":500,"label":" ","price":7.25},{"type":"A","date":"2018-04-27T07:02:12.000Z","volume":500,"label":" ","price":7.26},{"type":"A","date":"2018-04-27T07:02:45.000Z","volume":3500,"label":" ","price":7.26},{"type":"B","date":"2018-04-27T07:02:46.000Z","volume":500,"label":" ","price":7.25},{"type":"A","date":"2018-04-27T07:03:18.000Z","volume":1000,"label":" ","price":7.26},{"type":"B","date":"2018-04-27T07:03:19.000Z","volume":500,"label":" ","price":7.25},{"type":"B","date":"2018-04-27T07:03:37.000Z","volume":1500,"label":" ","price":7.25},{"type":"A","date":"2018-04-27T07:04:19.000Z","volume":1000,"label":" ","price":7.26},{"type":"B","date":"2018-04-27T07:04:20.000Z","volume":500,"label":" ","price":7.25},{"type":"A","date":"2018-04-27T07:05:10.000Z","volume":1000,"label":" ","price":7.26},{"type":"B","date":"2018-04-27T07:09:41.000Z","volume":500,"label":" ","price":7.25},{"type":"A","date":"2018-04-27T07:10:46.000Z","volume":500,"label":" ","price":7.26},{"type":"A","date":"2018-04-27T07:12:17.000Z","volume":1000,"label":" ","price":7.26},{"type":"B","date":"2018-04-27T07:12:17.000Z","volume":500,"label":" ","price":7.25},{"type":"A","date":"2018-04-27T07:13:50.000Z","volume":1000,"label":" ","price":7.26},{"type":"A","date":"2018-04-27T07:14:46.000Z","volume":1000,"label":" ","price":7.26},{"type":"B","date":"2018-04-27T07:14:46.000Z","volume":1000,"label":" ","price":7.25},{"type":"B","date":"2018-04-27T07:14:47.000Z","volume":500,"label":" ","price":7.25},{"type":"A","date":"2018-04-27T07:15:33.000Z","volume":2500,"label":" ","price":7.26},{"type":"B","date":"2018-04-27T07:15:34.000Z","volume":500,"label":" ","price":7.25},{"type":"A","date":"2018-04-27T07:15:37.000Z","volume":1000,"label":" ","price":7.26},{"type":"B","date":"2018-04-27T07:15:48.000Z","volume":500,"label":" ","price":7.25},{"type":"A","date":"2018-04-27T07:16:15.000Z","volume":1000,"label":" ","price":7.26},{"type":"B","date":"2018-04-27T07:16:16.000Z","volume":500,"label":" ","price":7.25},{"type":"A","date":"2018-04-27T07:16:17.000Z","volume":1000,"label":" ","price":7.26},{"type":"A","date":"2018-04-27T07:16:17.000Z","volume":500,"label":" ","price":7.26},{"type":"A","date":"2018-04-27T07:17:33.000Z","volume":1000,"label":" ","price":7.26},{"type":"B","date":"2018-04-27T07:17:34.000Z","volume":500,"label":" ","price":7.25},{"type":"A","date":"2018-04-27T07:18:10.000Z","volume":1000,"label":" ","price":7.26},{"type":"B","date":"2018-04-27T07:18:10.000Z","volume":2000,"label":" ","price":7.25},{"type":"B","date":"2018-04-27T07:18:11.000Z","volume":500,"label":" ","price":7.25},{"type":"A","date":"2018-04-27T07:18:25.000Z","volume":1500,"label":" ","price":7.26},{"type":"A","date":"2018-04-27T07:18:46.000Z","volume":1000,"label":"Y","price":7.26},{"type":"B","date":"2018-04-27T07:18:47.000Z","volume":500,"label":" ","price":7.25},{"type":"A","date":"2018-04-27T07:19:25.000Z","volume":1500,"label":" ","price":7.26},{"type":"A","date":"2018-04-27T07:19:31.000Z","volume":500,"label":" ","price":7.26},{"type":"A","date":"2018-04-27T07:19:38.000Z","volume":1000,"label":" ","price":7.26},{"type":"B","date":"2018-04-27T07:19:39.000Z","volume":500,"label":" ","price":7.25},{"type":"A","date":"2018-04-27T07:19:58.000Z","volume":7000,"label":"Y","price":7.26},{"type":"B","date":"2018-04-27T07:19:59.000Z","volume":1000,"label":" ","price":7.25},{"type":"A","date":"2018-04-27T07:20:10.000Z","volume":1500,"label":" ","price":7.26},{"type":"B","date":"2018-04-27T07:20:11.000Z","volume":500,"label":" ","price":7.25},{"type":"B","date":"2018-04-27T07:20:21.000Z","volume":4500,"label":" ","price":7.25},{"type":"B","date":"2018-04-27T07:20:22.000Z","volume":1000,"label":" ","price":7.25},{"type":"B","date":"2018-04-27T07:20:31.000Z","volume":5500,"label":" ","price":7.25},{"type":"B","date":"2018-04-27T07:20:32.000Z","volume":1000,"label":" ","price":7.25},{"type":"A","date":"2018-04-27T07:20:48.000Z","volume":3000,"label":" ","price":7.26},{"type":"B","date":"2018-04-27T07:20:49.000Z","volume":500,"label":" ","price":7.25},{"type":"B","date":"2018-04-27T07:22:30.000Z","volume":4000,"label":" ","price":7.25},{"type":"B","date":"2018-04-27T07:22:31.000Z","volume":500,"label":" ","price":7.25},{"type":"A","date":"2018-04-27T07:22:54.000Z","volume":1000,"label":" ","price":7.26},{"type":"B","date":"2018-04-27T07:23:06.000Z","volume":1500,"label":" ","price":7.25},{"type":"B","date":"2018-04-27T07:23:06.000Z","volume":1500,"label":" ","price":7.25},{"type":"B","date":"2018-04-27T07:23:07.000Z","volume":1000,"label":" ","price":7.25},{"type":"A","date":"2018-04-27T07:23:35.000Z","volume":3500,"label":" ","price":7.26},{"type":"B","date":"2018-04-27T07:23:36.000Z","volume":500,"label":" ","price":7.25},{"type":"A","date":"2018-04-27T07:23:42.000Z","volume":1000,"label":" ","price":7.26},{"type":"A","date":"2018-04-27T07:23:44.000Z","volume":1000,"label":" ","price":7.26},{"type":"B","date":"2018-04-27T07:23:45.000Z","volume":500,"label":" ","price":7.25},{"type":"A","date":"2018-04-27T07:24:08.000Z","volume":5500,"label":" ","price":7.26},{"type":"B","date":"2018-04-27T07:24:09.000Z","volume":1000,"label":" ","price":7.25},{"type":"B","date":"2018-04-27T07:24:14.000Z","volume":5500,"label":" ","price":7.25},{"type":"B","date":"2018-04-27T07:24:15.000Z","volume":1000,"label":" ","price":7.25},{"type":"A","date":"2018-04-27T07:24:31.000Z","volume":3000,"label":" ","price":7.26},{"type":"B","date":"2018-04-27T07:24:32.000Z","volume":500,"label":" ","price":7.25},{"type":"A","date":"2018-04-27T07:25:07.000Z","volume":500,"label":" ","price":7.26},{"type":"B","date":"2018-04-27T07:25:22.000Z","volume":1500,"label":" ","price":7.25},{"type":"B","date":"2018-04-27T07:26:01.000Z","volume":5500,"label":" ","price":7.25},{"type":"B","date":"2018-04-27T07:26:02.000Z","volume":1000,"label":" ","price":7.25},{"type":"A","date":"2018-04-27T07:26:05.000Z","volume":1000,"label":" ","price":7.26},{"type":"B","date":"2018-04-27T07:26:06.000Z","volume":500,"label":" ","price":7.25},{"type":"A","date":"2018-04-27T07:26:17.000Z","volume":1000,"label":" ","price":7.26},{"type":"A","date":"2018-04-27T07:26:45.000Z","volume":5000,"label":" ","price":7.26},{"type":"B","date":"2018-04-27T07:26:46.000Z","volume":1000,"label":" ","price":7.25},{"type":"A","date":"2018-04-27T07:26:53.000Z","volume":1500,"label":" ","price":7.26},{"type":"B","date":"2018-04-27T07:28:09.000Z","volume":4000,"label":" ","price":7.25},{"type":"B","date":"2018-04-27T07:28:10.000Z","volume":1000,"label":" ","price":7.25},{"type":"B","date":"2018-04-27T07:28:21.000Z","volume":500,"label":" ","price":7.25},{"type":"A","date":"2018-04-27T07:28:30.000Z","volume":1000,"label":" ","price":7.26},{"type":"A","date":"2018-04-27T07:28:57.000Z","volume":110000,"label":" ","price":7.26},{"type":"B","date":"2018-04-27T07:28:57.000Z","volume":6500,"label":" ","price":7.25},{"type":"B","date":"2018-04-27T07:29:01.000Z","volume":15000,"label":" ","price":7.25},{"type":"A","date":"2018-04-27T07:29:27.000Z","volume":29500,"label":" ","price":7.26},{"type":"B","date":"2018-04-27T07:29:28.000Z","volume":4000,"label":" ","price":7.25},{"type":"A","date":"2018-04-27T07:29:32.000Z","volume":1500,"label":" ","price":7.26},{"type":"B","date":"2018-04-27T07:29:32.000Z","volume":500,"label":" ","price":7.25},{"type":"A","date":"2018-04-27T07:30:30.000Z","volume":1000,"label":" ","price":7.26},{"type":"A","date":"2018-04-27T07:31:05.000Z","volume":11000,"label":" ","price":7.26},{"type":"B","date":"2018-04-27T07:31:05.000Z","volume":500,"label":" ","price":7.25},{"type":"B","date":"2018-04-27T07:31:13.000Z","volume":2000,"label":" ","price":7.25},{"type":"B","date":"2018-04-27T07:31:20.000Z","volume":500,"label":" ","price":7.25},{"type":"B","date":"2018-04-27T07:31:21.000Z","volume":500,"label":" ","price":7.25},{"type":"A","date":"2018-04-27T07:31:29.000Z","volume":3500,"label":" ","price":7.26},{"type":"B","date":"2018-04-27T07:31:33.000Z","volume":1000,"label":" ","price":7.25},{"type":"A","date":"2018-04-27T07:31:37.000Z","volume":500,"label":" ","price":7.26},{"type":"A","date":"2018-04-27T07:32:07.000Z","volume":10000,"label":" ","price":7.26},{"type":"A","date":"2018-04-27T07:32:17.000Z","volume":5000,"label":" ","price":7.26},{"type":"A","date":"2018-04-27T07:32:29.000Z","volume":3500,"label":" ","price":7.26},{"type":"A","date":"2018-04-27T07:33:41.000Z","volume":10000,"label":" ","price":7.26},{"type":"A","date":"2018-04-27T07:34:12.000Z","volume":2000,"label":" ","price":7.26},{"type":"A","date":"2018-04-27T07:37:57.000Z","volume":3000,"label":" ","price":7.26},{"type":"A","date":"2018-04-27T07:38:12.000Z","volume":1000,"label":" ","price":7.26},{"type":"A","date":"2018-04-27T07:38:18.000Z","volume":1000,"label":" ","price":7.26},{"type":"A","date":"2018-04-27T07:38:37.000Z","volume":500,"label":" ","price":7.26},{"type":"A","date":"2018-04-27T07:41:36.000Z","volume":100000,"label":" ","price":7.26},{"type":"B","date":"2018-04-27T07:41:36.000Z","volume":4500,"label":" ","price":7.25},{"type":"A","date":"2018-04-27T07:41:47.000Z","volume":2000,"label":" ","price":7.27},{"type":"A","date":"2018-04-27T07:42:01.000Z","volume":9000,"label":" ","price":7.27},{"type":"A","date":"2018-04-27T07:42:03.000Z","volume":12000,"label":" ","price":7.27},{"type":"B","date":"2018-04-27T07:42:04.000Z","volume":500,"label":" ","price":7.27},{"type":"B","date":"2018-04-27T07:42:04.000Z","volume":7500,"label":" ","price":7.27},{"type":"B","date":"2018-04-27T07:42:05.000Z","volume":1500,"label":" ","price":7.27},{"type":"B","date":"2018-04-27T07:42:05.000Z","volume":5000,"label":" ","price":7.27},{"type":"B","date":"2018-04-27T07:42:05.000Z","volume":2000,"label":" ","price":7.26},{"type":"B","date":"2018-04-27T07:42:06.000Z","volume":1500,"label":" ","price":7.27},{"type":"A","date":"2018-04-27T07:42:11.000Z","volume":3500,"label":" ","price":7.28},{"type":"B","date":"2018-04-27T07:42:12.000Z","volume":500,"label":" ","price":7.27},{"type":"A","date":"2018-04-27T07:42:29.000Z","volume":1500,"label":" ","price":7.28},{"type":"B","date":"2018-04-27T07:42:31.000Z","volume":500,"label":" ","price":7.27},{"type":"A","date":"2018-04-27T07:42:32.000Z","volume":2500,"label":" ","price":7.28},{"type":"B","date":"2018-04-27T07:42:32.000Z","volume":500,"label":" ","price":7.27},{"type":"A","date":"2018-04-27T07:43:08.000Z","volume":500,"label":" ","price":7.28},{"type":"B","date":"2018-04-27T07:43:43.000Z","volume":30000,"label":" ","price":7.27},{"type":"B","date":"2018-04-27T07:43:44.000Z","volume":5500,"label":" ","price":7.27},{"type":"B","date":"2018-04-27T07:46:53.000Z","volume":31500,"label":" ","price":7.27},{"type":"B","date":"2018-04-27T07:46:55.000Z","volume":6000,"label":" ","price":7.26},{"type":"A","date":"2018-04-27T07:47:13.000Z","volume":3000,"label":" ","price":7.28},{"type":"B","date":"2018-04-27T07:47:14.000Z","volume":500,"label":" ","price":7.26},{"type":"A","date":"2018-04-27T07:48:46.000Z","volume":500,"label":" ","price":7.28},{"type":"A","date":"2018-04-27T07:49:41.000Z","volume":500,"label":" ","price":7.28},{"type":"B","date":"2018-04-27T07:49:42.000Z","volume":500,"label":" ","price":7.27},{"type":"B","date":"2018-04-27T07:49:42.000Z","volume":500,"label":" ","price":7.27},{"type":"A","date":"2018-04-27T07:50:26.000Z","volume":1000,"label":" ","price":7.28},{"type":"B","date":"2018-04-27T07:50:28.000Z","volume":4000,"label":" ","price":7.27},{"type":"B","date":"2018-04-27T07:50:29.000Z","volume":1000,"label":" ","price":7.27},{"type":"B","date":"2018-04-27T07:51:03.000Z","volume":500,"label":" ","price":7.27},{"type":"A","date":"2018-04-27T07:51:08.000Z","volume":500,"label":" ","price":7.28},{"type":"B","date":"2018-04-27T07:51:24.000Z","volume":2000,"label":" ","price":7.27},{"type":"B","date":"2018-04-27T07:51:25.000Z","volume":500,"label":" ","price":7.27},{"type":"B","date":"2018-04-27T07:52:12.000Z","volume":2000,"label":" ","price":7.27},{"type":"B","date":"2018-04-27T07:52:12.000Z","volume":1000,"label":" ","price":7.27},{"type":"B","date":"2018-04-27T07:52:13.000Z","volume":500,"label":" ","price":7.27},{"type":"B","date":"2018-04-27T07:52:55.000Z","volume":500,"label":"Y","price":7.27},{"type":"B","date":"2018-04-27T07:52:55.000Z","volume":1500,"label":" ","price":7.27},{"type":"B","date":"2018-04-27T07:52:56.000Z","volume":500,"label":" ","price":7.27},{"type":"A","date":"2018-04-27T07:53:26.000Z","volume":500,"label":" ","price":7.28},{"type":"B","date":"2018-04-27T07:53:29.000Z","volume":2000,"label":" ","price":7.27},{"type":"B","date":"2018-04-27T07:53:30.000Z","volume":500,"label":" ","price":7.27},{"type":"B","date":"2018-04-27T07:53:57.000Z","volume":1000,"label":"Y","price":7.27},{"type":"B","date":"2018-04-27T07:53:57.000Z","volume":1000,"label":" ","price":7.27},{"type":"B","date":"2018-04-27T07:54:13.000Z","volume":500,"label":" ","price":7.27},{"type":"B","date":"2018-04-27T07:54:26.000Z","volume":2000,"label":" ","price":7.27},{"type":"B","date":"2018-04-27T07:54:27.000Z","volume":500,"label":" ","price":7.27},{"type":"B","date":"2018-04-27T07:54:51.000Z","volume":2000,"label":" ","price":7.27},{"type":"B","date":"2018-04-27T07:54:52.000Z","volume":500,"label":" ","price":7.27},{"type":"A","date":"2018-04-27T07:55:11.000Z","volume":500,"label":" ","price":7.28},{"type":"B","date":"2018-04-27T07:55:12.000Z","volume":2000,"label":" ","price":7.27},{"type":"B","date":"2018-04-27T07:55:13.000Z","volume":500,"label":" ","price":7.27},{"type":"B","date":"2018-04-27T07:55:13.000Z","volume":1000,"label":" ","price":7.27},{"type":"B","date":"2018-04-27T07:55:25.000Z","volume":8000,"label":" ","price":7.27},{"type":"B","date":"2018-04-27T07:55:26.000Z","volume":1500,"label":" ","price":7.27},{"type":"B","date":"2018-04-27T07:55:26.000Z","volume":1000,"label":" ","price":7.27},{"type":"B","date":"2018-04-27T07:55:27.000Z","volume":500,"label":" ","price":7.27},{"type":"B","date":"2018-04-27T07:55:33.000Z","volume":2000,"label":" ","price":7.27},{"type":"B","date":"2018-04-27T07:55:33.000Z","volume":3000,"label":" ","price":7.27},{"type":"B","date":"2018-04-27T07:55:34.000Z","volume":1000,"label":" ","price":7.27},{"type":"B","date":"2018-04-27T07:55:36.000Z","volume":500,"label":"Y","price":7.27},{"type":"B","date":"2018-04-27T07:55:52.000Z","volume":1500,"label":"Y","price":7.27},{"type":"B","date":"2018-04-27T07:55:52.000Z","volume":500,"label":" ","price":7.27},{"type":"B","date":"2018-04-27T07:55:53.000Z","volume":500,"label":" ","price":7.27},{"type":"B","date":"2018-04-27T07:55:53.000Z","volume":500,"label":" ","price":7.27},{"type":"B","date":"2018-04-27T07:56:11.000Z","volume":500,"label":"Y","price":7.26},{"type":"B","date":"2018-04-27T07:56:11.000Z","volume":2000,"label":" ","price":7.26},{"type":"B","date":"2018-04-27T07:56:12.000Z","volume":500,"label":" ","price":7.26},{"type":"A","date":"2018-04-27T07:56:13.000Z","volume":500,"label":" ","price":7.28},{"type":"B","date":"2018-04-27T07:56:29.000Z","volume":2000,"label":" ","price":7.26},{"type":"B","date":"2018-04-27T07:56:30.000Z","volume":500,"label":" ","price":7.26},{"type":"B","date":"2018-04-27T07:56:41.000Z","volume":2000,"label":" ","price":7.27},{"type":"A","date":"2018-04-27T07:56:41.000Z","volume":1000,"label":" ","price":7.28},{"type":"B","date":"2018-04-27T07:56:42.000Z","volume":500,"label":" ","price":7.27},{"type":"A","date":"2018-04-27T07:56:48.000Z","volume":500,"label":" ","price":7.28},{"type":"A","date":"2018-04-27T07:56:49.000Z","volume":1000,"label":" ","price":7.28},{"type":"B","date":"2018-04-27T07:56:55.000Z","volume":2000,"label":" ","price":7.27},{"type":"B","date":"2018-04-27T07:56:56.000Z","volume":500,"label":" ","price":7.27},{"type":"B","date":"2018-04-27T07:56:57.000Z","volume":16500,"label":" ","price":7.27},{"type":"B","date":"2018-04-27T07:56:58.000Z","volume":3000,"label":" ","price":7.27},{"type":"B","date":"2018-04-27T07:57:07.000Z","volume":2000,"label":" ","price":7.27},{"type":"A","date":"2018-04-27T07:57:08.000Z","volume":500,"label":" ","price":7.28},{"type":"B","date":"2018-04-27T07:57:08.000Z","volume":500,"label":" ","price":7.27},{"type":"A","date":"2018-04-27T07:57:10.000Z","volume":5500,"label":" ","price":7.28},{"type":"B","date":"2018-04-27T07:57:11.000Z","volume":1000,"label":" ","price":7.27},{"type":"B","date":"2018-04-27T07:57:19.000Z","volume":2000,"label":" ","price":7.27},{"type":"B","date":"2018-04-27T07:57:20.000Z","volume":500,"label":" ","price":7.27},{"type":"A","date":"2018-04-27T07:57:29.000Z","volume":1500,"label":" ","price":7.28},{"type":"B","date":"2018-04-27T07:57:30.000Z","volume":500,"label":" ","price":7.27},{"type":"B","date":"2018-04-27T07:57:32.000Z","volume":2500,"label":" ","price":7.27},{"type":"B","date":"2018-04-27T07:57:32.000Z","volume":1000,"label":" ","price":7.27},{"type":"B","date":"2018-04-27T07:57:33.000Z","volume":500,"label":" ","price":7.27},{"type":"A","date":"2018-04-27T07:57:37.000Z","volume":1500,"label":" ","price":7.28},{"type":"B","date":"2018-04-27T07:57:38.000Z","volume":500,"label":" ","price":7.27},{"type":"B","date":"2018-04-27T07:57:38.000Z","volume":500,"label":" ","price":7.27},{"type":"B","date":"2018-04-27T07:57:42.000Z","volume":1000,"label":"Y","price":7.27},{"type":"B","date":"2018-04-27T07:57:42.000Z","volume":1000,"label":" ","price":7.27},{"type":"B","date":"2018-04-27T07:57:42.000Z","volume":500,"label":" ","price":7.27},{"type":"B","date":"2018-04-27T07:57:43.000Z","volume":500,"label":" ","price":7.26},{"type":"B","date":"2018-04-27T07:57:51.000Z","volume":500,"label":"Y","price":7.26},{"type":"B","date":"2018-04-27T07:57:51.000Z","volume":1500,"label":" ","price":7.26},{"type":"B","date":"2018-04-27T07:58:00.000Z","volume":500,"label":" ","price":7.26},{"type":"B","date":"2018-04-27T07:58:00.000Z","volume":500,"label":" ","price":7.26},{"type":"B","date":"2018-04-27T07:58:00.000Z","volume":2000,"label":" ","price":7.26},{"type":"B","date":"2018-04-27T07:58:01.000Z","volume":500,"label":" ","price":7.26},{"type":"A","date":"2018-04-27T07:58:10.000Z","volume":1500,"label":" ","price":7.27},{"type":"B","date":"2018-04-27T07:58:10.000Z","volume":2500,"label":" ","price":7.26},{"type":"B","date":"2018-04-27T07:58:15.000Z","volume":1000,"label":" ","price":7.26},{"type":"A","date":"2018-04-27T07:58:16.000Z","volume":500,"label":" ","price":7.27},{"type":"A","date":"2018-04-27T07:58:18.000Z","volume":1000,"label":" ","price":7.27},{"type":"B","date":"2018-04-27T07:58:18.000Z","volume":2000,"label":" ","price":7.26},{"type":"B","date":"2018-04-27T07:58:22.000Z","volume":1500,"label":" ","price":7.26},{"type":"A","date":"2018-04-27T07:58:26.000Z","volume":1000,"label":" ","price":7.27},{"type":"B","date":"2018-04-27T07:58:28.000Z","volume":1500,"label":" ","price":7.26},{"type":"B","date":"2018-04-27T07:58:30.000Z","volume":1500,"label":" ","price":7.26},{"type":"B","date":"2018-04-27T07:58:33.000Z","volume":2000,"label":" ","price":7.26},{"type":"A","date":"2018-04-27T07:58:36.000Z","volume":1000,"label":" ","price":7.27},{"type":"B","date":"2018-04-27T07:58:38.000Z","volume":2000,"label":" ","price":7.26},{"type":"B","date":"2018-04-27T07:58:40.000Z","volume":500,"label":" ","price":7.26},{"type":"B","date":"2018-04-27T07:58:45.000Z","volume":1000,"label":" ","price":7.26},{"type":"B","date":"2018-04-27T07:58:45.000Z","volume":32500,"label":" ","price":7.26},{"type":"B","date":"2018-04-27T07:58:46.000Z","volume":6000,"label":" ","price":7.26},{"type":"B","date":"2018-04-27T07:58:53.000Z","volume":1000,"label":" ","price":7.26},{"type":"B","date":"2018-04-27T07:58:59.000Z","volume":3000,"label":" ","price":7.26},{"type":"A","date":"2018-04-27T07:58:59.000Z","volume":1500,"label":" ","price":7.27},{"type":"B","date":"2018-04-27T07:58:59.000Z","volume":35500,"label":" ","price":7.26},{"type":"A","date":"2018-04-27T07:58:59.000Z","volume":7000,"label":" ","price":7.27},{"type":"A","date":"2018-04-27T07:58:59.000Z","volume":1000,"label":"Y","price":7.27},{"type":"A","date":"2018-04-27T07:58:59.000Z","volume":2500,"label":" ","price":7.27},{"type":"A","date":"2018-04-27T07:58:59.000Z","volume":2500,"label":" ","price":7.27},{"type":"B","date":"2018-04-27T07:58:59.000Z","volume":4500,"label":" ","price":7.26},{"type":"B","date":"2018-04-27T07:59:00.000Z","volume":1500,"label":" ","price":7.26},{"type":"B","date":"2018-04-27T07:59:00.000Z","volume":9000,"label":" ","price":7.26},{"type":"B","date":"2018-04-27T07:59:00.000Z","volume":1000,"label":" ","price":7.26},{"type":"B","date":"2018-04-27T07:59:00.000Z","volume":16500,"label":" ","price":7.26},{"type":"A","date":"2018-04-27T07:59:00.000Z","volume":56000,"label":" ","price":7.27},{"type":"A","date":"2018-04-27T07:59:01.000Z","volume":1000,"label":" ","price":7.27},{"type":"B","date":"2018-04-27T07:59:01.000Z","volume":11000,"label":" ","price":7.26},{"type":"B","date":"2018-04-27T07:59:01.000Z","volume":2000,"label":" ","price":7.26},{"type":"B","date":"2018-04-27T07:59:01.000Z","volume":500,"label":" ","price":7.26},{"type":"B","date":"2018-04-27T07:59:01.000Z","volume":500,"label":" ","price":7.26},{"type":"A","date":"2018-04-27T07:59:03.000Z","volume":58500,"label":" ","price":7.27},{"type":"A","date":"2018-04-27T07:59:03.000Z","volume":2500,"label":" ","price":7.27},{"type":"B","date":"2018-04-27T07:59:04.000Z","volume":8000,"label":" ","price":7.26},{"type":"B","date":"2018-04-27T07:59:04.000Z","volume":1500,"label":" ","price":7.26},{"type":"B","date":"2018-04-27T07:59:04.000Z","volume":1500,"label":" ","price":7.26},{"type":"B","date":"2018-04-27T07:59:04.000Z","volume":500,"label":" ","price":7.26},{"type":"A","date":"2018-04-27T07:59:07.000Z","volume":1000,"label":" ","price":7.27},{"type":"A","date":"2018-04-27T07:59:09.000Z","volume":500,"label":" ","price":7.27},{"type":"B","date":"2018-04-27T07:59:10.000Z","volume":500,"label":" ","price":7.26},{"type":"A","date":"2018-04-27T07:59:11.000Z","volume":10500,"label":" ","price":7.27},{"type":"B","date":"2018-04-27T07:59:12.000Z","volume":2000,"label":" ","price":7.26},{"type":"B","date":"2018-04-27T07:59:14.000Z","volume":3000,"label":" ","price":7.26},{"type":"A","date":"2018-04-27T07:59:14.000Z","volume":1500,"label":" ","price":7.27},{"type":"B","date":"2018-04-27T07:59:14.000Z","volume":35500,"label":" ","price":7.26},{"type":"A","date":"2018-04-27T07:59:14.000Z","volume":1500,"label":" ","price":7.27},{"type":"A","date":"2018-04-27T07:59:14.000Z","volume":2000,"label":"Y","price":7.27},{"type":"A","date":"2018-04-27T07:59:14.000Z","volume":5000,"label":" ","price":7.27},{"type":"A","date":"2018-04-27T07:59:14.000Z","volume":2500,"label":" ","price":7.27},{"type":"A","date":"2018-04-27T07:59:14.000Z","volume":2000,"label":" ","price":7.27},{"type":"B","date":"2018-04-27T07:59:14.000Z","volume":2500,"label":"Y","price":7.26},{"type":"B","date":"2018-04-27T07:59:14.000Z","volume":4000,"label":" ","price":7.26},{"type":"B","date":"2018-04-27T07:59:15.000Z","volume":7000,"label":" ","price":7.26},{"type":"B","date":"2018-04-27T07:59:15.000Z","volume":2500,"label":" ","price":7.26},{"type":"B","date":"2018-04-27T07:59:15.000Z","volume":1000,"label":" ","price":7.26},{"type":"B","date":"2018-04-27T07:59:15.000Z","volume":2500,"label":"Y","price":7.26},{"type":"B","date":"2018-04-27T07:59:15.000Z","volume":14000,"label":" ","price":7.26},{"type":"B","date":"2018-04-27T07:59:15.000Z","volume":500,"label":" ","price":7.26},{"type":"A","date":"2018-04-27T07:59:15.000Z","volume":2500,"label":" ","price":7.27},{"type":"A","date":"2018-04-27T07:59:15.000Z","volume":500,"label":"Y","price":7.27},{"type":"A","date":"2018-04-27T07:59:15.000Z","volume":58500,"label":" ","price":7.27},{"type":"A","date":"2018-04-27T07:59:15.000Z","volume":56000,"label":" ","price":7.27},{"type":"B","date":"2018-04-27T07:59:15.000Z","volume":4500,"label":" ","price":7.26},{"type":"A","date":"2018-04-27T07:59:18.000Z","volume":8500,"label":" ","price":7.27},{"type":"B","date":"2018-04-27T07:59:18.000Z","volume":4000,"label":" ","price":7.27},{"type":"A","date":"2018-04-27T07:59:26.000Z","volume":2000,"label":" ","price":7.28},{"type":"B","date":"2018-04-27T07:59:28.000Z","volume":6000,"label":" ","price":7.27},{"type":"A","date":"2018-04-27T07:59:29.000Z","volume":1500,"label":" ","price":7.28},{"type":"B","date":"2018-04-27T07:59:29.000Z","volume":3000,"label":" ","price":7.27},{"type":"A","date":"2018-04-27T07:59:29.000Z","volume":1500,"label":" ","price":7.28},{"type":"B","date":"2018-04-27T07:59:29.000Z","volume":35500,"label":" ","price":7.27},{"type":"A","date":"2018-04-27T07:59:29.000Z","volume":7000,"label":" ","price":7.28},{"type":"B","date":"2018-04-27T07:59:29.000Z","volume":28000,"label":" ","price":7.27},{"type":"B","date":"2018-04-27T07:59:29.000Z","volume":9500,"label":" ","price":7.27},{"type":"A","date":"2018-04-27T07:59:29.000Z","volume":2000,"label":" ","price":7.28},{"type":"B","date":"2018-04-27T07:59:29.000Z","volume":7000,"label":" ","price":7.27},{"type":"B","date":"2018-04-27T07:59:29.000Z","volume":1000,"label":" ","price":7.27},{"type":"B","date":"2018-04-27T07:59:29.000Z","volume":8500,"label":" ","price":7.27},{"type":"B","date":"2018-04-27T07:59:29.000Z","volume":28000,"label":" ","price":7.27},{"type":"B","date":"2018-04-27T07:59:29.000Z","volume":4500,"label":" ","price":7.27},{"type":"B","date":"2018-04-27T07:59:29.000Z","volume":12000,"label":" ","price":7.27},{"type":"B","date":"2018-04-27T07:59:29.000Z","volume":1500,"label":" ","price":7.26},{"type":"A","date":"2018-04-27T07:59:29.000Z","volume":2000,"label":" ","price":7.28},{"type":"B","date":"2018-04-27T07:59:30.000Z","volume":1500,"label":" ","price":7.26},{"type":"B","date":"2018-04-27T07:59:30.000Z","volume":8000,"label":" ","price":7.26},{"type":"B","date":"2018-04-27T07:59:30.000Z","volume":500,"label":" ","price":7.26},{"type":"B","date":"2018-04-27T07:59:30.000Z","volume":10500,"label":" ","price":7.26},{"type":"B","date":"2018-04-27T07:59:30.000Z","volume":6000,"label":" ","price":7.25},{"type":"B","date":"2018-04-27T07:59:30.000Z","volume":500,"label":" ","price":7.25},{"type":"B","date":"2018-04-27T07:59:30.000Z","volume":2000,"label":" ","price":7.25},{"type":"B","date":"2018-04-27T07:59:30.000Z","volume":500,"label":" ","price":7.25},{"type":"B","date":"2018-04-27T07:59:30.000Z","volume":500,"label":" ","price":7.25},{"type":"B","date":"2018-04-27T07:59:30.000Z","volume":500,"label":" ","price":7.25},{"type":"B","date":"2018-04-27T07:59:30.000Z","volume":1000,"label":" ","price":7.25},{"type":"A","date":"2018-04-27T07:59:31.000Z","volume":15500,"label":" ","price":7.27},{"type":"B","date":"2018-04-27T07:59:31.000Z","volume":3000,"label":" ","price":7.27},{"type":"A","date":"2018-04-27T07:59:34.000Z","volume":1500,"label":" ","price":7.28},{"type":"A","date":"2018-04-27T07:59:35.000Z","volume":1000,"label":" ","price":7.28},{"type":"B","date":"2018-04-27T07:59:35.000Z","volume":3500,"label":" ","price":7.25},{"type":"B","date":"2018-04-27T07:59:35.000Z","volume":1500,"label":" ","price":7.25},{"type":"A","date":"2018-04-27T07:59:36.000Z","volume":500,"label":" ","price":7.28},{"type":"A","date":"2018-04-27T07:59:37.000Z","volume":2000,"label":" ","price":7.28},{"type":"A","date":"2018-04-27T07:59:41.000Z","volume":3000,"label":" ","price":7.28},{"type":"A","date":"2018-04-27T07:59:44.000Z","volume":1500,"label":" ","price":7.28},{"type":"B","date":"2018-04-27T07:59:44.000Z","volume":3500,"label":" ","price":7.25},{"type":"A","date":"2018-04-27T07:59:44.000Z","volume":1500,"label":" ","price":7.28},{"type":"B","date":"2018-04-27T07:59:44.000Z","volume":36000,"label":" ","price":7.25},{"type":"A","date":"2018-04-27T07:59:44.000Z","volume":7000,"label":" ","price":7.28},{"type":"A","date":"2018-04-27T07:59:44.000Z","volume":1500,"label":" ","price":7.28},{"type":"A","date":"2018-04-27T07:59:44.000Z","volume":1500,"label":" ","price":7.28},{"type":"B","date":"2018-04-27T07:59:45.000Z","volume":500,"label":" ","price":7.25},{"type":"B","date":"2018-04-27T07:59:45.000Z","volume":12000,"label":" ","price":7.25},{"type":"B","date":"2018-04-27T07:59:45.000Z","volume":500,"label":" ","price":7.25},{"type":"B","date":"2018-04-27T07:59:45.000Z","volume":16500,"label":" ","price":7.25},{"type":"A","date":"2018-04-27T07:59:45.000Z","volume":168500,"label":" ","price":7.28},{"type":"B","date":"2018-04-27T07:59:46.000Z","volume":29000,"label":" ","price":7.25},{"type":"B","date":"2018-04-27T07:59:46.000Z","volume":4500,"label":" ","price":7.25},{"type":"B","date":"2018-04-27T07:59:46.000Z","volume":1000,"label":" ","price":7.25},{"type":"B","date":"2018-04-27T07:59:46.000Z","volume":500,"label":" ","price":7.25},{"type":"B","date":"2018-04-27T07:59:46.000Z","volume":500,"label":" ","price":7.25},{"type":"A","date":"2018-04-27T07:59:54.000Z","volume":10500,"label":" ","price":7.28},{"type":"A","date":"2018-04-27T07:59:55.000Z","volume":500,"label":" ","price":7.28},{"type":"A","date":"2018-04-27T07:59:59.000Z","volume":500,"label":" ","price":7.28}]