[{"type":"U","date":"2018-04-24T01:00:29.000Z","volume":100,"label":"P","price":33.8},{"type":"U","date":"2018-04-24T01:05:00.000Z","volume":44080,"label":"P","price":33.761},{"type":"U","date":"2018-04-24T01:05:00.000Z","volume":176320,"label":"P","price":33.76},{"type":"U","date":"2018-04-24T01:05:00.000Z","volume":150000,"label":"P","price":33.541},{"type":"U","date":"2018-04-24T01:20:00.000Z","volume":235800,"label":"U","price":34.1},{"type":"A","date":"2018-04-24T01:30:01.000Z","volume":200,"label":" ","price":34.1},{"type":"A","date":"2018-04-24T01:30:01.000Z","volume":600,"label":" ","price":34.1},{"type":"B","date":"2018-04-24T01:30:01.000Z","volume":600,"label":" ","price":33.9},{"type":"U","date":"2018-04-24T01:30:02.000Z","volume":160,"label":"D","price":34.15},{"type":"A","date":"2018-04-24T01:30:03.000Z","volume":7800,"label":" ","price":34.1},{"type":"U","date":"2018-04-24T01:30:05.000Z","volume":200,"label":"X","price":34.05},{"type":"B","date":"2018-04-24T01:30:06.000Z","volume":600,"label":" ","price":34.05},{"type":"B","date":"2018-04-24T01:30:06.000Z","volume":200,"label":" ","price":34.1},{"type":"A","date":"2018-04-24T01:30:08.000Z","volume":200,"label":" ","price":34.2},{"type":"U","date":"2018-04-24T01:30:08.000Z","volume":400,"label":"X","price":34.15},{"type":"U","date":"2018-04-24T01:30:09.000Z","volume":200,"label":"X","price":34.15},{"type":"U","date":"2018-04-24T01:30:09.000Z","volume":200,"label":"X","price":34.15},{"type":"U","date":"2018-04-24T01:30:12.000Z","volume":200,"label":"X","price":34.15},{"type":"A","date":"2018-04-24T01:30:13.000Z","volume":4200,"label":"Y","price":34.2},{"type":"A","date":"2018-04-24T01:30:13.000Z","volume":400,"label":" ","price":34.2},{"type":"U","date":"2018-04-24T01:30:16.000Z","volume":200,"label":"X","price":34.15},{"type":"U","date":"2018-04-24T01:30:17.000Z","volume":200,"label":"X","price":34.15},{"type":"U","date":"2018-04-24T01:30:19.000Z","volume":200,"label":"X","price":34.15},{"type":"U","date":"2018-04-24T01:30:21.000Z","volume":200,"label":"X","price":34.15},{"type":"U","date":"2018-04-24T01:30:23.000Z","volume":200,"label":"X","price":34.15},{"type":"U","date":"2018-04-24T01:30:25.000Z","volume":200,"label":"X","price":34.15},{"type":"U","date":"2018-04-24T01:30:27.000Z","volume":200,"label":"X","price":34.15},{"type":"U","date":"2018-04-24T01:30:29.000Z","volume":200,"label":"X","price":34.15},{"type":"U","date":"2018-04-24T01:30:35.000Z","volume":200,"label":" ","price":34.15},{"type":"U","date":"2018-04-24T01:30:37.000Z","volume":200,"label":"X","price":34.15},{"type":"B","date":"2018-04-24T01:31:01.000Z","volume":800,"label":" ","price":34.1},{"type":"A","date":"2018-04-24T01:31:09.000Z","volume":9000,"label":" ","price":34.15},{"type":"B","date":"2018-04-24T01:31:11.000Z","volume":2000,"label":" ","price":34.15},{"type":"A","date":"2018-04-24T01:31:13.000Z","volume":5800,"label":" ","price":34.2},{"type":"A","date":"2018-04-24T01:31:13.000Z","volume":43000,"label":" ","price":34.2},{"type":"A","date":"2018-04-24T01:31:13.000Z","volume":600,"label":" ","price":34.25},{"type":"A","date":"2018-04-24T01:31:14.000Z","volume":8600,"label":" ","price":34.3},{"type":"U","date":"2018-04-24T01:31:15.000Z","volume":200,"label":"X","price":34.25},{"type":"A","date":"2018-04-24T01:31:18.000Z","volume":400,"label":" ","price":34.3},{"type":"A","date":"2018-04-24T01:31:25.000Z","volume":1400,"label":" ","price":34.3},{"type":"A","date":"2018-04-24T01:31:25.000Z","volume":1200,"label":" ","price":34.3},{"type":"A","date":"2018-04-24T01:31:26.000Z","volume":1000,"label":" ","price":34.35},{"type":"A","date":"2018-04-24T01:31:30.000Z","volume":1000,"label":" ","price":34.35},{"type":"A","date":"2018-04-24T01:31:30.000Z","volume":22000,"label":" ","price":34.35},{"type":"A","date":"2018-04-24T01:31:30.000Z","volume":200,"label":" ","price":34.35},{"type":"A","date":"2018-04-24T01:31:30.000Z","volume":2000,"label":" ","price":34.4},{"type":"B","date":"2018-04-24T01:31:31.000Z","volume":1000,"label":" ","price":34.25},{"type":"U","date":"2018-04-24T01:31:35.000Z","volume":1800,"label":" ","price":34.3},{"type":"B","date":"2018-04-24T01:31:37.000Z","volume":5000,"label":" ","price":34.3},{"type":"A","date":"2018-04-24T01:31:37.000Z","volume":600,"label":" ","price":34.35},{"type":"U","date":"2018-04-24T01:32:00.000Z","volume":200,"label":" ","price":34.35},{"type":"B","date":"2018-04-24T01:32:02.000Z","volume":600,"label":" ","price":34.3},{"type":"U","date":"2018-04-24T01:32:07.000Z","volume":600,"label":" ","price":34.35},{"type":"B","date":"2018-04-24T01:32:07.000Z","volume":200,"label":" ","price":34.3},{"type":"A","date":"2018-04-24T01:32:08.000Z","volume":1000,"label":" ","price":34.35},{"type":"A","date":"2018-04-24T01:32:08.000Z","volume":400,"label":" ","price":34.35},{"type":"B","date":"2018-04-24T01:32:10.000Z","volume":200,"label":" ","price":34.3},{"type":"A","date":"2018-04-24T01:32:17.000Z","volume":1200,"label":" ","price":34.35},{"type":"A","date":"2018-04-24T01:32:17.000Z","volume":2000,"label":" ","price":34.35},{"type":"A","date":"2018-04-24T01:32:17.000Z","volume":1000,"label":" ","price":34.35},{"type":"A","date":"2018-04-24T01:32:17.000Z","volume":200,"label":" ","price":34.35},{"type":"A","date":"2018-04-24T01:32:26.000Z","volume":200,"label":" ","price":34.4},{"type":"B","date":"2018-04-24T01:32:46.000Z","volume":600,"label":" ","price":34.35},{"type":"A","date":"2018-04-24T01:32:46.000Z","volume":5600,"label":" ","price":34.4},{"type":"A","date":"2018-04-24T01:32:51.000Z","volume":30000,"label":" ","price":34.4},{"type":"A","date":"2018-04-24T01:32:51.000Z","volume":21200,"label":" ","price":34.4},{"type":"A","date":"2018-04-24T01:32:51.000Z","volume":200,"label":" ","price":34.45},{"type":"A","date":"2018-04-24T01:32:52.000Z","volume":4000,"label":" ","price":34.45},{"type":"A","date":"2018-04-24T01:32:52.000Z","volume":7400,"label":" ","price":34.5},{"type":"A","date":"2018-04-24T01:32:52.000Z","volume":17600,"label":" ","price":34.5},{"type":"A","date":"2018-04-24T01:32:52.000Z","volume":9000,"label":" ","price":34.5},{"type":"A","date":"2018-04-24T01:32:53.000Z","volume":3400,"label":" ","price":34.55},{"type":"A","date":"2018-04-24T01:32:53.000Z","volume":800,"label":" ","price":34.55},{"type":"U","date":"2018-04-24T01:32:54.000Z","volume":200,"label":" ","price":34.5},{"type":"B","date":"2018-04-24T01:33:03.000Z","volume":800,"label":" ","price":34.45},{"type":"U","date":"2018-04-24T01:33:03.000Z","volume":200,"label":"X","price":34.5},{"type":"B","date":"2018-04-24T01:33:12.000Z","volume":5000,"label":" ","price":34.45},{"type":"B","date":"2018-04-24T01:33:23.000Z","volume":96400,"label":" ","price":34.45},{"type":"B","date":"2018-04-24T01:33:23.000Z","volume":5000,"label":" ","price":34.4},{"type":"B","date":"2018-04-24T01:33:23.000Z","volume":1000,"label":" ","price":34.45},{"type":"B","date":"2018-04-24T01:33:23.000Z","volume":12000,"label":" ","price":34.45},{"type":"B","date":"2018-04-24T01:33:23.000Z","volume":3800,"label":" ","price":34.45},{"type":"B","date":"2018-04-24T01:33:23.000Z","volume":2200,"label":" ","price":34.45},{"type":"B","date":"2018-04-24T01:33:24.000Z","volume":5000,"label":" ","price":34.35},{"type":"B","date":"2018-04-24T01:34:03.000Z","volume":600,"label":" ","price":34.2},{"type":"U","date":"2018-04-24T01:34:32.000Z","volume":200,"label":" ","price":34.3},{"type":"A","date":"2018-04-24T01:34:33.000Z","volume":1200,"label":" ","price":34.35},{"type":"B","date":"2018-04-24T01:35:03.000Z","volume":600,"label":" ","price":34.25},{"type":"B","date":"2018-04-24T01:35:22.000Z","volume":8000,"label":" ","price":34.25},{"type":"B","date":"2018-04-24T01:35:43.000Z","volume":200,"label":" ","price":34.35},{"type":"B","date":"2018-04-24T01:35:45.000Z","volume":200,"label":" ","price":34.35},{"type":"B","date":"2018-04-24T01:36:03.000Z","volume":800,"label":" ","price":34.3},{"type":"B","date":"2018-04-24T01:36:22.000Z","volume":29800,"label":" ","price":34.35},{"type":"B","date":"2018-04-24T01:36:22.000Z","volume":2200,"label":" ","price":34.35},{"type":"B","date":"2018-04-24T01:36:22.000Z","volume":3400,"label":" ","price":34.35},{"type":"A","date":"2018-04-24T01:36:22.000Z","volume":200,"label":" ","price":34.35},{"type":"A","date":"2018-04-24T01:36:22.000Z","volume":400,"label":" ","price":34.35},{"type":"A","date":"2018-04-24T01:36:25.000Z","volume":29200,"label":" ","price":34.35},{"type":"A","date":"2018-04-24T01:36:27.000Z","volume":4000,"label":" ","price":34.4},{"type":"A","date":"2018-04-24T01:36:28.000Z","volume":2000,"label":" ","price":34.45},{"type":"B","date":"2018-04-24T01:36:30.000Z","volume":200,"label":" ","price":34.35},{"type":"B","date":"2018-04-24T01:37:04.000Z","volume":600,"label":" ","price":34.35},{"type":"A","date":"2018-04-24T01:37:04.000Z","volume":21800,"label":" ","price":34.45},{"type":"B","date":"2018-04-24T01:37:05.000Z","volume":7800,"label":" ","price":34.45},{"type":"B","date":"2018-04-24T01:38:04.000Z","volume":800,"label":" ","price":34.4},{"type":"U","date":"2018-04-24T01:38:14.000Z","volume":1000,"label":" ","price":34.45},{"type":"A","date":"2018-04-24T01:38:14.000Z","volume":1200,"label":" ","price":34.45},{"type":"A","date":"2018-04-24T01:38:15.000Z","volume":20600,"label":" ","price":34.45},{"type":"B","date":"2018-04-24T01:38:17.000Z","volume":200,"label":" ","price":34.45},{"type":"A","date":"2018-04-24T01:38:35.000Z","volume":41600,"label":" ","price":34.5},{"type":"A","date":"2018-04-24T01:38:36.000Z","volume":16800,"label":" ","price":34.5},{"type":"A","date":"2018-04-24T01:38:37.000Z","volume":2600,"label":" ","price":34.5},{"type":"A","date":"2018-04-24T01:38:39.000Z","volume":800,"label":"Y","price":34.5},{"type":"A","date":"2018-04-24T01:38:39.000Z","volume":14800,"label":" ","price":34.5},{"type":"A","date":"2018-04-24T01:38:39.000Z","volume":17400,"label":" ","price":34.5},{"type":"A","date":"2018-04-24T01:38:39.000Z","volume":3200,"label":" ","price":34.5},{"type":"B","date":"2018-04-24T01:38:49.000Z","volume":600,"label":" ","price":34.5},{"type":"A","date":"2018-04-24T01:38:54.000Z","volume":1000,"label":" ","price":34.55},{"type":"U","date":"2018-04-24T01:38:54.000Z","volume":600,"label":"X","price":34.525},{"type":"A","date":"2018-04-24T01:39:00.000Z","volume":2800,"label":" ","price":34.55},{"type":"A","date":"2018-04-24T01:39:03.000Z","volume":400,"label":" ","price":34.55},{"type":"B","date":"2018-04-24T01:39:05.000Z","volume":600,"label":" ","price":34.5},{"type":"A","date":"2018-04-24T01:39:08.000Z","volume":600,"label":" ","price":34.55},{"type":"A","date":"2018-04-24T01:39:11.000Z","volume":400,"label":" ","price":34.55},{"type":"A","date":"2018-04-24T01:39:13.000Z","volume":2000,"label":" ","price":34.55},{"type":"A","date":"2018-04-24T01:39:14.000Z","volume":400,"label":" ","price":34.55},{"type":"A","date":"2018-04-24T01:39:17.000Z","volume":400,"label":" ","price":34.55},{"type":"A","date":"2018-04-24T01:39:19.000Z","volume":1000,"label":" ","price":34.55},{"type":"A","date":"2018-04-24T01:39:20.000Z","volume":400,"label":"Y","price":34.55},{"type":"A","date":"2018-04-24T01:39:25.000Z","volume":600,"label":"Y","price":34.55},{"type":"A","date":"2018-04-24T01:39:28.000Z","volume":400,"label":"Y","price":34.55},{"type":"A","date":"2018-04-24T01:39:31.000Z","volume":400,"label":"Y","price":34.55},{"type":"A","date":"2018-04-24T01:39:34.000Z","volume":400,"label":"Y","price":34.55},{"type":"A","date":"2018-04-24T01:39:38.000Z","volume":600,"label":"Y","price":34.55},{"type":"A","date":"2018-04-24T01:39:43.000Z","volume":600,"label":"Y","price":34.55},{"type":"A","date":"2018-04-24T01:39:47.000Z","volume":400,"label":"Y","price":34.55},{"type":"A","date":"2018-04-24T01:39:49.000Z","volume":400,"label":"Y","price":34.55},{"type":"A","date":"2018-04-24T01:39:52.000Z","volume":12200,"label":" ","price":34.55},{"type":"A","date":"2018-04-24T01:39:58.000Z","volume":200,"label":" ","price":34.6},{"type":"B","date":"2018-04-24T01:40:05.000Z","volume":600,"label":" ","price":34.55},{"type":"B","date":"2018-04-24T01:40:06.000Z","volume":39000,"label":" ","price":34.55},{"type":"B","date":"2018-04-24T01:40:06.000Z","volume":97600,"label":" ","price":34.55},{"type":"B","date":"2018-04-24T01:40:06.000Z","volume":8000,"label":" ","price":34.55},{"type":"B","date":"2018-04-24T01:40:06.000Z","volume":9400,"label":" ","price":34.55},{"type":"B","date":"2018-04-24T01:40:07.000Z","volume":9000,"label":" ","price":34.5},{"type":"A","date":"2018-04-24T01:40:36.000Z","volume":1800,"label":" ","price":34.55},{"type":"B","date":"2018-04-24T01:40:37.000Z","volume":9400,"label":" ","price":34.5},{"type":"A","date":"2018-04-24T01:40:37.000Z","volume":200,"label":" ","price":34.55},{"type":"U","date":"2018-04-24T01:40:42.000Z","volume":100,"label":"D","price":34},{"type":"B","date":"2018-04-24T01:40:42.000Z","volume":200,"label":" ","price":34.5},{"type":"A","date":"2018-04-24T01:40:51.000Z","volume":1000,"label":" ","price":34.55},{"type":"A","date":"2018-04-24T01:41:05.000Z","volume":400,"label":" ","price":34.55},{"type":"B","date":"2018-04-24T01:41:05.000Z","volume":800,"label":" ","price":34.5},{"type":"A","date":"2018-04-24T01:41:08.000Z","volume":400,"label":" ","price":34.55},{"type":"A","date":"2018-04-24T01:41:11.000Z","volume":400,"label":" ","price":34.55},{"type":"A","date":"2018-04-24T01:41:13.000Z","volume":8000,"label":" ","price":34.55},{"type":"B","date":"2018-04-24T01:41:13.000Z","volume":600,"label":" ","price":34.5},{"type":"A","date":"2018-04-24T01:41:14.000Z","volume":400,"label":"Y","price":34.55},{"type":"A","date":"2018-04-24T01:41:19.000Z","volume":400,"label":"Y","price":34.55},{"type":"A","date":"2018-04-24T01:41:22.000Z","volume":600,"label":"Y","price":34.55},{"type":"A","date":"2018-04-24T01:41:23.000Z","volume":3000,"label":" ","price":34.55},{"type":"A","date":"2018-04-24T01:41:25.000Z","volume":400,"label":"Y","price":34.55},{"type":"A","date":"2018-04-24T01:41:30.000Z","volume":600,"label":"Y","price":34.55},{"type":"A","date":"2018-04-24T01:41:34.000Z","volume":400,"label":"Y","price":34.55},{"type":"A","date":"2018-04-24T01:41:38.000Z","volume":1600,"label":" ","price":34.55},{"type":"A","date":"2018-04-24T01:41:38.000Z","volume":600,"label":" ","price":34.55},{"type":"A","date":"2018-04-24T01:41:54.000Z","volume":2000,"label":" ","price":34.55},{"type":"A","date":"2018-04-24T01:42:01.000Z","volume":800,"label":" ","price":34.55},{"type":"B","date":"2018-04-24T01:42:05.000Z","volume":600,"label":" ","price":34.5},{"type":"A","date":"2018-04-24T01:42:06.000Z","volume":5800,"label":" ","price":34.55},{"type":"A","date":"2018-04-24T01:42:07.000Z","volume":800,"label":"Y","price":34.55},{"type":"A","date":"2018-04-24T01:42:11.000Z","volume":600,"label":"Y","price":34.55},{"type":"A","date":"2018-04-24T01:42:15.000Z","volume":400,"label":" ","price":34.55},{"type":"A","date":"2018-04-24T01:42:16.000Z","volume":600,"label":"Y","price":34.55},{"type":"A","date":"2018-04-24T01:42:20.000Z","volume":400,"label":"Y","price":34.55},{"type":"A","date":"2018-04-24T01:42:25.000Z","volume":600,"label":"Y","price":34.55},{"type":"B","date":"2018-04-24T01:42:25.000Z","volume":1000,"label":" ","price":34.5},{"type":"B","date":"2018-04-24T01:42:51.000Z","volume":25000,"label":" ","price":34.5},{"type":"B","date":"2018-04-24T01:42:51.000Z","volume":5800,"label":"Y","price":34.5},{"type":"B","date":"2018-04-24T01:42:51.000Z","volume":62200,"label":" ","price":34.5},{"type":"B","date":"2018-04-24T01:42:51.000Z","volume":16600,"label":" ","price":34.5},{"type":"B","date":"2018-04-24T01:42:51.000Z","volume":2000,"label":" ","price":34.5},{"type":"B","date":"2018-04-24T01:42:51.000Z","volume":16000,"label":" ","price":34.45},{"type":"B","date":"2018-04-24T01:42:51.000Z","volume":1200,"label":" ","price":34.5},{"type":"B","date":"2018-04-24T01:42:51.000Z","volume":3600,"label":" ","price":34.45},{"type":"A","date":"2018-04-24T01:43:00.000Z","volume":5000,"label":" ","price":34.45},{"type":"A","date":"2018-04-24T01:43:02.000Z","volume":22200,"label":" ","price":34.5},{"type":"A","date":"2018-04-24T01:43:02.000Z","volume":600,"label":" ","price":34.5},{"type":"B","date":"2018-04-24T01:43:02.000Z","volume":200,"label":" ","price":34.5},{"type":"B","date":"2018-04-24T01:43:06.000Z","volume":800,"label":" ","price":34.45},{"type":"B","date":"2018-04-24T01:43:09.000Z","volume":600,"label":" ","price":34.45},{"type":"U","date":"2018-04-24T01:43:21.000Z","volume":2000,"label":" ","price":34.5},{"type":"U","date":"2018-04-24T01:43:26.000Z","volume":200,"label":" ","price":34.5},{"type":"A","date":"2018-04-24T01:43:34.000Z","volume":9000,"label":" ","price":34.55},{"type":"A","date":"2018-04-24T01:43:35.000Z","volume":800,"label":" ","price":34.55},{"type":"A","date":"2018-04-24T01:43:36.000Z","volume":400,"label":" ","price":34.55},{"type":"A","date":"2018-04-24T01:43:36.000Z","volume":400,"label":" ","price":34.55},{"type":"A","date":"2018-04-24T01:43:37.000Z","volume":800,"label":" ","price":34.55},{"type":"B","date":"2018-04-24T01:43:38.000Z","volume":17800,"label":" ","price":34.5},{"type":"B","date":"2018-04-24T01:43:38.000Z","volume":2200,"label":" ","price":34.5},{"type":"A","date":"2018-04-24T01:43:40.000Z","volume":800,"label":" ","price":34.55},{"type":"A","date":"2018-04-24T01:43:41.000Z","volume":600,"label":" ","price":34.55},{"type":"A","date":"2018-04-24T01:43:42.000Z","volume":200,"label":" ","price":34.55},{"type":"A","date":"2018-04-24T01:43:42.000Z","volume":2200,"label":" ","price":34.55},{"type":"A","date":"2018-04-24T01:43:43.000Z","volume":1800,"label":" ","price":34.6},{"type":"A","date":"2018-04-24T01:43:44.000Z","volume":400,"label":" ","price":34.6},{"type":"A","date":"2018-04-24T01:44:01.000Z","volume":51200,"label":" ","price":34.6},{"type":"A","date":"2018-04-24T01:44:01.000Z","volume":4000,"label":" ","price":34.6},{"type":"A","date":"2018-04-24T01:44:02.000Z","volume":3400,"label":" ","price":34.65},{"type":"B","date":"2018-04-24T01:44:06.000Z","volume":600,"label":" ","price":34.6},{"type":"A","date":"2018-04-24T01:44:14.000Z","volume":200,"label":" ","price":34.65},{"type":"A","date":"2018-04-24T01:44:18.000Z","volume":200,"label":" ","price":34.65},{"type":"B","date":"2018-04-24T01:44:18.000Z","volume":200,"label":" ","price":34.6},{"type":"A","date":"2018-04-24T01:44:20.000Z","volume":200,"label":" ","price":34.65},{"type":"B","date":"2018-04-24T01:44:47.000Z","volume":2000,"label":" ","price":34.6},{"type":"A","date":"2018-04-24T01:44:56.000Z","volume":32600,"label":" ","price":34.65},{"type":"A","date":"2018-04-24T01:44:56.000Z","volume":8600,"label":" ","price":34.65},{"type":"A","date":"2018-04-24T01:44:56.000Z","volume":8200,"label":" ","price":34.65},{"type":"A","date":"2018-04-24T01:44:56.000Z","volume":3600,"label":" ","price":34.65},{"type":"B","date":"2018-04-24T01:45:07.000Z","volume":600,"label":" ","price":34.6},{"type":"B","date":"2018-04-24T01:45:23.000Z","volume":3600,"label":" ","price":34.65},{"type":"A","date":"2018-04-24T01:45:23.000Z","volume":11800,"label":" ","price":34.65},{"type":"A","date":"2018-04-24T01:45:28.000Z","volume":400,"label":" ","price":34.65},{"type":"A","date":"2018-04-24T01:45:29.000Z","volume":2200,"label":" ","price":34.65},{"type":"B","date":"2018-04-24T01:45:33.000Z","volume":600,"label":" ","price":34.6},{"type":"A","date":"2018-04-24T01:45:35.000Z","volume":400,"label":" ","price":34.65},{"type":"A","date":"2018-04-24T01:45:39.000Z","volume":600,"label":" ","price":34.65},{"type":"A","date":"2018-04-24T01:45:44.000Z","volume":400,"label":" ","price":34.65},{"type":"A","date":"2018-04-24T01:45:47.000Z","volume":400,"label":" ","price":34.65},{"type":"A","date":"2018-04-24T01:45:51.000Z","volume":400,"label":" ","price":34.65},{"type":"A","date":"2018-04-24T01:45:54.000Z","volume":1000,"label":" ","price":34.65},{"type":"A","date":"2018-04-24T01:45:56.000Z","volume":400,"label":" ","price":34.65},{"type":"A","date":"2018-04-24T01:45:56.000Z","volume":200,"label":" ","price":34.65},{"type":"A","date":"2018-04-24T01:46:00.000Z","volume":400,"label":" ","price":34.65},{"type":"A","date":"2018-04-24T01:46:05.000Z","volume":400,"label":" ","price":34.65},{"type":"B","date":"2018-04-24T01:46:07.000Z","volume":800,"label":" ","price":34.6},{"type":"A","date":"2018-04-24T01:46:11.000Z","volume":400,"label":" ","price":34.65},{"type":"A","date":"2018-04-24T01:46:16.000Z","volume":400,"label":" ","price":34.65},{"type":"A","date":"2018-04-24T01:46:20.000Z","volume":400,"label":" ","price":34.65},{"type":"A","date":"2018-04-24T01:46:21.000Z","volume":10600,"label":" ","price":34.65},{"type":"A","date":"2018-04-24T01:46:22.000Z","volume":11000,"label":" ","price":34.65},{"type":"A","date":"2018-04-24T01:46:22.000Z","volume":1400,"label":" ","price":34.65},{"type":"A","date":"2018-04-24T01:46:22.000Z","volume":1200,"label":" ","price":34.7},{"type":"B","date":"2018-04-24T01:46:22.000Z","volume":1000,"label":" ","price":34.65},{"type":"B","date":"2018-04-24T01:46:43.000Z","volume":200,"label":" ","price":34.65},{"type":"A","date":"2018-04-24T01:46:54.000Z","volume":200,"label":"Y","price":34.7},{"type":"A","date":"2018-04-24T01:47:00.000Z","volume":200,"label":"Y","price":34.7},{"type":"A","date":"2018-04-24T01:47:01.000Z","volume":200,"label":"Y","price":34.7},{"type":"A","date":"2018-04-24T01:47:03.000Z","volume":2200,"label":"Y","price":34.7},{"type":"A","date":"2018-04-24T01:47:05.000Z","volume":400,"label":"Y","price":34.7},{"type":"A","date":"2018-04-24T01:47:06.000Z","volume":200,"label":"Y","price":34.7},{"type":"B","date":"2018-04-24T01:47:07.000Z","volume":600,"label":" ","price":34.65},{"type":"A","date":"2018-04-24T01:47:09.000Z","volume":200,"label":" ","price":34.7},{"type":"A","date":"2018-04-24T01:47:17.000Z","volume":200,"label":"Y","price":34.7},{"type":"B","date":"2018-04-24T01:48:01.000Z","volume":200,"label":" ","price":34.65},{"type":"B","date":"2018-04-24T01:48:07.000Z","volume":800,"label":" ","price":34.65},{"type":"A","date":"2018-04-24T01:48:13.000Z","volume":50000,"label":" ","price":34.7},{"type":"A","date":"2018-04-24T01:48:14.000Z","volume":2400,"label":" ","price":34.7},{"type":"A","date":"2018-04-24T01:48:14.000Z","volume":1400,"label":" ","price":34.7},{"type":"A","date":"2018-04-24T01:48:14.000Z","volume":10000,"label":" ","price":34.7},{"type":"A","date":"2018-04-24T01:48:18.000Z","volume":400,"label":" ","price":34.7},{"type":"A","date":"2018-04-24T01:48:19.000Z","volume":600,"label":" ","price":34.7},{"type":"A","date":"2018-04-24T01:48:22.000Z","volume":400,"label":" ","price":34.7},{"type":"A","date":"2018-04-24T01:48:27.000Z","volume":400,"label":" ","price":34.7},{"type":"A","date":"2018-04-24T01:48:31.000Z","volume":400,"label":" ","price":34.7},{"type":"A","date":"2018-04-24T01:48:31.000Z","volume":4000,"label":" ","price":34.7},{"type":"A","date":"2018-04-24T01:48:34.000Z","volume":200,"label":" ","price":34.75},{"type":"U","date":"2018-04-24T01:48:44.000Z","volume":2000,"label":" ","price":34.7},{"type":"A","date":"2018-04-24T01:49:04.000Z","volume":20000,"label":" ","price":34.7},{"type":"U","date":"2018-04-24T01:49:05.000Z","volume":600,"label":" ","price":34.7},{"type":"A","date":"2018-04-24T01:49:05.000Z","volume":200,"label":" ","price":34.7},{"type":"B","date":"2018-04-24T01:49:05.000Z","volume":2000,"label":" ","price":34.7},{"type":"A","date":"2018-04-24T01:49:05.000Z","volume":600,"label":" ","price":34.75},{"type":"B","date":"2018-04-24T01:49:05.000Z","volume":200,"label":" ","price":34.7},{"type":"A","date":"2018-04-24T01:49:07.000Z","volume":600,"label":" ","price":34.75},{"type":"B","date":"2018-04-24T01:49:07.000Z","volume":600,"label":" ","price":34.7},{"type":"B","date":"2018-04-24T01:49:16.000Z","volume":3200,"label":" ","price":34.7},{"type":"A","date":"2018-04-24T01:49:19.000Z","volume":10000,"label":" ","price":34.75},{"type":"A","date":"2018-04-24T01:49:19.000Z","volume":13200,"label":" ","price":34.75},{"type":"A","date":"2018-04-24T01:49:19.000Z","volume":3400,"label":"Y","price":34.75},{"type":"A","date":"2018-04-24T01:49:19.000Z","volume":800,"label":" ","price":34.75},{"type":"A","date":"2018-04-24T01:49:25.000Z","volume":400,"label":"Y","price":34.75},{"type":"A","date":"2018-04-24T01:49:27.000Z","volume":400,"label":"Y","price":34.75},{"type":"B","date":"2018-04-24T01:49:28.000Z","volume":200,"label":" ","price":34.7},{"type":"A","date":"2018-04-24T01:49:36.000Z","volume":200,"label":" ","price":34.75},{"type":"A","date":"2018-04-24T01:49:38.000Z","volume":200,"label":" ","price":34.75},{"type":"A","date":"2018-04-24T01:49:59.000Z","volume":2800,"label":"Y","price":34.75},{"type":"A","date":"2018-04-24T01:50:01.000Z","volume":200,"label":" ","price":34.75},{"type":"A","date":"2018-04-24T01:50:02.000Z","volume":200,"label":" ","price":34.75},{"type":"A","date":"2018-04-24T01:50:02.000Z","volume":12200,"label":" ","price":34.75},{"type":"A","date":"2018-04-24T01:50:02.000Z","volume":38400,"label":" ","price":34.75},{"type":"U","date":"2018-04-24T01:50:03.000Z","volume":200,"label":" ","price":34.75},{"type":"B","date":"2018-04-24T01:50:07.000Z","volume":600,"label":" ","price":34.75},{"type":"B","date":"2018-04-24T01:51:07.000Z","volume":39000,"label":" ","price":34.75},{"type":"B","date":"2018-04-24T01:51:07.000Z","volume":88400,"label":" ","price":34.75},{"type":"B","date":"2018-04-24T01:51:07.000Z","volume":1800,"label":" ","price":34.7},{"type":"B","date":"2018-04-24T01:51:07.000Z","volume":1600,"label":" ","price":34.75},{"type":"B","date":"2018-04-24T01:51:07.000Z","volume":6200,"label":" ","price":34.75},{"type":"B","date":"2018-04-24T01:51:07.000Z","volume":8000,"label":" ","price":34.75},{"type":"A","date":"2018-04-24T01:51:08.000Z","volume":600,"label":" ","price":34.7},{"type":"B","date":"2018-04-24T01:51:09.000Z","volume":600,"label":" ","price":34.65},{"type":"A","date":"2018-04-24T01:51:09.000Z","volume":10000,"label":" ","price":34.7},{"type":"A","date":"2018-04-24T01:51:59.000Z","volume":31200,"label":" ","price":34.65},{"type":"A","date":"2018-04-24T01:51:59.000Z","volume":2000,"label":" ","price":34.65},{"type":"A","date":"2018-04-24T01:51:59.000Z","volume":5800,"label":" ","price":34.65},{"type":"B","date":"2018-04-24T01:52:02.000Z","volume":200,"label":" ","price":34.65},{"type":"B","date":"2018-04-24T01:52:09.000Z","volume":600,"label":" ","price":34.65},{"type":"A","date":"2018-04-24T01:52:16.000Z","volume":400,"label":" ","price":34.7},{"type":"A","date":"2018-04-24T01:53:07.000Z","volume":25000,"label":" ","price":34.7},{"type":"B","date":"2018-04-24T01:53:09.000Z","volume":800,"label":" ","price":34.7},{"type":"B","date":"2018-04-24T01:53:10.000Z","volume":6200,"label":" ","price":34.7},{"type":"A","date":"2018-04-24T01:53:11.000Z","volume":2000,"label":" ","price":34.75},{"type":"A","date":"2018-04-24T01:53:14.000Z","volume":400,"label":" ","price":34.75},{"type":"A","date":"2018-04-24T01:53:18.000Z","volume":400,"label":" ","price":34.75},{"type":"A","date":"2018-04-24T01:53:23.000Z","volume":400,"label":" ","price":34.75},{"type":"A","date":"2018-04-24T01:53:23.000Z","volume":2800,"label":" ","price":34.75},{"type":"U","date":"2018-04-24T01:53:24.000Z","volume":10000,"label":" ","price":34.75},{"type":"A","date":"2018-04-24T01:53:26.000Z","volume":400,"label":" ","price":34.75},{"type":"A","date":"2018-04-24T01:53:31.000Z","volume":400,"label":" ","price":34.75},{"type":"A","date":"2018-04-24T01:53:36.000Z","volume":600,"label":" ","price":34.75},{"type":"A","date":"2018-04-24T01:53:40.000Z","volume":400,"label":" ","price":34.75},{"type":"A","date":"2018-04-24T01:53:44.000Z","volume":400,"label":" ","price":34.75},{"type":"A","date":"2018-04-24T01:53:47.000Z","volume":400,"label":" ","price":34.75},{"type":"A","date":"2018-04-24T01:53:47.000Z","volume":4200,"label":" ","price":34.75},{"type":"U","date":"2018-04-24T01:53:53.000Z","volume":2000,"label":" ","price":34.75},{"type":"B","date":"2018-04-24T01:53:57.000Z","volume":2400,"label":" ","price":34.75},{"type":"A","date":"2018-04-24T01:53:58.000Z","volume":200,"label":" ","price":34.75},{"type":"B","date":"2018-04-24T01:54:00.000Z","volume":600,"label":" ","price":34.75},{"type":"B","date":"2018-04-24T01:54:00.000Z","volume":200,"label":" ","price":34.75},{"type":"A","date":"2018-04-24T01:54:08.000Z","volume":1000,"label":" ","price":34.75},{"type":"B","date":"2018-04-24T01:54:09.000Z","volume":600,"label":" ","price":34.7},{"type":"A","date":"2018-04-24T01:54:13.000Z","volume":400,"label":" ","price":34.75},{"type":"A","date":"2018-04-24T01:54:30.000Z","volume":1800,"label":" ","price":34.75},{"type":"A","date":"2018-04-24T01:54:34.000Z","volume":400,"label":" ","price":34.75},{"type":"A","date":"2018-04-24T01:54:38.000Z","volume":400,"label":" ","price":34.75},{"type":"A","date":"2018-04-24T01:54:42.000Z","volume":400,"label":" ","price":34.75},{"type":"B","date":"2018-04-24T01:55:09.000Z","volume":600,"label":" ","price":34.75},{"type":"B","date":"2018-04-24T01:55:36.000Z","volume":60000,"label":" ","price":34.75},{"type":"B","date":"2018-04-24T01:55:38.000Z","volume":6800,"label":" ","price":34.75},{"type":"B","date":"2018-04-24T01:55:38.000Z","volume":12600,"label":" ","price":34.75},{"type":"B","date":"2018-04-24T01:55:38.000Z","volume":13000,"label":" ","price":34.75},{"type":"B","date":"2018-04-24T01:55:38.000Z","volume":15800,"label":" ","price":34.75},{"type":"B","date":"2018-04-24T01:55:39.000Z","volume":11600,"label":" ","price":34.7},{"type":"B","date":"2018-04-24T01:55:39.000Z","volume":2200,"label":" ","price":34.7},{"type":"B","date":"2018-04-24T01:55:40.000Z","volume":2000,"label":" ","price":34.7},{"type":"B","date":"2018-04-24T01:55:41.000Z","volume":4800,"label":" ","price":34.7},{"type":"B","date":"2018-04-24T01:55:41.000Z","volume":4400,"label":" ","price":34.7},{"type":"U","date":"2018-04-24T01:55:41.000Z","volume":1800,"label":" ","price":34.7},{"type":"U","date":"2018-04-24T01:55:41.000Z","volume":800,"label":" ","price":34.7},{"type":"B","date":"2018-04-24T01:55:42.000Z","volume":600,"label":" ","price":34.7},{"type":"B","date":"2018-04-24T01:55:43.000Z","volume":400,"label":" ","price":34.7},{"type":"B","date":"2018-04-24T01:55:45.000Z","volume":400,"label":" ","price":34.65},{"type":"A","date":"2018-04-24T01:55:52.000Z","volume":16600,"label":" ","price":34.75},{"type":"A","date":"2018-04-24T01:55:52.000Z","volume":9200,"label":" ","price":34.75},{"type":"B","date":"2018-04-24T01:55:53.000Z","volume":200,"label":" ","price":34.7},{"type":"A","date":"2018-04-24T01:55:53.000Z","volume":15000,"label":" ","price":34.75},{"type":"A","date":"2018-04-24T01:55:53.000Z","volume":6800,"label":" ","price":34.75},{"type":"B","date":"2018-04-24T01:55:56.000Z","volume":2000,"label":" ","price":34.75},{"type":"B","date":"2018-04-24T01:56:09.000Z","volume":800,"label":" ","price":34.75},{"type":"B","date":"2018-04-24T01:56:12.000Z","volume":600,"label":" ","price":34.75},{"type":"B","date":"2018-04-24T01:56:21.000Z","volume":2000,"label":" ","price":34.75},{"type":"B","date":"2018-04-24T01:56:22.000Z","volume":20400,"label":" ","price":34.75},{"type":"B","date":"2018-04-24T01:56:22.000Z","volume":200,"label":" ","price":34.75},{"type":"A","date":"2018-04-24T01:56:22.000Z","volume":26000,"label":" ","price":34.8},{"type":"B","date":"2018-04-24T01:56:24.000Z","volume":10000,"label":" ","price":34.75},{"type":"B","date":"2018-04-24T01:56:24.000Z","volume":400,"label":" ","price":34.75},{"type":"B","date":"2018-04-24T01:56:25.000Z","volume":2400,"label":" ","price":34.75},{"type":"B","date":"2018-04-24T01:56:25.000Z","volume":400,"label":" ","price":34.7},{"type":"A","date":"2018-04-24T01:56:26.000Z","volume":400,"label":" ","price":34.75},{"type":"A","date":"2018-04-24T01:56:26.000Z","volume":3000,"label":" ","price":34.75},{"type":"A","date":"2018-04-24T01:56:30.000Z","volume":7200,"label":" ","price":34.8},{"type":"B","date":"2018-04-24T01:56:31.000Z","volume":800,"label":" ","price":34.75},{"type":"A","date":"2018-04-24T01:56:39.000Z","volume":200,"label":" ","price":34.8},{"type":"A","date":"2018-04-24T01:56:40.000Z","volume":800,"label":" ","price":34.8},{"type":"A","date":"2018-04-24T01:56:54.000Z","volume":12200,"label":" ","price":34.8},{"type":"U","date":"2018-04-24T01:56:56.000Z","volume":9200,"label":" ","price":34.8},{"type":"U","date":"2018-04-24T01:56:58.000Z","volume":1200,"label":" ","price":34.8},{"type":"A","date":"2018-04-24T01:56:59.000Z","volume":1000,"label":" ","price":34.8},{"type":"U","date":"2018-04-24T01:56:59.000Z","volume":400,"label":" ","price":34.8},{"type":"B","date":"2018-04-24T01:57:09.000Z","volume":600,"label":" ","price":34.75},{"type":"U","date":"2018-04-24T01:57:11.000Z","volume":200,"label":" ","price":34.8},{"type":"B","date":"2018-04-24T01:57:14.000Z","volume":400,"label":" ","price":34.8},{"type":"A","date":"2018-04-24T01:57:30.000Z","volume":45600,"label":" ","price":34.85},{"type":"A","date":"2018-04-24T01:57:30.000Z","volume":8800,"label":" ","price":34.85},{"type":"A","date":"2018-04-24T01:57:30.000Z","volume":2200,"label":" ","price":34.85},{"type":"B","date":"2018-04-24T01:57:40.000Z","volume":4000,"label":" ","price":34.8},{"type":"U","date":"2018-04-24T01:58:03.000Z","volume":3400,"label":" ","price":34.85},{"type":"B","date":"2018-04-24T01:58:10.000Z","volume":800,"label":" ","price":34.8},{"type":"A","date":"2018-04-24T01:58:31.000Z","volume":34600,"label":" ","price":34.9},{"type":"B","date":"2018-04-24T01:58:31.000Z","volume":6600,"label":" ","price":34.9},{"type":"A","date":"2018-04-24T01:58:37.000Z","volume":7000,"label":" ","price":34.95},{"type":"A","date":"2018-04-24T01:58:37.000Z","volume":18800,"label":" ","price":34.95},{"type":"A","date":"2018-04-24T01:58:37.000Z","volume":14200,"label":" ","price":34.95},{"type":"A","date":"2018-04-24T01:58:37.000Z","volume":4200,"label":" ","price":34.95},{"type":"B","date":"2018-04-24T01:58:41.000Z","volume":400,"label":" ","price":34.95},{"type":"B","date":"2018-04-24T01:58:54.000Z","volume":600,"label":" ","price":34.95},{"type":"A","date":"2018-04-24T01:59:08.000Z","volume":50000,"label":" ","price":35},{"type":"A","date":"2018-04-24T01:59:08.000Z","volume":10600,"label":" ","price":35},{"type":"A","date":"2018-04-24T01:59:08.000Z","volume":4200,"label":" ","price":35},{"type":"A","date":"2018-04-24T01:59:08.000Z","volume":7200,"label":" ","price":35},{"type":"A","date":"2018-04-24T01:59:08.000Z","volume":800,"label":" ","price":35},{"type":"B","date":"2018-04-24T01:59:09.000Z","volume":15200,"label":" ","price":35},{"type":"U","date":"2018-04-24T01:59:09.000Z","volume":3000,"label":" ","price":35},{"type":"A","date":"2018-04-24T01:59:10.000Z","volume":10600,"label":" ","price":35},{"type":"B","date":"2018-04-24T01:59:11.000Z","volume":600,"label":" ","price":34.95},{"type":"U","date":"2018-04-24T01:59:11.000Z","volume":8200,"label":" ","price":35},{"type":"U","date":"2018-04-24T01:59:12.000Z","volume":1000,"label":" ","price":35},{"type":"U","date":"2018-04-24T01:59:13.000Z","volume":1000,"label":" ","price":35},{"type":"A","date":"2018-04-24T01:59:33.000Z","volume":1400,"label":" ","price":35},{"type":"A","date":"2018-04-24T01:59:34.000Z","volume":800,"label":" ","price":35},{"type":"B","date":"2018-04-24T01:59:34.000Z","volume":10000,"label":" ","price":34.95},{"type":"A","date":"2018-04-24T01:59:36.000Z","volume":400,"label":" ","price":35},{"type":"A","date":"2018-04-24T01:59:36.000Z","volume":11400,"label":" ","price":35},{"type":"U","date":"2018-04-24T01:59:36.000Z","volume":4200,"label":" ","price":35},{"type":"U","date":"2018-04-24T01:59:36.000Z","volume":200,"label":" ","price":35},{"type":"B","date":"2018-04-24T01:59:36.000Z","volume":400,"label":"Y","price":35},{"type":"B","date":"2018-04-24T01:59:37.000Z","volume":200,"label":" ","price":35},{"type":"A","date":"2018-04-24T01:59:38.000Z","volume":600,"label":" ","price":35},{"type":"U","date":"2018-04-24T01:59:41.000Z","volume":1000,"label":" ","price":35},{"type":"A","date":"2018-04-24T01:59:43.000Z","volume":400,"label":" ","price":35},{"type":"A","date":"2018-04-24T01:59:44.000Z","volume":6000,"label":" ","price":35},{"type":"A","date":"2018-04-24T01:59:47.000Z","volume":400,"label":" ","price":35},{"type":"A","date":"2018-04-24T01:59:48.000Z","volume":10600,"label":" ","price":35},{"type":"B","date":"2018-04-24T01:59:48.000Z","volume":200,"label":" ","price":35},{"type":"B","date":"2018-04-24T01:59:48.000Z","volume":200,"label":" ","price":35},{"type":"B","date":"2018-04-24T01:59:48.000Z","volume":600,"label":" ","price":35},{"type":"A","date":"2018-04-24T01:59:50.000Z","volume":600,"label":" ","price":35},{"type":"A","date":"2018-04-24T01:59:54.000Z","volume":400,"label":" ","price":35},{"type":"A","date":"2018-04-24T01:59:56.000Z","volume":18800,"label":" ","price":35},{"type":"A","date":"2018-04-24T01:59:56.000Z","volume":4600,"label":" ","price":35},{"type":"A","date":"2018-04-24T02:00:04.000Z","volume":800,"label":" ","price":35},{"type":"A","date":"2018-04-24T02:00:04.000Z","volume":1600,"label":" ","price":35},{"type":"B","date":"2018-04-24T02:00:11.000Z","volume":600,"label":" ","price":35},{"type":"A","date":"2018-04-24T02:00:11.000Z","volume":200,"label":" ","price":35.05},{"type":"B","date":"2018-04-24T02:00:19.000Z","volume":20000,"label":" ","price":35},{"type":"A","date":"2018-04-24T02:00:19.000Z","volume":200,"label":" ","price":35.05},{"type":"A","date":"2018-04-24T02:00:19.000Z","volume":20000,"label":" ","price":35.05},{"type":"B","date":"2018-04-24T02:00:22.000Z","volume":4600,"label":" ","price":35},{"type":"A","date":"2018-04-24T02:00:25.000Z","volume":28600,"label":" ","price":35.05},{"type":"A","date":"2018-04-24T02:00:25.000Z","volume":10600,"label":" ","price":35.05},{"type":"A","date":"2018-04-24T02:00:25.000Z","volume":2800,"label":" ","price":35.05},{"type":"A","date":"2018-04-24T02:00:25.000Z","volume":1400,"label":" ","price":35.05},{"type":"A","date":"2018-04-24T02:00:25.000Z","volume":3800,"label":" ","price":35.05},{"type":"A","date":"2018-04-24T02:00:25.000Z","volume":4200,"label":" ","price":35.05},{"type":"A","date":"2018-04-24T02:00:25.000Z","volume":200,"label":" ","price":35.05},{"type":"B","date":"2018-04-24T02:00:29.000Z","volume":200,"label":" ","price":35.05},{"type":"B","date":"2018-04-24T02:00:30.000Z","volume":42000,"label":" ","price":35.05},{"type":"B","date":"2018-04-24T02:00:30.000Z","volume":10800,"label":" ","price":35},{"type":"B","date":"2018-04-24T02:00:30.000Z","volume":7000,"label":" ","price":35},{"type":"A","date":"2018-04-24T02:00:32.000Z","volume":5000,"label":" ","price":35},{"type":"B","date":"2018-04-24T02:00:33.000Z","volume":6000,"label":" ","price":34.95},{"type":"A","date":"2018-04-24T02:00:34.000Z","volume":2600,"label":" ","price":35},{"type":"B","date":"2018-04-24T02:00:35.000Z","volume":200,"label":" ","price":34.95},{"type":"B","date":"2018-04-24T02:00:35.000Z","volume":1800,"label":" ","price":34.95},{"type":"B","date":"2018-04-24T02:00:36.000Z","volume":1800,"label":" ","price":34.95},{"type":"B","date":"2018-04-24T02:00:36.000Z","volume":800,"label":" ","price":34.95},{"type":"B","date":"2018-04-24T02:00:36.000Z","volume":800,"label":" ","price":34.95},{"type":"A","date":"2018-04-24T02:00:36.000Z","volume":1000,"label":" ","price":35},{"type":"U","date":"2018-04-24T02:00:36.000Z","volume":1000,"label":" ","price":34.95},{"type":"A","date":"2018-04-24T02:00:36.000Z","volume":400,"label":" ","price":34.95},{"type":"A","date":"2018-04-24T02:00:37.000Z","volume":3200,"label":" ","price":34.95},{"type":"A","date":"2018-04-24T02:00:38.000Z","volume":2800,"label":" ","price":35},{"type":"B","date":"2018-04-24T02:00:41.000Z","volume":400,"label":" ","price":34.95},{"type":"A","date":"2018-04-24T02:00:42.000Z","volume":200,"label":" ","price":35},{"type":"B","date":"2018-04-24T02:00:43.000Z","volume":2000,"label":" ","price":34.95},{"type":"B","date":"2018-04-24T02:00:44.000Z","volume":11200,"label":" ","price":34.95},{"type":"B","date":"2018-04-24T02:00:44.000Z","volume":200,"label":" ","price":34.95},{"type":"A","date":"2018-04-24T02:00:44.000Z","volume":1000,"label":" ","price":35},{"type":"U","date":"2018-04-24T02:00:45.000Z","volume":400,"label":" ","price":34.95},{"type":"A","date":"2018-04-24T02:00:46.000Z","volume":1400,"label":" ","price":34.95},{"type":"A","date":"2018-04-24T02:00:48.000Z","volume":400,"label":" ","price":35},{"type":"B","date":"2018-04-24T02:01:11.000Z","volume":800,"label":" ","price":34.95},{"type":"A","date":"2018-04-24T02:01:12.000Z","volume":400,"label":" ","price":35},{"type":"B","date":"2018-04-24T02:01:20.000Z","volume":69800,"label":" ","price":34.95},{"type":"B","date":"2018-04-24T02:01:20.000Z","volume":200,"label":" ","price":34.95},{"type":"B","date":"2018-04-24T02:01:20.000Z","volume":200,"label":" ","price":34.95},{"type":"A","date":"2018-04-24T02:01:22.000Z","volume":2400,"label":" ","price":34.95},{"type":"A","date":"2018-04-24T02:01:22.000Z","volume":28800,"label":" ","price":34.95},{"type":"A","date":"2018-04-24T02:01:23.000Z","volume":200,"label":" ","price":35},{"type":"A","date":"2018-04-24T02:01:24.000Z","volume":2000,"label":" ","price":34.95},{"type":"A","date":"2018-04-24T02:01:26.000Z","volume":7400,"label":" ","price":34.95},{"type":"A","date":"2018-04-24T02:01:28.000Z","volume":1000,"label":" ","price":34.95},{"type":"A","date":"2018-04-24T02:01:30.000Z","volume":1600,"label":" ","price":34.95},{"type":"A","date":"2018-04-24T02:01:32.000Z","volume":400,"label":" ","price":34.95},{"type":"A","date":"2018-04-24T02:01:34.000Z","volume":200,"label":" ","price":35},{"type":"B","date":"2018-04-24T02:01:38.000Z","volume":200,"label":" ","price":34.95},{"type":"A","date":"2018-04-24T02:01:41.000Z","volume":7000,"label":" ","price":35},{"type":"A","date":"2018-04-24T02:01:42.000Z","volume":3200,"label":" ","price":35},{"type":"B","date":"2018-04-24T02:01:44.000Z","volume":400,"label":" ","price":34.95},{"type":"A","date":"2018-04-24T02:01:44.000Z","volume":200,"label":" ","price":35},{"type":"B","date":"2018-04-24T02:01:45.000Z","volume":800,"label":" ","price":34.95},{"type":"A","date":"2018-04-24T02:01:46.000Z","volume":200,"label":" ","price":35},{"type":"B","date":"2018-04-24T02:02:11.000Z","volume":600,"label":" ","price":34.95},{"type":"A","date":"2018-04-24T02:02:12.000Z","volume":200,"label":" ","price":35},{"type":"B","date":"2018-04-24T02:02:16.000Z","volume":200,"label":" ","price":34.95},{"type":"A","date":"2018-04-24T02:02:16.000Z","volume":200,"label":" ","price":35},{"type":"B","date":"2018-04-24T02:02:37.000Z","volume":39000,"label":" ","price":34.95},{"type":"B","date":"2018-04-24T02:02:37.000Z","volume":12600,"label":" ","price":34.95},{"type":"B","date":"2018-04-24T02:02:37.000Z","volume":16400,"label":" ","price":34.95},{"type":"B","date":"2018-04-24T02:02:37.000Z","volume":25800,"label":" ","price":34.95},{"type":"B","date":"2018-04-24T02:02:37.000Z","volume":26800,"label":" ","price":34.9},{"type":"A","date":"2018-04-24T02:02:37.000Z","volume":5400,"label":" ","price":34.95},{"type":"A","date":"2018-04-24T02:02:37.000Z","volume":1200,"label":" ","price":34.95},{"type":"U","date":"2018-04-24T02:02:38.000Z","volume":400,"label":" ","price":34.9},{"type":"U","date":"2018-04-24T02:02:38.000Z","volume":6600,"label":" ","price":34.9},{"type":"A","date":"2018-04-24T02:02:38.000Z","volume":7200,"label":" ","price":34.9},{"type":"A","date":"2018-04-24T02:02:38.000Z","volume":2600,"label":" ","price":34.95},{"type":"A","date":"2018-04-24T02:02:38.000Z","volume":600,"label":" ","price":34.95},{"type":"A","date":"2018-04-24T02:02:39.000Z","volume":3800,"label":" ","price":34.9},{"type":"A","date":"2018-04-24T02:02:39.000Z","volume":400,"label":" ","price":34.9},{"type":"A","date":"2018-04-24T02:02:40.000Z","volume":3200,"label":" ","price":34.95},{"type":"A","date":"2018-04-24T02:03:02.000Z","volume":8400,"label":" ","price":34.95},{"type":"A","date":"2018-04-24T02:03:03.000Z","volume":3800,"label":" ","price":35},{"type":"B","date":"2018-04-24T02:03:08.000Z","volume":2000,"label":" ","price":34.95},{"type":"A","date":"2018-04-24T02:03:09.000Z","volume":1000,"label":" ","price":35},{"type":"A","date":"2018-04-24T02:03:11.000Z","volume":8800,"label":" ","price":35},{"type":"A","date":"2018-04-24T02:03:11.000Z","volume":37400,"label":" ","price":35},{"type":"B","date":"2018-04-24T02:03:11.000Z","volume":800,"label":" ","price":35},{"type":"B","date":"2018-04-24T02:03:15.000Z","volume":2000,"label":" ","price":35},{"type":"B","date":"2018-04-24T02:03:25.000Z","volume":800,"label":" ","price":35},{"type":"A","date":"2018-04-24T02:03:28.000Z","volume":400,"label":" ","price":35.05},{"type":"B","date":"2018-04-24T02:03:29.000Z","volume":5000,"label":" ","price":35},{"type":"A","date":"2018-04-24T02:03:31.000Z","volume":400,"label":" ","price":35.05},{"type":"B","date":"2018-04-24T02:03:32.000Z","volume":3000,"label":" ","price":35},{"type":"B","date":"2018-04-24T02:03:32.000Z","volume":10000,"label":" ","price":35},{"type":"A","date":"2018-04-24T02:03:33.000Z","volume":2000,"label":" ","price":35.05},{"type":"A","date":"2018-04-24T02:03:34.000Z","volume":2000,"label":" ","price":35.05},{"type":"A","date":"2018-04-24T02:03:36.000Z","volume":400,"label":" ","price":35.05},{"type":"A","date":"2018-04-24T02:03:40.000Z","volume":400,"label":" ","price":35.05},{"type":"A","date":"2018-04-24T02:03:44.000Z","volume":400,"label":" ","price":35.05},{"type":"A","date":"2018-04-24T02:03:48.000Z","volume":400,"label":" ","price":35.05},{"type":"A","date":"2018-04-24T02:03:49.000Z","volume":200,"label":" ","price":35.05},{"type":"B","date":"2018-04-24T02:04:02.000Z","volume":63000,"label":" ","price":35},{"type":"B","date":"2018-04-24T02:04:02.000Z","volume":24800,"label":" ","price":34.95},{"type":"B","date":"2018-04-24T02:04:02.000Z","volume":1400,"label":" ","price":34.95},{"type":"B","date":"2018-04-24T02:04:02.000Z","volume":800,"label":" ","price":34.95},{"type":"B","date":"2018-04-24T02:04:02.000Z","volume":1400,"label":" ","price":35},{"type":"B","date":"2018-04-24T02:04:08.000Z","volume":600,"label":" ","price":34.9},{"type":"U","date":"2018-04-24T02:04:09.000Z","volume":1000,"label":" ","price":34.9},{"type":"A","date":"2018-04-24T02:04:15.000Z","volume":8800,"label":" ","price":34.9},{"type":"A","date":"2018-04-24T02:04:36.000Z","volume":10000,"label":" ","price":34.95},{"type":"A","date":"2018-04-24T02:04:40.000Z","volume":200,"label":" ","price":34.95},{"type":"A","date":"2018-04-24T02:04:51.000Z","volume":400,"label":" ","price":34.95},{"type":"A","date":"2018-04-24T02:04:54.000Z","volume":12400,"label":" ","price":34.95},{"type":"A","date":"2018-04-24T02:04:54.000Z","volume":2400,"label":" ","price":34.95},{"type":"A","date":"2018-04-24T02:04:55.000Z","volume":400,"label":" ","price":34.95},{"type":"A","date":"2018-04-24T02:04:59.000Z","volume":400,"label":" ","price":34.95},{"type":"A","date":"2018-04-24T02:05:03.000Z","volume":19800,"label":" ","price":34.95},{"type":"A","date":"2018-04-24T02:05:03.000Z","volume":9200,"label":" ","price":34.95},{"type":"A","date":"2018-04-24T02:05:03.000Z","volume":400,"label":" ","price":34.95},{"type":"A","date":"2018-04-24T02:05:03.000Z","volume":3200,"label":" ","price":34.95},{"type":"A","date":"2018-04-24T02:05:03.000Z","volume":7600,"label":" ","price":35},{"type":"B","date":"2018-04-24T02:05:04.000Z","volume":200,"label":" ","price":34.95},{"type":"A","date":"2018-04-24T02:05:05.000Z","volume":200,"label":" ","price":35},{"type":"B","date":"2018-04-24T02:05:10.000Z","volume":13000,"label":" ","price":34.95},{"type":"A","date":"2018-04-24T02:05:23.000Z","volume":400,"label":" ","price":34.95},{"type":"B","date":"2018-04-24T02:05:23.000Z","volume":46000,"label":" ","price":34.9},{"type":"B","date":"2018-04-24T02:05:23.000Z","volume":9000,"label":" ","price":34.9},{"type":"B","date":"2018-04-24T02:05:23.000Z","volume":200,"label":" ","price":34.9},{"type":"B","date":"2018-04-24T02:05:23.000Z","volume":8400,"label":" ","price":34.9},{"type":"B","date":"2018-04-24T02:05:23.000Z","volume":8600,"label":" ","price":34.9},{"type":"B","date":"2018-04-24T02:05:23.000Z","volume":13800,"label":" ","price":34.9},{"type":"A","date":"2018-04-24T02:05:25.000Z","volume":7400,"label":" ","price":34.95},{"type":"A","date":"2018-04-24T02:05:43.000Z","volume":21800,"label":" ","price":34.95},{"type":"A","date":"2018-04-24T02:05:43.000Z","volume":10000,"label":" ","price":35},{"type":"A","date":"2018-04-24T02:05:44.000Z","volume":2200,"label":" ","price":35},{"type":"A","date":"2018-04-24T02:05:45.000Z","volume":1000,"label":" ","price":35},{"type":"A","date":"2018-04-24T02:05:49.000Z","volume":800,"label":" ","price":35},{"type":"A","date":"2018-04-24T02:05:49.000Z","volume":600,"label":" ","price":35},{"type":"B","date":"2018-04-24T02:05:49.000Z","volume":1000,"label":" ","price":35},{"type":"A","date":"2018-04-24T02:05:49.000Z","volume":1200,"label":" ","price":35},{"type":"A","date":"2018-04-24T02:06:06.000Z","volume":400,"label":" ","price":35},{"type":"A","date":"2018-04-24T02:06:07.000Z","volume":200,"label":" ","price":35},{"type":"A","date":"2018-04-24T02:06:11.000Z","volume":400,"label":" ","price":35},{"type":"B","date":"2018-04-24T02:06:12.000Z","volume":800,"label":" ","price":34.95},{"type":"A","date":"2018-04-24T02:06:13.000Z","volume":400,"label":" ","price":35},{"type":"A","date":"2018-04-24T02:06:16.000Z","volume":400,"label":" ","price":35},{"type":"A","date":"2018-04-24T02:06:17.000Z","volume":200,"label":" ","price":35},{"type":"A","date":"2018-04-24T02:06:20.000Z","volume":9000,"label":" ","price":35},{"type":"A","date":"2018-04-24T02:06:21.000Z","volume":4200,"label":" ","price":35.05},{"type":"B","date":"2018-04-24T02:06:46.000Z","volume":1000,"label":" ","price":35},{"type":"A","date":"2018-04-24T02:06:47.000Z","volume":400,"label":" ","price":35.05},{"type":"B","date":"2018-04-24T02:07:02.000Z","volume":1800,"label":" ","price":35},{"type":"A","date":"2018-04-24T02:07:03.000Z","volume":800,"label":" ","price":35.05},{"type":"B","date":"2018-04-24T02:07:04.000Z","volume":1000,"label":" ","price":35},{"type":"A","date":"2018-04-24T02:07:04.000Z","volume":3800,"label":" ","price":35.05},{"type":"A","date":"2018-04-24T02:07:05.000Z","volume":2200,"label":" ","price":35.05},{"type":"B","date":"2018-04-24T02:07:12.000Z","volume":600,"label":" ","price":35},{"type":"A","date":"2018-04-24T02:07:13.000Z","volume":400,"label":" ","price":35.05},{"type":"A","date":"2018-04-24T02:07:29.000Z","volume":2200,"label":" ","price":35.05},{"type":"A","date":"2018-04-24T02:07:30.000Z","volume":1000,"label":" ","price":35.05},{"type":"A","date":"2018-04-24T02:07:46.000Z","volume":1200,"label":" ","price":35.05},{"type":"A","date":"2018-04-24T02:07:47.000Z","volume":600,"label":" ","price":35.05},{"type":"A","date":"2018-04-24T02:07:49.000Z","volume":400,"label":" ","price":35.05},{"type":"A","date":"2018-04-24T02:07:51.000Z","volume":200,"label":" ","price":35.05},{"type":"A","date":"2018-04-24T02:07:51.000Z","volume":200,"label":" ","price":35.05},{"type":"A","date":"2018-04-24T02:07:59.000Z","volume":800,"label":" ","price":35.05},{"type":"A","date":"2018-04-24T02:08:01.000Z","volume":400,"label":" ","price":35.05},{"type":"A","date":"2018-04-24T02:08:03.000Z","volume":400,"label":" ","price":35.05},{"type":"A","date":"2018-04-24T02:08:05.000Z","volume":200,"label":" ","price":35.05},{"type":"B","date":"2018-04-24T02:08:13.000Z","volume":800,"label":" ","price":35},{"type":"A","date":"2018-04-24T02:08:13.000Z","volume":400,"label":" ","price":35.05},{"type":"A","date":"2018-04-24T02:08:14.000Z","volume":800,"label":" ","price":35.05},{"type":"A","date":"2018-04-24T02:08:15.000Z","volume":200,"label":" ","price":35.05},{"type":"A","date":"2018-04-24T02:08:22.000Z","volume":600,"label":" ","price":35.05},{"type":"A","date":"2018-04-24T02:08:23.000Z","volume":200,"label":" ","price":35.05},{"type":"A","date":"2018-04-24T02:08:23.000Z","volume":400,"label":" ","price":35.05},{"type":"A","date":"2018-04-24T02:08:25.000Z","volume":400,"label":" ","price":35.05},{"type":"A","date":"2018-04-24T02:08:27.000Z","volume":200,"label":" ","price":35.05},{"type":"B","date":"2018-04-24T02:08:27.000Z","volume":2000,"label":" ","price":35},{"type":"A","date":"2018-04-24T02:08:29.000Z","volume":1000,"label":" ","price":35.05},{"type":"A","date":"2018-04-24T02:08:30.000Z","volume":400,"label":" ","price":35.05},{"type":"A","date":"2018-04-24T02:08:31.000Z","volume":200,"label":" ","price":35.05},{"type":"A","date":"2018-04-24T02:08:31.000Z","volume":200,"label":" ","price":35.05},{"type":"A","date":"2018-04-24T02:08:35.000Z","volume":400,"label":" ","price":35.05},{"type":"A","date":"2018-04-24T02:08:37.000Z","volume":200,"label":" ","price":35.05},{"type":"A","date":"2018-04-24T02:08:37.000Z","volume":1000,"label":" ","price":35.05},{"type":"A","date":"2018-04-24T02:08:39.000Z","volume":400,"label":" ","price":35.05},{"type":"A","date":"2018-04-24T02:08:40.000Z","volume":400,"label":" ","price":35.05},{"type":"A","date":"2018-04-24T02:08:41.000Z","volume":200,"label":" ","price":35.05},{"type":"A","date":"2018-04-24T02:08:45.000Z","volume":400,"label":" ","price":35.05},{"type":"A","date":"2018-04-24T02:08:47.000Z","volume":20000,"label":" ","price":35.05},{"type":"A","date":"2018-04-24T02:08:47.000Z","volume":800,"label":" ","price":35.05},{"type":"A","date":"2018-04-24T02:08:47.000Z","volume":9800,"label":" ","price":35.05},{"type":"A","date":"2018-04-24T02:08:47.000Z","volume":6400,"label":" ","price":35.05},{"type":"A","date":"2018-04-24T02:08:47.000Z","volume":600,"label":" ","price":35.1},{"type":"A","date":"2018-04-24T02:08:47.000Z","volume":200,"label":" ","price":35.1},{"type":"A","date":"2018-04-24T02:08:49.000Z","volume":3400,"label":" ","price":35.1},{"type":"A","date":"2018-04-24T02:08:53.000Z","volume":1800,"label":" ","price":35.1},{"type":"A","date":"2018-04-24T02:08:53.000Z","volume":200,"label":" ","price":35.1},{"type":"A","date":"2018-04-24T02:08:55.000Z","volume":800,"label":" ","price":35.1},{"type":"B","date":"2018-04-24T02:09:13.000Z","volume":600,"label":" ","price":35.05},{"type":"A","date":"2018-04-24T02:09:15.000Z","volume":400,"label":" ","price":35.1},{"type":"B","date":"2018-04-24T02:09:24.000Z","volume":2000,"label":" ","price":35.05},{"type":"A","date":"2018-04-24T02:09:25.000Z","volume":800,"label":" ","price":35.1},{"type":"A","date":"2018-04-24T02:09:40.000Z","volume":4200,"label":" ","price":35.1},{"type":"A","date":"2018-04-24T02:09:40.000Z","volume":200,"label":" ","price":35.1},{"type":"A","date":"2018-04-24T02:09:41.000Z","volume":2000,"label":" ","price":35.1},{"type":"A","date":"2018-04-24T02:09:47.000Z","volume":12000,"label":" ","price":35.1},{"type":"A","date":"2018-04-24T02:09:47.000Z","volume":400,"label":" ","price":35.1},{"type":"A","date":"2018-04-24T02:09:48.000Z","volume":800,"label":" ","price":35.1},{"type":"A","date":"2018-04-24T02:09:48.000Z","volume":200,"label":" ","price":35.1},{"type":"A","date":"2018-04-24T02:09:49.000Z","volume":6200,"label":" ","price":35.1},{"type":"A","date":"2018-04-24T02:09:49.000Z","volume":200,"label":" ","price":35.1},{"type":"A","date":"2018-04-24T02:09:51.000Z","volume":200,"label":" ","price":35.1},{"type":"B","date":"2018-04-24T02:09:53.000Z","volume":400,"label":" ","price":35.05},{"type":"A","date":"2018-04-24T02:09:53.000Z","volume":200,"label":" ","price":35.1},{"type":"A","date":"2018-04-24T02:10:02.000Z","volume":1000,"label":" ","price":35.1},{"type":"A","date":"2018-04-24T02:10:03.000Z","volume":400,"label":" ","price":35.1},{"type":"A","date":"2018-04-24T02:10:06.000Z","volume":400,"label":" ","price":35.1},{"type":"A","date":"2018-04-24T02:10:07.000Z","volume":200,"label":" ","price":35.1},{"type":"A","date":"2018-04-24T02:10:14.000Z","volume":400,"label":" ","price":35.1},{"type":"A","date":"2018-04-24T02:10:14.000Z","volume":200,"label":" ","price":35.1},{"type":"B","date":"2018-04-24T02:10:14.000Z","volume":600,"label":" ","price":35.05},{"type":"A","date":"2018-04-24T02:10:15.000Z","volume":600,"label":" ","price":35.1},{"type":"A","date":"2018-04-24T02:10:18.000Z","volume":400,"label":" ","price":35.1},{"type":"B","date":"2018-04-24T02:10:20.000Z","volume":2000,"label":" ","price":35.05},{"type":"A","date":"2018-04-24T02:10:21.000Z","volume":1000,"label":" ","price":35.1},{"type":"A","date":"2018-04-24T02:10:27.000Z","volume":200,"label":" ","price":35.1},{"type":"A","date":"2018-04-24T02:10:27.000Z","volume":200,"label":" ","price":35.1},{"type":"A","date":"2018-04-24T02:10:29.000Z","volume":200,"label":" ","price":35.1},{"type":"A","date":"2018-04-24T02:10:40.000Z","volume":200,"label":" ","price":35.1},{"type":"A","date":"2018-04-24T02:11:12.000Z","volume":4200,"label":" ","price":35.1},{"type":"A","date":"2018-04-24T02:11:13.000Z","volume":5000,"label":" ","price":35.1},{"type":"A","date":"2018-04-24T02:11:13.000Z","volume":2000,"label":" ","price":35.1},{"type":"A","date":"2018-04-24T02:11:13.000Z","volume":5000,"label":" ","price":35.1},{"type":"A","date":"2018-04-24T02:11:13.000Z","volume":5000,"label":" ","price":35.1},{"type":"A","date":"2018-04-24T02:11:13.000Z","volume":12800,"label":" ","price":35.1},{"type":"A","date":"2018-04-24T02:11:13.000Z","volume":200,"label":" ","price":35.1},{"type":"A","date":"2018-04-24T02:11:13.000Z","volume":9200,"label":" ","price":35.1},{"type":"A","date":"2018-04-24T02:11:13.000Z","volume":800,"label":" ","price":35.15},{"type":"A","date":"2018-04-24T02:11:13.000Z","volume":600,"label":" ","price":35.15},{"type":"A","date":"2018-04-24T02:11:13.000Z","volume":200,"label":"Y","price":35.15},{"type":"B","date":"2018-04-24T02:11:14.000Z","volume":800,"label":" ","price":35.1},{"type":"A","date":"2018-04-24T02:11:15.000Z","volume":18200,"label":" ","price":35.15},{"type":"A","date":"2018-04-24T02:11:15.000Z","volume":600,"label":" ","price":35.15},{"type":"B","date":"2018-04-24T02:11:16.000Z","volume":2000,"label":" ","price":35.1},{"type":"B","date":"2018-04-24T02:11:17.000Z","volume":2000,"label":" ","price":35.1},{"type":"A","date":"2018-04-24T02:11:17.000Z","volume":2200,"label":" ","price":35.15},{"type":"A","date":"2018-04-24T02:11:17.000Z","volume":2200,"label":" ","price":35.15},{"type":"A","date":"2018-04-24T02:11:19.000Z","volume":1000,"label":" ","price":35.15},{"type":"B","date":"2018-04-24T02:11:21.000Z","volume":2000,"label":" ","price":35.1},{"type":"B","date":"2018-04-24T02:11:22.000Z","volume":2000,"label":" ","price":35.1},{"type":"B","date":"2018-04-24T02:11:22.000Z","volume":14600,"label":" ","price":35.1},{"type":"B","date":"2018-04-24T02:11:22.000Z","volume":200,"label":" ","price":35.1},{"type":"A","date":"2018-04-24T02:11:23.000Z","volume":6000,"label":" ","price":35.15},{"type":"B","date":"2018-04-24T02:11:24.000Z","volume":2000,"label":" ","price":35.1},{"type":"A","date":"2018-04-24T02:11:25.000Z","volume":800,"label":" ","price":35.15},{"type":"A","date":"2018-04-24T02:11:28.000Z","volume":15200,"label":" ","price":35.15},{"type":"A","date":"2018-04-24T02:11:29.000Z","volume":7000,"label":" ","price":35.15},{"type":"A","date":"2018-04-24T02:11:30.000Z","volume":37000,"label":" ","price":35.15},{"type":"B","date":"2018-04-24T02:11:30.000Z","volume":400,"label":" ","price":35.15},{"type":"B","date":"2018-04-24T02:11:30.000Z","volume":8600,"label":" ","price":35.15},{"type":"A","date":"2018-04-24T02:11:31.000Z","volume":7400,"label":" ","price":35.15},{"type":"A","date":"2018-04-24T02:11:31.000Z","volume":2200,"label":" ","price":35.15},{"type":"A","date":"2018-04-24T02:11:31.000Z","volume":1200,"label":" ","price":35.15},{"type":"A","date":"2018-04-24T02:11:33.000Z","volume":10200,"label":" ","price":35.15},{"type":"B","date":"2018-04-24T02:11:33.000Z","volume":2000,"label":" ","price":35.15},{"type":"A","date":"2018-04-24T02:11:35.000Z","volume":400,"label":" ","price":35.15},{"type":"A","date":"2018-04-24T02:11:37.000Z","volume":6200,"label":" ","price":35.15},{"type":"A","date":"2018-04-24T02:11:40.000Z","volume":400,"label":" ","price":35.15},{"type":"A","date":"2018-04-24T02:11:41.000Z","volume":200,"label":" ","price":35.15},{"type":"A","date":"2018-04-24T02:11:45.000Z","volume":400,"label":" ","price":35.15},{"type":"A","date":"2018-04-24T02:11:47.000Z","volume":200,"label":" ","price":35.15},{"type":"A","date":"2018-04-24T02:12:07.000Z","volume":5000,"label":" ","price":35.15},{"type":"A","date":"2018-04-24T02:12:09.000Z","volume":2400,"label":" ","price":35.15},{"type":"B","date":"2018-04-24T02:12:14.000Z","volume":600,"label":" ","price":35.1},{"type":"A","date":"2018-04-24T02:12:15.000Z","volume":200,"label":" ","price":35.15},{"type":"B","date":"2018-04-24T02:12:30.000Z","volume":10000,"label":" ","price":35.1},{"type":"B","date":"2018-04-24T02:12:30.000Z","volume":400,"label":" ","price":35.1},{"type":"A","date":"2018-04-24T02:12:38.000Z","volume":41600,"label":" ","price":35.15},{"type":"A","date":"2018-04-24T02:12:38.000Z","volume":12800,"label":" ","price":35.15},{"type":"A","date":"2018-04-24T02:12:38.000Z","volume":3000,"label":" ","price":35.15},{"type":"A","date":"2018-04-24T02:12:38.000Z","volume":1400,"label":" ","price":35.15},{"type":"A","date":"2018-04-24T02:12:38.000Z","volume":4000,"label":" ","price":35.15},{"type":"A","date":"2018-04-24T02:12:38.000Z","volume":4000,"label":" ","price":35.15},{"type":"A","date":"2018-04-24T02:12:38.000Z","volume":6400,"label":" ","price":35.15},{"type":"B","date":"2018-04-24T02:12:38.000Z","volume":400,"label":" ","price":35.15},{"type":"A","date":"2018-04-24T02:12:39.000Z","volume":2400,"label":" ","price":35.2},{"type":"A","date":"2018-04-24T02:12:41.000Z","volume":31000,"label":" ","price":35.2},{"type":"A","date":"2018-04-24T02:12:41.000Z","volume":13000,"label":" ","price":35.2},{"type":"A","date":"2018-04-24T02:12:41.000Z","volume":1800,"label":" ","price":35.2},{"type":"A","date":"2018-04-24T02:12:41.000Z","volume":1200,"label":" ","price":35.2},{"type":"A","date":"2018-04-24T02:12:41.000Z","volume":600,"label":" ","price":35.2},{"type":"A","date":"2018-04-24T02:12:41.000Z","volume":1800,"label":" ","price":35.2},{"type":"B","date":"2018-04-24T02:12:42.000Z","volume":19800,"label":" ","price":35.15},{"type":"A","date":"2018-04-24T02:12:43.000Z","volume":17600,"label":" ","price":35.2},{"type":"B","date":"2018-04-24T02:12:43.000Z","volume":4400,"label":" ","price":35.15},{"type":"B","date":"2018-04-24T02:12:43.000Z","volume":2200,"label":" ","price":35.15},{"type":"A","date":"2018-04-24T02:12:43.000Z","volume":400,"label":" ","price":35.15},{"type":"A","date":"2018-04-24T02:12:45.000Z","volume":3200,"label":" ","price":35.15},{"type":"A","date":"2018-04-24T02:12:45.000Z","volume":1800,"label":" ","price":35.15},{"type":"A","date":"2018-04-24T02:12:47.000Z","volume":800,"label":" ","price":35.15},{"type":"A","date":"2018-04-24T02:12:48.000Z","volume":400,"label":" ","price":35.15},{"type":"A","date":"2018-04-24T02:12:49.000Z","volume":200,"label":" ","price":35.15},{"type":"A","date":"2018-04-24T02:12:53.000Z","volume":400,"label":" ","price":35.15},{"type":"A","date":"2018-04-24T02:12:55.000Z","volume":200,"label":" ","price":35.15},{"type":"A","date":"2018-04-24T02:12:58.000Z","volume":400,"label":" ","price":35.15},{"type":"A","date":"2018-04-24T02:12:59.000Z","volume":200,"label":" ","price":35.15},{"type":"A","date":"2018-04-24T02:13:03.000Z","volume":400,"label":" ","price":35.15},{"type":"A","date":"2018-04-24T02:13:05.000Z","volume":200,"label":" ","price":35.15},{"type":"A","date":"2018-04-24T02:13:09.000Z","volume":400,"label":" ","price":35.15},{"type":"A","date":"2018-04-24T02:13:09.000Z","volume":200,"label":" ","price":35.15},{"type":"A","date":"2018-04-24T02:13:09.000Z","volume":16000,"label":" ","price":35.15},{"type":"A","date":"2018-04-24T02:13:10.000Z","volume":12000,"label":" ","price":35.15},{"type":"A","date":"2018-04-24T02:13:11.000Z","volume":4400,"label":" ","price":35.15},{"type":"A","date":"2018-04-24T02:13:13.000Z","volume":8400,"label":" ","price":35.2},{"type":"U","date":"2018-04-24T02:13:14.000Z","volume":400,"label":" ","price":35.15},{"type":"B","date":"2018-04-24T02:13:14.000Z","volume":800,"label":" ","price":35.1},{"type":"A","date":"2018-04-24T02:13:15.000Z","volume":600,"label":" ","price":35.2},{"type":"B","date":"2018-04-24T02:13:22.000Z","volume":1600,"label":" ","price":35.15},{"type":"B","date":"2018-04-24T02:13:22.000Z","volume":1600,"label":" ","price":35.15},{"type":"B","date":"2018-04-24T02:13:22.000Z","volume":1800,"label":" ","price":35.15},{"type":"B","date":"2018-04-24T02:13:32.000Z","volume":200,"label":" ","price":35.15},{"type":"B","date":"2018-04-24T02:13:32.000Z","volume":44200,"label":" ","price":35.15},{"type":"A","date":"2018-04-24T02:13:32.000Z","volume":800,"label":" ","price":35.15},{"type":"A","date":"2018-04-24T02:13:43.000Z","volume":30000,"label":" ","price":35.15},{"type":"A","date":"2018-04-24T02:13:44.000Z","volume":1800,"label":" ","price":35.15},{"type":"A","date":"2018-04-24T02:13:44.000Z","volume":12000,"label":" ","price":35.15},{"type":"B","date":"2018-04-24T02:13:45.000Z","volume":1000,"label":" ","price":35.1},{"type":"A","date":"2018-04-24T02:13:45.000Z","volume":800,"label":" ","price":35.15},{"type":"A","date":"2018-04-24T02:13:46.000Z","volume":1600,"label":" ","price":35.15},{"type":"A","date":"2018-04-24T02:13:56.000Z","volume":3000,"label":" ","price":35.15},{"type":"A","date":"2018-04-24T02:13:56.000Z","volume":3000,"label":" ","price":35.15},{"type":"A","date":"2018-04-24T02:13:57.000Z","volume":2800,"label":" ","price":35.15},{"type":"A","date":"2018-04-24T02:13:58.000Z","volume":1000,"label":" ","price":35.15},{"type":"A","date":"2018-04-24T02:13:59.000Z","volume":1400,"label":" ","price":35.15},{"type":"A","date":"2018-04-24T02:13:59.000Z","volume":1200,"label":" ","price":35.15},{"type":"A","date":"2018-04-24T02:13:59.000Z","volume":27200,"label":" ","price":35.15},{"type":"B","date":"2018-04-24T02:13:59.000Z","volume":1400,"label":" ","price":35.15},{"type":"A","date":"2018-04-24T02:14:01.000Z","volume":13200,"label":" ","price":35.2},{"type":"A","date":"2018-04-24T02:14:02.000Z","volume":400,"label":" ","price":35.2},{"type":"B","date":"2018-04-24T02:14:14.000Z","volume":600,"label":" ","price":35.15},{"type":"A","date":"2018-04-24T02:14:39.000Z","volume":2400,"label":" ","price":35.2},{"type":"A","date":"2018-04-24T02:14:41.000Z","volume":1200,"label":" ","price":35.2},{"type":"A","date":"2018-04-24T02:14:44.000Z","volume":400,"label":" ","price":35.2},{"type":"A","date":"2018-04-24T02:14:45.000Z","volume":200,"label":" ","price":35.2},{"type":"A","date":"2018-04-24T02:14:48.000Z","volume":400,"label":" ","price":35.2},{"type":"A","date":"2018-04-24T02:14:49.000Z","volume":200,"label":" ","price":35.2},{"type":"B","date":"2018-04-24T02:14:49.000Z","volume":200,"label":" ","price":35.15},{"type":"B","date":"2018-04-24T02:14:53.000Z","volume":2000,"label":" ","price":35.15},{"type":"A","date":"2018-04-24T02:15:00.000Z","volume":800,"label":" ","price":35.2},{"type":"A","date":"2018-04-24T02:15:00.000Z","volume":200,"label":" ","price":35.2},{"type":"B","date":"2018-04-24T02:15:15.000Z","volume":600,"label":" ","price":35.15},{"type":"B","date":"2018-04-24T02:15:24.000Z","volume":200,"label":" ","price":35.15},{"type":"A","date":"2018-04-24T02:15:57.000Z","volume":10000,"label":" ","price":35.2},{"type":"A","date":"2018-04-24T02:15:58.000Z","volume":3800,"label":" ","price":35.2},{"type":"A","date":"2018-04-24T02:16:00.000Z","volume":69600,"label":" ","price":35.2},{"type":"A","date":"2018-04-24T02:16:00.000Z","volume":12200,"label":" ","price":35.2},{"type":"A","date":"2018-04-24T02:16:00.000Z","volume":3000,"label":" ","price":35.2},{"type":"A","date":"2018-04-24T02:16:02.000Z","volume":3200,"label":" ","price":35.2},{"type":"A","date":"2018-04-24T02:16:09.000Z","volume":4600,"label":" ","price":35.2},{"type":"B","date":"2018-04-24T02:16:15.000Z","volume":800,"label":" ","price":35.15},{"type":"U","date":"2018-04-24T02:16:16.000Z","volume":1200,"label":"X","price":35.15},{"type":"A","date":"2018-04-24T02:16:35.000Z","volume":7800,"label":" ","price":35.2},{"type":"B","date":"2018-04-24T02:16:59.000Z","volume":47200,"label":"Y","price":35.15},{"type":"B","date":"2018-04-24T02:16:59.000Z","volume":5600,"label":" ","price":35.15},{"type":"U","date":"2018-04-24T02:16:59.000Z","volume":2000,"label":"X","price":35.15},{"type":"B","date":"2018-04-24T02:16:59.000Z","volume":14600,"label":" ","price":35.15},{"type":"B","date":"2018-04-24T02:16:59.000Z","volume":11600,"label":" ","price":35.15},{"type":"B","date":"2018-04-24T02:16:59.000Z","volume":11600,"label":" ","price":35.1},{"type":"B","date":"2018-04-24T02:17:12.000Z","volume":200,"label":" ","price":35.05},{"type":"B","date":"2018-04-24T02:17:16.000Z","volume":600,"label":" ","price":35},{"type":"U","date":"2018-04-24T02:17:19.000Z","volume":1400,"label":" ","price":35.05},{"type":"U","date":"2018-04-24T02:17:19.000Z","volume":1000,"label":" ","price":35.05},{"type":"B","date":"2018-04-24T02:17:23.000Z","volume":400,"label":" ","price":35.05},{"type":"B","date":"2018-04-24T02:18:02.000Z","volume":10000,"label":" ","price":35},{"type":"B","date":"2018-04-24T02:18:05.000Z","volume":600,"label":" ","price":35.05},{"type":"B","date":"2018-04-24T02:18:16.000Z","volume":14600,"label":" ","price":35.05},{"type":"B","date":"2018-04-24T02:18:16.000Z","volume":200,"label":" ","price":35.05},{"type":"A","date":"2018-04-24T02:18:16.000Z","volume":600,"label":" ","price":35.05},{"type":"B","date":"2018-04-24T02:18:20.000Z","volume":15000,"label":" ","price":35},{"type":"B","date":"2018-04-24T02:18:22.000Z","volume":10000,"label":" ","price":35},{"type":"B","date":"2018-04-24T02:18:22.000Z","volume":14600,"label":" ","price":35},{"type":"B","date":"2018-04-24T02:18:22.000Z","volume":7000,"label":" ","price":35},{"type":"B","date":"2018-04-24T02:18:36.000Z","volume":200,"label":" ","price":34.95},{"type":"B","date":"2018-04-24T02:18:36.000Z","volume":1200,"label":" ","price":34.95},{"type":"B","date":"2018-04-24T02:19:16.000Z","volume":600,"label":" ","price":34.95},{"type":"A","date":"2018-04-24T02:19:51.000Z","volume":200,"label":" ","price":35},{"type":"B","date":"2018-04-24T02:20:16.000Z","volume":600,"label":" ","price":34.95},{"type":"B","date":"2018-04-24T02:21:16.000Z","volume":800,"label":" ","price":34.95},{"type":"B","date":"2018-04-24T02:22:17.000Z","volume":600,"label":" ","price":34.95},{"type":"B","date":"2018-04-24T02:22:17.000Z","volume":99400,"label":" ","price":34.95},{"type":"B","date":"2018-04-24T02:22:19.000Z","volume":30200,"label":" ","price":34.9},{"type":"B","date":"2018-04-24T02:22:19.000Z","volume":15000,"label":" ","price":34.9},{"type":"B","date":"2018-04-24T02:22:20.000Z","volume":10400,"label":" ","price":34.85},{"type":"A","date":"2018-04-24T02:22:21.000Z","volume":6400,"label":" ","price":34.85},{"type":"A","date":"2018-04-24T02:22:22.000Z","volume":5600,"label":" ","price":34.9},{"type":"A","date":"2018-04-24T02:22:27.000Z","volume":600,"label":" ","price":34.9},{"type":"A","date":"2018-04-24T02:22:39.000Z","volume":6200,"label":" ","price":34.9},{"type":"B","date":"2018-04-24T02:22:39.000Z","volume":3800,"label":" ","price":34.9},{"type":"B","date":"2018-04-24T02:22:42.000Z","volume":4800,"label":" ","price":34.9},{"type":"A","date":"2018-04-24T02:22:42.000Z","volume":1400,"label":" ","price":34.9},{"type":"U","date":"2018-04-24T02:22:54.000Z","volume":2000,"label":" ","price":34.85},{"type":"A","date":"2018-04-24T02:22:54.000Z","volume":200,"label":" ","price":34.9},{"type":"B","date":"2018-04-24T02:23:18.000Z","volume":200,"label":" ","price":34.85},{"type":"B","date":"2018-04-24T02:23:18.000Z","volume":800,"label":" ","price":34.85},{"type":"A","date":"2018-04-24T02:23:26.000Z","volume":200,"label":" ","price":34.9},{"type":"B","date":"2018-04-24T02:23:27.000Z","volume":800,"label":" ","price":34.85},{"type":"B","date":"2018-04-24T02:24:14.000Z","volume":1000,"label":" ","price":34.85},{"type":"A","date":"2018-04-24T02:24:15.000Z","volume":200,"label":" ","price":34.9},{"type":"B","date":"2018-04-24T02:24:18.000Z","volume":600,"label":" ","price":34.85},{"type":"B","date":"2018-04-24T02:24:19.000Z","volume":21000,"label":" ","price":34.85},{"type":"B","date":"2018-04-24T02:24:20.000Z","volume":1600,"label":" ","price":34.8},{"type":"B","date":"2018-04-24T02:24:21.000Z","volume":4600,"label":" ","price":34.8},{"type":"U","date":"2018-04-24T02:24:21.000Z","volume":3200,"label":" ","price":34.85},{"type":"A","date":"2018-04-24T02:24:21.000Z","volume":1800,"label":" ","price":34.85},{"type":"B","date":"2018-04-24T02:24:21.000Z","volume":600,"label":" ","price":34.8},{"type":"A","date":"2018-04-24T02:24:24.000Z","volume":400,"label":" ","price":34.85},{"type":"A","date":"2018-04-24T02:24:31.000Z","volume":8000,"label":" ","price":34.85},{"type":"A","date":"2018-04-24T02:24:37.000Z","volume":800,"label":" ","price":34.85},{"type":"B","date":"2018-04-24T02:24:48.000Z","volume":200,"label":" ","price":34.8},{"type":"B","date":"2018-04-24T02:24:49.000Z","volume":800,"label":" ","price":34.8},{"type":"A","date":"2018-04-24T02:24:52.000Z","volume":200,"label":" ","price":34.85},{"type":"A","date":"2018-04-24T02:25:11.000Z","volume":3600,"label":" ","price":34.85},{"type":"A","date":"2018-04-24T02:25:11.000Z","volume":400,"label":" ","price":34.85},{"type":"A","date":"2018-04-24T02:25:14.000Z","volume":400,"label":" ","price":34.9},{"type":"B","date":"2018-04-24T02:25:18.000Z","volume":600,"label":" ","price":34.85},{"type":"B","date":"2018-04-24T02:25:49.000Z","volume":200,"label":" ","price":34.85},{"type":"B","date":"2018-04-24T02:26:18.000Z","volume":800,"label":" ","price":34.85},{"type":"A","date":"2018-04-24T02:26:25.000Z","volume":200,"label":" ","price":34.9},{"type":"B","date":"2018-04-24T02:26:50.000Z","volume":800,"label":" ","price":34.85},{"type":"B","date":"2018-04-24T02:27:18.000Z","volume":600,"label":" ","price":34.85},{"type":"A","date":"2018-04-24T02:27:39.000Z","volume":9200,"label":" ","price":34.9},{"type":"B","date":"2018-04-24T02:27:39.000Z","volume":600,"label":" ","price":34.85},{"type":"U","date":"2018-04-24T02:27:39.000Z","volume":200,"label":"X","price":34.875},{"type":"A","date":"2018-04-24T02:27:39.000Z","volume":800,"label":" ","price":34.9},{"type":"U","date":"2018-04-24T02:27:41.000Z","volume":400,"label":"X","price":34.875},{"type":"A","date":"2018-04-24T02:27:55.000Z","volume":9400,"label":" ","price":34.9},{"type":"A","date":"2018-04-24T02:27:55.000Z","volume":17400,"label":" ","price":34.9},{"type":"B","date":"2018-04-24T02:27:55.000Z","volume":200,"label":" ","price":34.9},{"type":"A","date":"2018-04-24T02:27:56.000Z","volume":200,"label":" ","price":34.95},{"type":"B","date":"2018-04-24T02:27:57.000Z","volume":200,"label":" ","price":34.9},{"type":"B","date":"2018-04-24T02:28:18.000Z","volume":1000,"label":" ","price":34.9},{"type":"B","date":"2018-04-24T02:28:19.000Z","volume":800,"label":" ","price":34.9},{"type":"A","date":"2018-04-24T02:28:27.000Z","volume":60000,"label":" ","price":34.95},{"type":"A","date":"2018-04-24T02:28:27.000Z","volume":2600,"label":" ","price":34.95},{"type":"B","date":"2018-04-24T02:28:27.000Z","volume":600,"label":" ","price":34.95},{"type":"B","date":"2018-04-24T02:28:27.000Z","volume":1400,"label":" ","price":34.95},{"type":"A","date":"2018-04-24T02:28:27.000Z","volume":3200,"label":" ","price":34.95},{"type":"A","date":"2018-04-24T02:28:38.000Z","volume":40000,"label":" ","price":34.95},{"type":"A","date":"2018-04-24T02:28:38.000Z","volume":800,"label":" ","price":34.95},{"type":"A","date":"2018-04-24T02:28:38.000Z","volume":3600,"label":" ","price":34.95},{"type":"A","date":"2018-04-24T02:28:40.000Z","volume":2400,"label":" ","price":34.95},{"type":"A","date":"2018-04-24T02:28:40.000Z","volume":2000,"label":" ","price":34.95},{"type":"U","date":"2018-04-24T02:28:48.000Z","volume":200,"label":"X","price":34.975},{"type":"A","date":"2018-04-24T02:28:55.000Z","volume":1000,"label":" ","price":35},{"type":"A","date":"2018-04-24T02:29:01.000Z","volume":400,"label":" ","price":35},{"type":"A","date":"2018-04-24T02:29:05.000Z","volume":3200,"label":" ","price":35},{"type":"A","date":"2018-04-24T02:29:08.000Z","volume":400,"label":" ","price":35},{"type":"B","date":"2018-04-24T02:29:11.000Z","volume":3200,"label":" ","price":34.95},{"type":"B","date":"2018-04-24T02:29:20.000Z","volume":600,"label":" ","price":34.95},{"type":"U","date":"2018-04-24T02:29:33.000Z","volume":200,"label":"X","price":34.975},{"type":"U","date":"2018-04-24T02:29:33.000Z","volume":200,"label":"X","price":34.975},{"type":"U","date":"2018-04-24T02:29:33.000Z","volume":200,"label":"X","price":34.975},{"type":"U","date":"2018-04-24T02:29:33.000Z","volume":200,"label":"X","price":34.975},{"type":"U","date":"2018-04-24T02:29:34.000Z","volume":200,"label":"X","price":34.975},{"type":"U","date":"2018-04-24T02:29:34.000Z","volume":200,"label":"X","price":34.975},{"type":"U","date":"2018-04-24T02:29:34.000Z","volume":200,"label":"X","price":34.975},{"type":"U","date":"2018-04-24T02:29:35.000Z","volume":200,"label":"X","price":34.975},{"type":"U","date":"2018-04-24T02:29:35.000Z","volume":200,"label":"X","price":34.975},{"type":"U","date":"2018-04-24T02:29:35.000Z","volume":200,"label":"X","price":34.975},{"type":"U","date":"2018-04-24T02:29:47.000Z","volume":200,"label":"X","price":34.975},{"type":"U","date":"2018-04-24T02:29:47.000Z","volume":400,"label":"X","price":34.975},{"type":"U","date":"2018-04-24T02:29:56.000Z","volume":200,"label":"X","price":34.975},{"type":"U","date":"2018-04-24T02:29:57.000Z","volume":200,"label":"X","price":34.975},{"type":"A","date":"2018-04-24T02:30:03.000Z","volume":1600,"label":" ","price":35},{"type":"A","date":"2018-04-24T02:30:03.000Z","volume":3000,"label":" ","price":35},{"type":"A","date":"2018-04-24T02:30:05.000Z","volume":200,"label":" ","price":35},{"type":"A","date":"2018-04-24T02:30:08.000Z","volume":400,"label":" ","price":35},{"type":"A","date":"2018-04-24T02:30:08.000Z","volume":1000,"label":" ","price":35},{"type":"A","date":"2018-04-24T02:30:13.000Z","volume":400,"label":" ","price":35},{"type":"B","date":"2018-04-24T02:30:16.000Z","volume":126000,"label":" ","price":34.95},{"type":"B","date":"2018-04-24T02:30:16.000Z","volume":5200,"label":" ","price":34.95},{"type":"B","date":"2018-04-24T02:30:16.000Z","volume":25200,"label":" ","price":34.95},{"type":"B","date":"2018-04-24T02:30:16.000Z","volume":200,"label":" ","price":34.95},{"type":"B","date":"2018-04-24T02:30:16.000Z","volume":1200,"label":" ","price":34.95},{"type":"B","date":"2018-04-24T02:30:16.000Z","volume":1400,"label":" ","price":34.95},{"type":"B","date":"2018-04-24T02:30:16.000Z","volume":1400,"label":" ","price":34.95},{"type":"B","date":"2018-04-24T02:30:16.000Z","volume":22600,"label":" ","price":34.95},{"type":"U","date":"2018-04-24T02:30:16.000Z","volume":1400,"label":" ","price":34.95},{"type":"U","date":"2018-04-24T02:30:16.000Z","volume":2000,"label":" ","price":34.95},{"type":"B","date":"2018-04-24T02:30:16.000Z","volume":4800,"label":" ","price":34.95},{"type":"B","date":"2018-04-24T02:30:16.000Z","volume":3200,"label":" ","price":34.95},{"type":"B","date":"2018-04-24T02:30:16.000Z","volume":800,"label":" ","price":34.95},{"type":"B","date":"2018-04-24T02:30:16.000Z","volume":33200,"label":" ","price":34.95},{"type":"B","date":"2018-04-24T02:30:16.000Z","volume":5200,"label":" ","price":34.95},{"type":"B","date":"2018-04-24T02:30:16.000Z","volume":1000,"label":" ","price":34.9},{"type":"B","date":"2018-04-24T02:30:16.000Z","volume":600,"label":" ","price":34.9},{"type":"B","date":"2018-04-24T02:30:17.000Z","volume":18200,"label":" ","price":34.9},{"type":"U","date":"2018-04-24T02:30:18.000Z","volume":3000,"label":" ","price":34.9},{"type":"U","date":"2018-04-24T02:30:18.000Z","volume":2400,"label":" ","price":34.9},{"type":"A","date":"2018-04-24T02:30:23.000Z","volume":1400,"label":" ","price":34.9},{"type":"U","date":"2018-04-24T02:30:27.000Z","volume":200,"label":"X","price":34.875},{"type":"A","date":"2018-04-24T02:30:27.000Z","volume":13600,"label":" ","price":34.9},{"type":"A","date":"2018-04-24T02:30:27.000Z","volume":1200,"label":" ","price":34.9},{"type":"B","date":"2018-04-24T02:30:27.000Z","volume":1200,"label":" ","price":34.9},{"type":"B","date":"2018-04-24T02:30:27.000Z","volume":1200,"label":" ","price":34.9},{"type":"B","date":"2018-04-24T02:30:28.000Z","volume":2600,"label":" ","price":34.9},{"type":"B","date":"2018-04-24T02:30:30.000Z","volume":27600,"label":" ","price":34.9},{"type":"U","date":"2018-04-24T02:31:08.000Z","volume":200,"label":"X","price":34.875},{"type":"U","date":"2018-04-24T02:31:19.000Z","volume":200,"label":"X","price":34.875},{"type":"B","date":"2018-04-24T02:31:20.000Z","volume":800,"label":" ","price":34.85},{"type":"B","date":"2018-04-24T02:31:20.000Z","volume":1800,"label":" ","price":34.85},{"type":"B","date":"2018-04-24T02:31:20.000Z","volume":2400,"label":" ","price":34.85},{"type":"B","date":"2018-04-24T02:31:20.000Z","volume":200,"label":" ","price":34.85},{"type":"B","date":"2018-04-24T02:31:24.000Z","volume":600,"label":"Y","price":34.85},{"type":"B","date":"2018-04-24T02:31:24.000Z","volume":800,"label":" ","price":34.85},{"type":"U","date":"2018-04-24T02:31:31.000Z","volume":200,"label":"X","price":34.875},{"type":"U","date":"2018-04-24T02:31:37.000Z","volume":200,"label":"X","price":34.875},{"type":"B","date":"2018-04-24T02:31:47.000Z","volume":800,"label":" ","price":34.85},{"type":"B","date":"2018-04-24T02:31:47.000Z","volume":200,"label":" ","price":34.85},{"type":"U","date":"2018-04-24T02:31:48.000Z","volume":200,"label":"X","price":34.85},{"type":"U","date":"2018-04-24T02:31:52.000Z","volume":200,"label":"X","price":34.85},{"type":"U","date":"2018-04-24T02:32:05.000Z","volume":200,"label":"X","price":34.875},{"type":"U","date":"2018-04-24T02:32:11.000Z","volume":200,"label":"X","price":34.875},{"type":"U","date":"2018-04-24T02:32:17.000Z","volume":200,"label":"X","price":34.875},{"type":"B","date":"2018-04-24T02:32:20.000Z","volume":600,"label":" ","price":34.85},{"type":"U","date":"2018-04-24T02:32:25.000Z","volume":200,"label":"X","price":34.875},{"type":"U","date":"2018-04-24T02:32:30.000Z","volume":200,"label":"X","price":34.875},{"type":"U","date":"2018-04-24T02:32:42.000Z","volume":200,"label":"X","price":34.875},{"type":"U","date":"2018-04-24T02:32:46.000Z","volume":200,"label":"X","price":34.875},{"type":"U","date":"2018-04-24T02:32:54.000Z","volume":200,"label":"X","price":34.875},{"type":"U","date":"2018-04-24T02:33:05.000Z","volume":200,"label":"X","price":34.875},{"type":"U","date":"2018-04-24T02:33:15.000Z","volume":200,"label":"X","price":34.875},{"type":"U","date":"2018-04-24T02:33:18.000Z","volume":200,"label":"X","price":34.875},{"type":"B","date":"2018-04-24T02:33:20.000Z","volume":800,"label":" ","price":34.85},{"type":"U","date":"2018-04-24T02:33:25.000Z","volume":200,"label":"X","price":34.875},{"type":"B","date":"2018-04-24T02:33:28.000Z","volume":800,"label":" ","price":34.85},{"type":"U","date":"2018-04-24T02:33:37.000Z","volume":200,"label":"X","price":34.875},{"type":"A","date":"2018-04-24T02:33:40.000Z","volume":5200,"label":" ","price":34.9},{"type":"A","date":"2018-04-24T02:33:43.000Z","volume":24000,"label":" ","price":34.9},{"type":"A","date":"2018-04-24T02:33:43.000Z","volume":2400,"label":" ","price":34.9},{"type":"A","date":"2018-04-24T02:33:43.000Z","volume":600,"label":" ","price":34.95},{"type":"A","date":"2018-04-24T02:33:43.000Z","volume":1000,"label":" ","price":34.9},{"type":"A","date":"2018-04-24T02:33:43.000Z","volume":200,"label":" ","price":34.9},{"type":"A","date":"2018-04-24T02:33:43.000Z","volume":200,"label":" ","price":34.9},{"type":"A","date":"2018-04-24T02:33:44.000Z","volume":7800,"label":" ","price":34.9},{"type":"A","date":"2018-04-24T02:33:44.000Z","volume":6400,"label":" ","price":34.9},{"type":"A","date":"2018-04-24T02:33:44.000Z","volume":2400,"label":" ","price":34.9},{"type":"A","date":"2018-04-24T02:33:44.000Z","volume":400,"label":" ","price":34.9},{"type":"A","date":"2018-04-24T02:33:46.000Z","volume":12200,"label":" ","price":34.9},{"type":"B","date":"2018-04-24T02:33:46.000Z","volume":1200,"label":" ","price":34.9},{"type":"A","date":"2018-04-24T02:33:48.000Z","volume":400,"label":" ","price":34.9},{"type":"A","date":"2018-04-24T02:33:50.000Z","volume":1800,"label":" ","price":34.9},{"type":"B","date":"2018-04-24T02:33:50.000Z","volume":1600,"label":" ","price":34.9},{"type":"A","date":"2018-04-24T02:33:53.000Z","volume":400,"label":" ","price":34.9},{"type":"A","date":"2018-04-24T02:33:53.000Z","volume":1400,"label":" ","price":34.9},{"type":"A","date":"2018-04-24T02:33:55.000Z","volume":5400,"label":" ","price":34.9},{"type":"A","date":"2018-04-24T02:33:55.000Z","volume":400,"label":" ","price":34.9},{"type":"A","date":"2018-04-24T02:33:55.000Z","volume":400,"label":" ","price":34.95},{"type":"A","date":"2018-04-24T02:33:59.000Z","volume":400,"label":" ","price":34.9},{"type":"A","date":"2018-04-24T02:34:00.000Z","volume":2000,"label":" ","price":34.9},{"type":"A","date":"2018-04-24T02:34:02.000Z","volume":1800,"label":" ","price":34.9},{"type":"A","date":"2018-04-24T02:34:02.000Z","volume":200,"label":" ","price":34.9},{"type":"A","date":"2018-04-24T02:34:02.000Z","volume":600,"label":" ","price":34.9},{"type":"B","date":"2018-04-24T02:34:02.000Z","volume":3800,"label":" ","price":34.9},{"type":"B","date":"2018-04-24T02:34:02.000Z","volume":600,"label":" ","price":34.9},{"type":"A","date":"2018-04-24T02:34:02.000Z","volume":200,"label":" ","price":34.9},{"type":"A","date":"2018-04-24T02:34:03.000Z","volume":3000,"label":" ","price":34.9},{"type":"A","date":"2018-04-24T02:34:03.000Z","volume":1200,"label":" ","price":34.9},{"type":"B","date":"2018-04-24T02:34:04.000Z","volume":1200,"label":" ","price":34.9},{"type":"B","date":"2018-04-24T02:34:12.000Z","volume":10800,"label":" ","price":34.9},{"type":"A","date":"2018-04-24T02:34:12.000Z","volume":1400,"label":" ","price":34.9},{"type":"U","date":"2018-04-24T02:34:13.000Z","volume":200,"label":"X","price":34.875},{"type":"U","date":"2018-04-24T02:34:18.000Z","volume":200,"label":"X","price":34.875},{"type":"U","date":"2018-04-24T02:34:19.000Z","volume":200,"label":"X","price":34.875},{"type":"U","date":"2018-04-24T02:34:19.000Z","volume":400,"label":"X","price":34.875},{"type":"U","date":"2018-04-24T02:34:19.000Z","volume":200,"label":"X","price":34.875},{"type":"A","date":"2018-04-24T02:34:19.000Z","volume":200,"label":" ","price":34.9},{"type":"B","date":"2018-04-24T02:34:20.000Z","volume":600,"label":" ","price":34.85},{"type":"B","date":"2018-04-24T02:34:27.000Z","volume":200,"label":" ","price":34.85},{"type":"U","date":"2018-04-24T02:34:28.000Z","volume":200,"label":"X","price":34.875},{"type":"U","date":"2018-04-24T02:34:35.000Z","volume":200,"label":"X","price":34.875},{"type":"U","date":"2018-04-24T02:34:43.000Z","volume":200,"label":"X","price":34.875},{"type":"U","date":"2018-04-24T02:34:56.000Z","volume":200,"label":"X","price":34.875},{"type":"U","date":"2018-04-24T02:35:04.000Z","volume":200,"label":"X","price":34.875},{"type":"U","date":"2018-04-24T02:35:09.000Z","volume":200,"label":"X","price":34.875},{"type":"U","date":"2018-04-24T02:35:15.000Z","volume":200,"label":"X","price":34.875},{"type":"B","date":"2018-04-24T02:35:21.000Z","volume":600,"label":" ","price":34.85},{"type":"U","date":"2018-04-24T02:35:26.000Z","volume":200,"label":"X","price":34.875},{"type":"U","date":"2018-04-24T02:35:35.000Z","volume":200,"label":"X","price":34.875},{"type":"U","date":"2018-04-24T02:35:42.000Z","volume":200,"label":"X","price":34.875},{"type":"U","date":"2018-04-24T02:35:46.000Z","volume":200,"label":"X","price":34.875},{"type":"U","date":"2018-04-24T02:35:58.000Z","volume":200,"label":"X","price":34.875},{"type":"U","date":"2018-04-24T02:36:02.000Z","volume":200,"label":"X","price":34.875},{"type":"U","date":"2018-04-24T02:36:13.000Z","volume":200,"label":"X","price":34.875},{"type":"U","date":"2018-04-24T02:36:20.000Z","volume":200,"label":"X","price":34.875},{"type":"B","date":"2018-04-24T02:36:22.000Z","volume":800,"label":" ","price":34.85},{"type":"U","date":"2018-04-24T02:36:24.000Z","volume":200,"label":"X","price":34.875},{"type":"A","date":"2018-04-24T02:36:34.000Z","volume":200,"label":" ","price":34.9},{"type":"U","date":"2018-04-24T02:36:37.000Z","volume":200,"label":"X","price":34.875},{"type":"A","date":"2018-04-24T02:36:40.000Z","volume":200,"label":" ","price":34.9},{"type":"U","date":"2018-04-24T02:36:43.000Z","volume":200,"label":"X","price":34.875},{"type":"U","date":"2018-04-24T02:36:51.000Z","volume":200,"label":"X","price":34.875},{"type":"U","date":"2018-04-24T02:36:58.000Z","volume":200,"label":"X","price":34.875},{"type":"U","date":"2018-04-24T02:37:03.000Z","volume":200,"label":"X","price":34.875},{"type":"U","date":"2018-04-24T02:37:11.000Z","volume":200,"label":"X","price":34.875},{"type":"B","date":"2018-04-24T02:37:22.000Z","volume":600,"label":" ","price":34.85},{"type":"U","date":"2018-04-24T02:37:26.000Z","volume":400,"label":"X","price":34.875},{"type":"A","date":"2018-04-24T02:37:28.000Z","volume":5000,"label":" ","price":34.9},{"type":"U","date":"2018-04-24T02:37:37.000Z","volume":200,"label":"X","price":34.875},{"type":"A","date":"2018-04-24T02:37:38.000Z","volume":25000,"label":" ","price":34.9},{"type":"A","date":"2018-04-24T02:37:38.000Z","volume":400,"label":" ","price":34.9},{"type":"A","date":"2018-04-24T02:37:39.000Z","volume":14800,"label":" ","price":34.9},{"type":"A","date":"2018-04-24T02:37:39.000Z","volume":4800,"label":" ","price":34.9},{"type":"A","date":"2018-04-24T02:37:39.000Z","volume":2000,"label":" ","price":34.9},{"type":"A","date":"2018-04-24T02:37:39.000Z","volume":200,"label":" ","price":34.9},{"type":"A","date":"2018-04-24T02:37:39.000Z","volume":200,"label":" ","price":34.95},{"type":"B","date":"2018-04-24T02:37:40.000Z","volume":800,"label":" ","price":34.9},{"type":"U","date":"2018-04-24T02:37:57.000Z","volume":200,"label":"X","price":34.875},{"type":"U","date":"2018-04-24T02:37:57.000Z","volume":200,"label":"X","price":34.875},{"type":"U","date":"2018-04-24T02:38:04.000Z","volume":200,"label":"X","price":34.875},{"type":"U","date":"2018-04-24T02:38:10.000Z","volume":200,"label":"X","price":34.875},{"type":"U","date":"2018-04-24T02:38:14.000Z","volume":200,"label":"X","price":34.875},{"type":"B","date":"2018-04-24T02:38:22.000Z","volume":800,"label":" ","price":34.85},{"type":"U","date":"2018-04-24T02:38:24.000Z","volume":200,"label":"X","price":34.875},{"type":"U","date":"2018-04-24T02:38:30.000Z","volume":200,"label":"X","price":34.875},{"type":"U","date":"2018-04-24T02:38:36.000Z","volume":200,"label":"X","price":34.875},{"type":"U","date":"2018-04-24T02:38:45.000Z","volume":200,"label":"X","price":34.875},{"type":"U","date":"2018-04-24T02:38:54.000Z","volume":200,"label":"X","price":34.875},{"type":"A","date":"2018-04-24T02:38:57.000Z","volume":400,"label":" ","price":34.9},{"type":"U","date":"2018-04-24T02:39:03.000Z","volume":200,"label":"X","price":34.875},{"type":"U","date":"2018-04-24T02:39:08.000Z","volume":200,"label":"X","price":34.875},{"type":"U","date":"2018-04-24T02:39:16.000Z","volume":200,"label":"X","price":34.875},{"type":"B","date":"2018-04-24T02:39:22.000Z","volume":600,"label":" ","price":34.85},{"type":"U","date":"2018-04-24T02:39:25.000Z","volume":200,"label":"X","price":34.875},{"type":"U","date":"2018-04-24T02:39:33.000Z","volume":200,"label":"X","price":34.875},{"type":"B","date":"2018-04-24T02:39:34.000Z","volume":600,"label":" ","price":34.85},{"type":"U","date":"2018-04-24T02:39:40.000Z","volume":200,"label":"X","price":34.875},{"type":"B","date":"2018-04-24T02:39:48.000Z","volume":39800,"label":" ","price":34.85},{"type":"B","date":"2018-04-24T02:39:48.000Z","volume":29600,"label":" ","price":34.85},{"type":"A","date":"2018-04-24T02:39:48.000Z","volume":2600,"label":" ","price":34.85},{"type":"A","date":"2018-04-24T02:39:51.000Z","volume":6600,"label":" ","price":34.85},{"type":"U","date":"2018-04-24T02:39:51.000Z","volume":200,"label":"X","price":34.825},{"type":"A","date":"2018-04-24T02:39:57.000Z","volume":400,"label":" ","price":34.85},{"type":"A","date":"2018-04-24T02:39:58.000Z","volume":800,"label":" ","price":34.85},{"type":"U","date":"2018-04-24T02:39:58.000Z","volume":800,"label":"X","price":34.825},{"type":"U","date":"2018-04-24T02:39:59.000Z","volume":200,"label":"X","price":34.825},{"type":"U","date":"2018-04-24T02:40:02.000Z","volume":200,"label":"X","price":34.825},{"type":"U","date":"2018-04-24T02:40:02.000Z","volume":600,"label":"X","price":34.825},{"type":"U","date":"2018-04-24T02:40:04.000Z","volume":400,"label":"X","price":34.85},{"type":"B","date":"2018-04-24T02:40:23.000Z","volume":600,"label":"Y","price":34.8},{"type":"U","date":"2018-04-24T02:40:26.000Z","volume":200,"label":"X","price":34.825},{"type":"A","date":"2018-04-24T02:40:31.000Z","volume":200,"label":" ","price":34.85},{"type":"B","date":"2018-04-24T02:40:36.000Z","volume":800,"label":"Y","price":34.8},{"type":"B","date":"2018-04-24T02:40:55.000Z","volume":800,"label":"Y","price":34.8},{"type":"A","date":"2018-04-24T02:41:05.000Z","volume":200,"label":" ","price":34.85},{"type":"U","date":"2018-04-24T02:41:07.000Z","volume":200,"label":"X","price":34.825},{"type":"B","date":"2018-04-24T02:41:23.000Z","volume":800,"label":"Y","price":34.8},{"type":"B","date":"2018-04-24T02:41:52.000Z","volume":800,"label":"Y","price":34.8},{"type":"B","date":"2018-04-24T02:42:24.000Z","volume":600,"label":"Y","price":34.8},{"type":"U","date":"2018-04-24T02:42:30.000Z","volume":200,"label":"X","price":34.825},{"type":"A","date":"2018-04-24T02:42:33.000Z","volume":39600,"label":" ","price":34.85},{"type":"A","date":"2018-04-24T02:42:33.000Z","volume":5800,"label":" ","price":34.85},{"type":"A","date":"2018-04-24T02:42:33.000Z","volume":600,"label":" ","price":34.85},{"type":"A","date":"2018-04-24T02:42:33.000Z","volume":200,"label":" ","price":34.9},{"type":"B","date":"2018-04-24T02:42:35.000Z","volume":5800,"label":" ","price":34.85},{"type":"B","date":"2018-04-24T02:42:36.000Z","volume":2600,"label":" ","price":34.85},{"type":"B","date":"2018-04-24T02:42:41.000Z","volume":69400,"label":" ","price":34.85},{"type":"U","date":"2018-04-24T02:42:41.000Z","volume":400,"label":"X","price":34.85},{"type":"A","date":"2018-04-24T02:42:41.000Z","volume":2400,"label":" ","price":34.85},{"type":"A","date":"2018-04-24T02:42:41.000Z","volume":1400,"label":" ","price":34.85},{"type":"U","date":"2018-04-24T02:42:41.000Z","volume":1000,"label":"X","price":34.825},{"type":"A","date":"2018-04-24T02:42:42.000Z","volume":5200,"label":" ","price":34.85},{"type":"U","date":"2018-04-24T02:42:42.000Z","volume":2200,"label":"X","price":34.825},{"type":"U","date":"2018-04-24T02:42:42.000Z","volume":2200,"label":"X","price":34.825},{"type":"U","date":"2018-04-24T02:42:42.000Z","volume":600,"label":"X","price":34.825},{"type":"B","date":"2018-04-24T02:42:44.000Z","volume":40200,"label":" ","price":34.8},{"type":"A","date":"2018-04-24T02:42:44.000Z","volume":400,"label":" ","price":34.85},{"type":"U","date":"2018-04-24T02:42:45.000Z","volume":2600,"label":"X","price":34.8},{"type":"U","date":"2018-04-24T02:42:45.000Z","volume":800,"label":"X","price":34.8},{"type":"U","date":"2018-04-24T02:42:45.000Z","volume":200,"label":"X","price":34.8},{"type":"B","date":"2018-04-24T02:42:49.000Z","volume":7600,"label":" ","price":34.75},{"type":"U","date":"2018-04-24T02:42:53.000Z","volume":1000,"label":"X","price":34.775},{"type":"B","date":"2018-04-24T02:42:57.000Z","volume":200,"label":" ","price":34.75},{"type":"B","date":"2018-04-24T02:42:58.000Z","volume":2000,"label":" ","price":34.75},{"type":"B","date":"2018-04-24T02:42:58.000Z","volume":200,"label":" ","price":34.7},{"type":"A","date":"2018-04-24T02:42:58.000Z","volume":5400,"label":" ","price":34.7},{"type":"A","date":"2018-04-24T02:43:02.000Z","volume":400,"label":" ","price":34.7},{"type":"U","date":"2018-04-24T02:43:05.000Z","volume":200,"label":"X","price":34.675},{"type":"U","date":"2018-04-24T02:43:05.000Z","volume":600,"label":"X","price":34.675},{"type":"A","date":"2018-04-24T02:43:07.000Z","volume":14000,"label":" ","price":34.7},{"type":"A","date":"2018-04-24T02:43:07.000Z","volume":5400,"label":" ","price":34.7},{"type":"A","date":"2018-04-24T02:43:07.000Z","volume":5400,"label":" ","price":34.7},{"type":"A","date":"2018-04-24T02:43:07.000Z","volume":2400,"label":" ","price":34.7},{"type":"A","date":"2018-04-24T02:43:07.000Z","volume":400,"label":" ","price":34.7},{"type":"A","date":"2018-04-24T02:43:16.000Z","volume":6200,"label":" ","price":34.7},{"type":"A","date":"2018-04-24T02:43:16.000Z","volume":200,"label":" ","price":34.7},{"type":"A","date":"2018-04-24T02:43:16.000Z","volume":1000,"label":" ","price":34.7},{"type":"A","date":"2018-04-24T02:43:19.000Z","volume":200,"label":" ","price":34.75},{"type":"B","date":"2018-04-24T02:43:24.000Z","volume":800,"label":" ","price":34.7},{"type":"A","date":"2018-04-24T02:43:34.000Z","volume":28600,"label":" ","price":34.75},{"type":"A","date":"2018-04-24T02:43:34.000Z","volume":5400,"label":" ","price":34.75},{"type":"A","date":"2018-04-24T02:43:34.000Z","volume":7600,"label":" ","price":34.75},{"type":"A","date":"2018-04-24T02:43:34.000Z","volume":1000,"label":" ","price":34.75},{"type":"A","date":"2018-04-24T02:43:36.000Z","volume":1200,"label":" ","price":34.75},{"type":"A","date":"2018-04-24T02:43:39.000Z","volume":400,"label":" ","price":34.75},{"type":"A","date":"2018-04-24T02:43:44.000Z","volume":400,"label":" ","price":34.75},{"type":"U","date":"2018-04-24T02:43:54.000Z","volume":1000,"label":" ","price":34.75},{"type":"A","date":"2018-04-24T02:43:59.000Z","volume":400,"label":" ","price":34.75},{"type":"B","date":"2018-04-24T02:44:24.000Z","volume":600,"label":" ","price":34.7},{"type":"B","date":"2018-04-24T02:45:24.000Z","volume":600,"label":" ","price":34.7},{"type":"B","date":"2018-04-24T02:45:42.000Z","volume":200,"label":" ","price":34.7},{"type":"B","date":"2018-04-24T02:46:09.000Z","volume":16000,"label":" ","price":34.7},{"type":"U","date":"2018-04-24T02:46:19.000Z","volume":600,"label":"X","price":34.725},{"type":"U","date":"2018-04-24T02:46:24.000Z","volume":200,"label":"X","price":34.725},{"type":"U","date":"2018-04-24T02:46:24.000Z","volume":400,"label":"X","price":34.725},{"type":"U","date":"2018-04-24T02:46:24.000Z","volume":600,"label":"X","price":34.725},{"type":"B","date":"2018-04-24T02:46:24.000Z","volume":800,"label":" ","price":34.7},{"type":"U","date":"2018-04-24T02:46:24.000Z","volume":600,"label":"X","price":34.725},{"type":"U","date":"2018-04-24T02:46:25.000Z","volume":200,"label":"X","price":34.725},{"type":"A","date":"2018-04-24T02:46:56.000Z","volume":200,"label":" ","price":34.75},{"type":"B","date":"2018-04-24T02:47:24.000Z","volume":600,"label":" ","price":34.7},{"type":"U","date":"2018-04-24T02:47:25.000Z","volume":200,"label":"X","price":34.725},{"type":"A","date":"2018-04-24T02:47:33.000Z","volume":200,"label":"Y","price":34.75},{"type":"A","date":"2018-04-24T02:48:23.000Z","volume":12000,"label":"Y","price":34.75},{"type":"A","date":"2018-04-24T02:48:23.000Z","volume":1600,"label":" ","price":34.75},{"type":"B","date":"2018-04-24T02:48:26.000Z","volume":800,"label":" ","price":34.7},{"type":"A","date":"2018-04-24T02:49:10.000Z","volume":200,"label":" ","price":34.75},{"type":"B","date":"2018-04-24T02:49:26.000Z","volume":600,"label":" ","price":34.7}