[{"type":"A","date":"2018-03-13T07:59:51.000Z","volume":78000,"price":4.62,"category":"ubbull"},{"type":"A","date":"2018-03-13T07:57:23.000Z","volume":80000,"price":4.61,"category":"ubbull"},{"type":"A","date":"2018-03-13T07:51:50.000Z","volume":498000,"price":4.61,"category":"ubbull"},{"type":"A","date":"2018-03-13T07:41:24.000Z","volume":80000,"price":4.61,"category":"ubbull"},{"type":"A","date":"2018-03-13T07:39:21.000Z","volume":90000,"price":4.61,"category":"ubbull"},{"type":"A","date":"2018-03-13T06:44:11.000Z","volume":122000,"price":4.61,"category":"ubbull"},{"type":"A","date":"2018-03-13T06:44:11.000Z","volume":100000,"price":4.61,"category":"ubbull"},{"type":"A","date":"2018-03-13T06:32:30.000Z","volume":96000,"price":4.61,"category":"ubbull"},{"type":"A","date":"2018-03-13T06:32:30.000Z","volume":166000,"price":4.61,"category":"ubbull"},{"type":"A","date":"2018-03-13T05:45:37.000Z","volume":72000,"price":4.62,"category":"ubbull"},{"type":"A","date":"2018-03-13T05:00:01.000Z","volume":72000,"price":4.61,"category":"ubbull"},{"type":"A","date":"2018-03-13T03:48:23.000Z","volume":178000,"price":4.61,"category":"ubbull"},{"type":"A","date":"2018-03-13T03:25:27.000Z","volume":144000,"price":4.63,"category":"ubbull"},{"type":"A","date":"2018-03-13T02:54:52.000Z","volume":100000,"price":4.64,"category":"ubbull"},{"type":"A","date":"2018-03-13T02:46:43.000Z","volume":106000,"price":4.63,"category":"ubbull"},{"type":"A","date":"2018-03-13T02:27:09.000Z","volume":150000,"price":4.66,"category":"ubbull"},{"type":"A","date":"2018-03-13T02:26:15.000Z","volume":66000,"price":4.65,"category":"ubbull"},{"type":"A","date":"2018-03-13T02:24:24.000Z","volume":246000,"price":4.65,"category":"ubbull"},{"type":"A","date":"2018-03-13T02:24:24.000Z","volume":154000,"price":4.65,"category":"ubbull"},{"type":"A","date":"2018-03-13T02:22:01.000Z","volume":296000,"price":4.64,"category":"ubbull"},{"type":"A","date":"2018-03-13T02:22:01.000Z","volume":110000,"price":4.64,"category":"ubbull"},{"type":"A","date":"2018-03-13T02:14:09.000Z","volume":64000,"price":4.63,"category":"ubbull"},{"type":"A","date":"2018-03-13T02:00:17.000Z","volume":96000,"price":4.64,"category":"ubbull"},{"type":"A","date":"2018-03-13T01:55:24.000Z","volume":88000,"price":4.65,"category":"ubbull"},{"type":"A","date":"2018-03-13T01:54:12.000Z","volume":100000,"price":4.65,"category":"ubbull"},{"type":"A","date":"2018-03-13T01:49:42.000Z","volume":92000,"price":4.65,"category":"ubbull"},{"type":"A","date":"2018-03-13T01:47:55.000Z","volume":70000,"price":4.65,"category":"ubbull"},{"type":"A","date":"2018-03-13T01:45:27.000Z","volume":196000,"price":4.64,"category":"ubbull"},{"type":"A","date":"2018-03-13T01:37:05.000Z","volume":144000,"price":4.62,"category":"ubbull"},{"type":"A","date":"2018-03-13T01:33:40.000Z","volume":114000,"price":4.61,"category":"ubbull"},{"type":"A","date":"2018-03-13T01:33:40.000Z","volume":400000,"price":4.61,"category":"ubbull"},{"type":"A","date":"2018-03-13T07:47:27.000Z","volume":50000,"price":4.61,"category":"bbull"},{"type":"A","date":"2018-03-13T07:45:34.000Z","volume":40000,"price":4.61,"category":"bbull"},{"type":"A","date":"2018-03-13T07:36:38.000Z","volume":22000,"price":4.61,"category":"bbull"},{"type":"A","date":"2018-03-13T07:34:31.000Z","volume":22000,"price":4.61,"category":"bbull"},{"type":"A","date":"2018-03-13T07:30:08.000Z","volume":22000,"price":4.61,"category":"bbull"},{"type":"A","date":"2018-03-13T07:17:36.000Z","volume":30000,"price":4.61,"category":"bbull"},{"type":"A","date":"2018-03-13T07:11:44.000Z","volume":50000,"price":4.61,"category":"bbull"},{"type":"A","date":"2018-03-13T07:11:43.000Z","volume":24000,"price":4.61,"category":"bbull"},{"type":"A","date":"2018-03-13T07:04:14.000Z","volume":22000,"price":4.61,"category":"bbull"},{"type":"A","date":"2018-03-13T07:01:01.000Z","volume":30000,"price":4.61,"category":"bbull"},{"type":"A","date":"2018-03-13T06:54:23.000Z","volume":24000,"price":4.61,"category":"bbull"},{"type":"A","date":"2018-03-13T06:39:27.000Z","volume":34000,"price":4.61,"category":"bbull"},{"type":"A","date":"2018-03-13T06:32:30.000Z","volume":40000,"price":4.61,"category":"bbull"},{"type":"A","date":"2018-03-13T06:25:59.000Z","volume":22000,"price":4.61,"category":"bbull"},{"type":"A","date":"2018-03-13T06:18:28.000Z","volume":22000,"price":4.62,"category":"bbull"},{"type":"A","date":"2018-03-13T06:13:47.000Z","volume":46000,"price":4.62,"category":"bbull"},{"type":"A","date":"2018-03-13T06:12:52.000Z","volume":22000,"price":4.62,"category":"bbull"},{"type":"A","date":"2018-03-13T05:50:02.000Z","volume":22000,"price":4.63,"category":"bbull"},{"type":"A","date":"2018-03-13T05:48:23.000Z","volume":58000,"price":4.62,"category":"bbull"},{"type":"A","date":"2018-03-13T05:45:37.000Z","volume":30000,"price":4.62,"category":"bbull"},{"type":"A","date":"2018-03-13T05:43:13.000Z","volume":24000,"price":4.62,"category":"bbull"},{"type":"A","date":"2018-03-13T05:13:39.000Z","volume":28000,"price":4.62,"category":"bbull"},{"type":"A","date":"2018-03-13T05:13:28.000Z","volume":50000,"price":4.62,"category":"bbull"},{"type":"A","date":"2018-03-13T05:13:01.000Z","volume":30000,"price":4.62,"category":"bbull"},{"type":"A","date":"2018-03-13T05:11:55.000Z","volume":58000,"price":4.62,"category":"bbull"},{"type":"A","date":"2018-03-13T03:52:32.000Z","volume":28000,"price":4.61,"category":"bbull"},{"type":"A","date":"2018-03-13T02:46:43.000Z","volume":50000,"price":4.63,"category":"bbull"},{"type":"A","date":"2018-03-13T02:35:10.000Z","volume":50000,"price":4.65,"category":"bbull"},{"type":"A","date":"2018-03-13T02:27:09.000Z","volume":32000,"price":4.66,"category":"bbull"},{"type":"A","date":"2018-03-13T02:26:15.000Z","volume":58000,"price":4.65,"category":"bbull"},{"type":"A","date":"2018-03-13T02:24:24.000Z","volume":42000,"price":4.65,"category":"bbull"},{"type":"A","date":"2018-03-13T02:17:29.000Z","volume":44000,"price":4.63,"category":"bbull"},{"type":"A","date":"2018-03-13T02:05:28.000Z","volume":26000,"price":4.63,"category":"bbull"},{"type":"A","date":"2018-03-13T02:05:28.000Z","volume":34000,"price":4.63,"category":"bbull"},{"type":"A","date":"2018-03-13T02:03:28.000Z","volume":60000,"price":4.63,"category":"bbull"},{"type":"A","date":"2018-03-13T01:57:43.000Z","volume":60000,"price":4.64,"category":"bbull"},{"type":"A","date":"2018-03-13T01:49:41.000Z","volume":32000,"price":4.64,"category":"bbull"},{"type":"A","date":"2018-03-13T01:49:07.000Z","volume":42000,"price":4.65,"category":"bbull"},{"type":"A","date":"2018-03-13T01:45:41.000Z","volume":26000,"price":4.64,"category":"bbull"},{"type":"A","date":"2018-03-13T01:42:00.000Z","volume":24000,"price":4.63,"category":"bbull"},{"type":"A","date":"2018-03-13T01:37:50.000Z","volume":52000,"price":4.63,"category":"bbull"},{"type":"A","date":"2018-03-13T01:33:40.000Z","volume":44000,"price":4.61,"category":"bbull"},{"type":"A","date":"2018-03-13T01:33:22.000Z","volume":30000,"price":4.6,"category":"bbull"},{"type":"A","date":"2018-03-13T01:30:01.000Z","volume":34000,"price":4.6,"category":"bbull"},{"type":"A","date":"2018-03-13T07:59:38.000Z","volume":2000,"price":4.62,"category":"rbull"},{"type":"A","date":"2018-03-13T07:59:14.000Z","volume":2000,"price":4.62,"category":"rbull"},{"type":"A","date":"2018-03-13T07:59:04.000Z","volume":2000,"price":4.61,"category":"rbull"},{"type":"A","date":"2018-03-13T07:59:02.000Z","volume":2000,"price":4.61,"category":"rbull"},{"type":"A","date":"2018-03-13T07:59:02.000Z","volume":2000,"price":4.61,"category":"rbull"},{"type":"A","date":"2018-03-13T07:59:01.000Z","volume":2000,"price":4.61,"category":"rbull"},{"type":"A","date":"2018-03-13T07:59:01.000Z","volume":2000,"price":4.61,"category":"rbull"},{"type":"A","date":"2018-03-13T07:59:01.000Z","volume":2000,"price":4.61,"category":"rbull"},{"type":"A","date":"2018-03-13T07:57:15.000Z","volume":2000,"price":4.62,"category":"rbull"},{"type":"A","date":"2018-03-13T07:56:18.000Z","volume":2000,"price":4.62,"category":"rbull"},{"type":"A","date":"2018-03-13T07:56:14.000Z","volume":2000,"price":4.62,"category":"rbull"},{"type":"A","date":"2018-03-13T07:53:56.000Z","volume":2000,"price":4.62,"category":"rbull"},{"type":"A","date":"2018-03-13T07:53:03.000Z","volume":2000,"price":4.62,"category":"rbull"},{"type":"A","date":"2018-03-13T07:52:40.000Z","volume":2000,"price":4.62,"category":"rbull"},{"type":"A","date":"2018-03-13T07:52:02.000Z","volume":2000,"price":4.62,"category":"rbull"},{"type":"A","date":"2018-03-13T07:52:00.000Z","volume":2000,"price":4.62,"category":"rbull"},{"type":"A","date":"2018-03-13T07:50:32.000Z","volume":2000,"price":4.61,"category":"rbull"},{"type":"A","date":"2018-03-13T07:48:15.000Z","volume":2000,"price":4.61,"category":"rbull"},{"type":"A","date":"2018-03-13T07:48:13.000Z","volume":2000,"price":4.61,"category":"rbull"},{"type":"A","date":"2018-03-13T07:45:54.000Z","volume":2000,"price":4.61,"category":"rbull"},{"type":"A","date":"2018-03-13T07:45:47.000Z","volume":2000,"price":4.61,"category":"rbull"},{"type":"A","date":"2018-03-13T07:45:34.000Z","volume":2000,"price":4.61,"category":"rbull"},{"type":"A","date":"2018-03-13T07:45:00.000Z","volume":2000,"price":4.61,"category":"rbull"},{"type":"A","date":"2018-03-13T07:43:38.000Z","volume":2000,"price":4.61,"category":"rbull"},{"type":"A","date":"2018-03-13T07:42:13.000Z","volume":2000,"price":4.61,"category":"rbull"},{"type":"A","date":"2018-03-13T07:41:23.000Z","volume":2000,"price":4.61,"category":"rbull"},{"type":"A","date":"2018-03-13T07:41:18.000Z","volume":2000,"price":4.61,"category":"rbull"},{"type":"A","date":"2018-03-13T07:39:54.000Z","volume":2000,"price":4.61,"category":"rbull"},{"type":"A","date":"2018-03-13T07:38:28.000Z","volume":2000,"price":4.61,"category":"rbull"},{"type":"A","date":"2018-03-13T07:33:57.000Z","volume":2000,"price":4.61,"category":"rbull"},{"type":"A","date":"2018-03-13T07:31:33.000Z","volume":2000,"price":4.61,"category":"rbull"},{"type":"A","date":"2018-03-13T07:29:57.000Z","volume":2000,"price":4.61,"category":"rbull"},{"type":"A","date":"2018-03-13T07:29:11.000Z","volume":2000,"price":4.61,"category":"rbull"},{"type":"A","date":"2018-03-13T07:28:33.000Z","volume":2000,"price":4.61,"category":"rbull"},{"type":"A","date":"2018-03-13T07:27:47.000Z","volume":2000,"price":4.61,"category":"rbull"},{"type":"A","date":"2018-03-13T07:25:10.000Z","volume":2000,"price":4.61,"category":"rbull"},{"type":"A","date":"2018-03-13T07:25:01.000Z","volume":2000,"price":4.61,"category":"rbull"},{"type":"A","date":"2018-03-13T07:22:32.000Z","volume":2000,"price":4.61,"category":"rbull"},{"type":"A","date":"2018-03-13T07:20:31.000Z","volume":2000,"price":4.61,"category":"rbull"},{"type":"A","date":"2018-03-13T07:20:13.000Z","volume":2000,"price":4.61,"category":"rbull"},{"type":"A","date":"2018-03-13T07:14:39.000Z","volume":2000,"price":4.61,"category":"rbull"},{"type":"A","date":"2018-03-13T07:13:33.000Z","volume":2000,"price":4.61,"category":"rbull"},{"type":"A","date":"2018-03-13T07:12:23.000Z","volume":2000,"price":4.61,"category":"rbull"},{"type":"A","date":"2018-03-13T07:12:02.000Z","volume":2000,"price":4.61,"category":"rbull"},{"type":"A","date":"2018-03-13T07:10:27.000Z","volume":2000,"price":4.61,"category":"rbull"},{"type":"A","date":"2018-03-13T07:08:35.000Z","volume":2000,"price":4.61,"category":"rbull"},{"type":"A","date":"2018-03-13T07:04:19.000Z","volume":2000,"price":4.61,"category":"rbull"},{"type":"A","date":"2018-03-13T07:01:01.000Z","volume":2000,"price":4.61,"category":"rbull"},{"type":"A","date":"2018-03-13T07:00:11.000Z","volume":2000,"price":4.61,"category":"rbull"},{"type":"A","date":"2018-03-13T06:59:52.000Z","volume":2000,"price":4.61,"category":"rbull"},{"type":"A","date":"2018-03-13T06:59:46.000Z","volume":2000,"price":4.61,"category":"rbull"},{"type":"A","date":"2018-03-13T06:58:11.000Z","volume":2000,"price":4.61,"category":"rbull"},{"type":"A","date":"2018-03-13T06:58:03.000Z","volume":2000,"price":4.61,"category":"rbull"},{"type":"A","date":"2018-03-13T06:53:48.000Z","volume":2000,"price":4.61,"category":"rbull"},{"type":"A","date":"2018-03-13T06:53:19.000Z","volume":2000,"price":4.61,"category":"rbull"},{"type":"A","date":"2018-03-13T06:52:08.000Z","volume":2000,"price":4.61,"category":"rbull"},{"type":"A","date":"2018-03-13T06:50:01.000Z","volume":2000,"price":4.61,"category":"rbull"},{"type":"A","date":"2018-03-13T06:49:47.000Z","volume":2000,"price":4.61,"category":"rbull"},{"type":"A","date":"2018-03-13T06:44:17.000Z","volume":2000,"price":4.62,"category":"rbull"},{"type":"A","date":"2018-03-13T06:43:42.000Z","volume":2000,"price":4.61,"category":"rbull"},{"type":"A","date":"2018-03-13T06:41:52.000Z","volume":2000,"price":4.61,"category":"rbull"},{"type":"A","date":"2018-03-13T06:40:10.000Z","volume":2000,"price":4.61,"category":"rbull"},{"type":"A","date":"2018-03-13T06:39:30.000Z","volume":2000,"price":4.61,"category":"rbull"},{"type":"A","date":"2018-03-13T06:39:26.000Z","volume":2000,"price":4.61,"category":"rbull"},{"type":"A","date":"2018-03-13T06:36:54.000Z","volume":2000,"price":4.62,"category":"rbull"},{"type":"A","date":"2018-03-13T06:31:02.000Z","volume":2000,"price":4.61,"category":"rbull"},{"type":"A","date":"2018-03-13T06:31:02.000Z","volume":2000,"price":4.61,"category":"rbull"},{"type":"A","date":"2018-03-13T06:29:56.000Z","volume":2000,"price":4.61,"category":"rbull"},{"type":"A","date":"2018-03-13T06:26:59.000Z","volume":2000,"price":4.61,"category":"rbull"},{"type":"A","date":"2018-03-13T06:26:10.000Z","volume":2000,"price":4.61,"category":"rbull"},{"type":"A","date":"2018-03-13T06:23:57.000Z","volume":2000,"price":4.61,"category":"rbull"},{"type":"A","date":"2018-03-13T06:21:35.000Z","volume":2000,"price":4.61,"category":"rbull"},{"type":"A","date":"2018-03-13T06:20:40.000Z","volume":2000,"price":4.61,"category":"rbull"},{"type":"A","date":"2018-03-13T06:20:09.000Z","volume":2000,"price":4.61,"category":"rbull"},{"type":"A","date":"2018-03-13T06:18:12.000Z","volume":2000,"price":4.62,"category":"rbull"},{"type":"A","date":"2018-03-13T06:14:40.000Z","volume":2000,"price":4.62,"category":"rbull"},{"type":"A","date":"2018-03-13T06:14:17.000Z","volume":2000,"price":4.62,"category":"rbull"},{"type":"A","date":"2018-03-13T06:07:01.000Z","volume":2000,"price":4.62,"category":"rbull"},{"type":"A","date":"2018-03-13T05:57:28.000Z","volume":2000,"price":4.63,"category":"rbull"},{"type":"A","date":"2018-03-13T05:54:10.000Z","volume":2000,"price":4.63,"category":"rbull"},{"type":"A","date":"2018-03-13T05:49:37.000Z","volume":2000,"price":4.63,"category":"rbull"},{"type":"A","date":"2018-03-13T05:48:07.000Z","volume":2000,"price":4.62,"category":"rbull"},{"type":"A","date":"2018-03-13T05:43:19.000Z","volume":2000,"price":4.62,"category":"rbull"},{"type":"A","date":"2018-03-13T05:36:32.000Z","volume":2000,"price":4.62,"category":"rbull"},{"type":"A","date":"2018-03-13T05:30:48.000Z","volume":2000,"price":4.62,"category":"rbull"},{"type":"A","date":"2018-03-13T05:25:58.000Z","volume":2000,"price":4.62,"category":"rbull"},{"type":"A","date":"2018-03-13T05:25:57.000Z","volume":2000,"price":4.62,"category":"rbull"},{"type":"A","date":"2018-03-13T05:14:08.000Z","volume":2000,"price":4.62,"category":"rbull"},{"type":"A","date":"2018-03-13T05:13:36.000Z","volume":2000,"price":4.62,"category":"rbull"},{"type":"A","date":"2018-03-13T05:13:32.000Z","volume":2000,"price":4.62,"category":"rbull"},{"type":"A","date":"2018-03-13T05:12:02.000Z","volume":2000,"price":4.63,"category":"rbull"},{"type":"A","date":"2018-03-13T05:09:17.000Z","volume":2000,"price":4.62,"category":"rbull"},{"type":"A","date":"2018-03-13T05:02:30.000Z","volume":2000,"price":4.62,"category":"rbull"},{"type":"A","date":"2018-03-13T05:00:02.000Z","volume":2000,"price":4.62,"category":"rbull"},{"type":"A","date":"2018-03-13T05:00:02.000Z","volume":2000,"price":4.62,"category":"rbull"},{"type":"A","date":"2018-03-13T03:57:50.000Z","volume":2000,"price":4.61,"category":"rbull"},{"type":"A","date":"2018-03-13T03:46:06.000Z","volume":2000,"price":4.61,"category":"rbull"},{"type":"A","date":"2018-03-13T03:45:24.000Z","volume":2000,"price":4.61,"category":"rbull"},{"type":"A","date":"2018-03-13T03:44:48.000Z","volume":2000,"price":4.61,"category":"rbull"},{"type":"A","date":"2018-03-13T03:35:35.000Z","volume":2000,"price":4.63,"category":"rbull"},{"type":"A","date":"2018-03-13T03:23:24.000Z","volume":2000,"price":4.63,"category":"rbull"},{"type":"A","date":"2018-03-13T03:23:22.000Z","volume":2000,"price":4.63,"category":"rbull"},{"type":"A","date":"2018-03-13T03:21:51.000Z","volume":2000,"price":4.63,"category":"rbull"},{"type":"A","date":"2018-03-13T03:14:40.000Z","volume":2000,"price":4.63,"category":"rbull"},{"type":"A","date":"2018-03-13T03:13:17.000Z","volume":2000,"price":4.63,"category":"rbull"},{"type":"A","date":"2018-03-13T03:12:09.000Z","volume":2000,"price":4.63,"category":"rbull"},{"type":"A","date":"2018-03-13T03:09:05.000Z","volume":2000,"price":4.63,"category":"rbull"},{"type":"A","date":"2018-03-13T03:06:20.000Z","volume":2000,"price":4.63,"category":"rbull"},{"type":"A","date":"2018-03-13T03:06:17.000Z","volume":2000,"price":4.63,"category":"rbull"},{"type":"A","date":"2018-03-13T02:58:59.000Z","volume":2000,"price":4.63,"category":"rbull"},{"type":"A","date":"2018-03-13T02:53:00.000Z","volume":2000,"price":4.64,"category":"rbull"},{"type":"A","date":"2018-03-13T02:49:45.000Z","volume":2000,"price":4.64,"category":"rbull"},{"type":"A","date":"2018-03-13T02:49:30.000Z","volume":2000,"price":4.64,"category":"rbull"},{"type":"A","date":"2018-03-13T02:46:00.000Z","volume":2000,"price":4.63,"category":"rbull"},{"type":"A","date":"2018-03-13T02:44:40.000Z","volume":2000,"price":4.63,"category":"rbull"},{"type":"A","date":"2018-03-13T02:44:31.000Z","volume":2000,"price":4.63,"category":"rbull"},{"type":"A","date":"2018-03-13T02:40:40.000Z","volume":2000,"price":4.63,"category":"rbull"},{"type":"A","date":"2018-03-13T02:39:33.000Z","volume":2000,"price":4.63,"category":"rbull"},{"type":"A","date":"2018-03-13T02:38:20.000Z","volume":2000,"price":4.65,"category":"rbull"},{"type":"A","date":"2018-03-13T02:37:00.000Z","volume":2000,"price":4.65,"category":"rbull"},{"type":"A","date":"2018-03-13T02:35:15.000Z","volume":2000,"price":4.65,"category":"rbull"},{"type":"A","date":"2018-03-13T02:30:00.000Z","volume":2000,"price":4.66,"category":"rbull"},{"type":"A","date":"2018-03-13T02:23:38.000Z","volume":2000,"price":4.65,"category":"rbull"},{"type":"A","date":"2018-03-13T02:23:30.000Z","volume":2000,"price":4.65,"category":"rbull"},{"type":"A","date":"2018-03-13T02:14:15.000Z","volume":2000,"price":4.64,"category":"rbull"},{"type":"A","date":"2018-03-13T02:13:23.000Z","volume":2000,"price":4.63,"category":"rbull"},{"type":"A","date":"2018-03-13T02:11:45.000Z","volume":2000,"price":4.63,"category":"rbull"},{"type":"A","date":"2018-03-13T02:08:34.000Z","volume":2000,"price":4.64,"category":"rbull"},{"type":"A","date":"2018-03-13T02:05:00.000Z","volume":2000,"price":4.63,"category":"rbull"},{"type":"A","date":"2018-03-13T02:03:28.000Z","volume":2000,"price":4.63,"category":"rbull"},{"type":"A","date":"2018-03-13T02:02:36.000Z","volume":2000,"price":4.64,"category":"rbull"},{"type":"A","date":"2018-03-13T02:02:09.000Z","volume":2000,"price":4.64,"category":"rbull"},{"type":"A","date":"2018-03-13T02:01:15.000Z","volume":2000,"price":4.65,"category":"rbull"},{"type":"A","date":"2018-03-13T01:49:07.000Z","volume":2000,"price":4.65,"category":"rbull"},{"type":"A","date":"2018-03-13T01:48:24.000Z","volume":2000,"price":4.66,"category":"rbull"},{"type":"A","date":"2018-03-13T01:47:39.000Z","volume":2000,"price":4.65,"category":"rbull"},{"type":"A","date":"2018-03-13T01:43:40.000Z","volume":2000,"price":4.64,"category":"rbull"},{"type":"A","date":"2018-03-13T01:43:30.000Z","volume":2000,"price":4.64,"category":"rbull"},{"type":"A","date":"2018-03-13T01:41:31.000Z","volume":2000,"price":4.63,"category":"rbull"},{"type":"A","date":"2018-03-13T01:32:00.000Z","volume":2000,"price":4.61,"category":"rbull"},{"type":"B","date":"2018-03-13T07:54:43.000Z","volume":2000,"price":4.6,"category":"rbear"},{"type":"B","date":"2018-03-13T07:51:54.000Z","volume":2000,"price":4.6,"category":"rbear"},{"type":"B","date":"2018-03-13T07:51:23.000Z","volume":2000,"price":4.6,"category":"rbear"},{"type":"B","date":"2018-03-13T07:51:23.000Z","volume":2000,"price":4.6,"category":"rbear"},{"type":"B","date":"2018-03-13T07:49:18.000Z","volume":2000,"price":4.6,"category":"rbear"},{"type":"B","date":"2018-03-13T07:47:21.000Z","volume":2000,"price":4.6,"category":"rbear"},{"type":"B","date":"2018-03-13T07:33:13.000Z","volume":2000,"price":4.6,"category":"rbear"},{"type":"B","date":"2018-03-13T07:31:34.000Z","volume":2000,"price":4.6,"category":"rbear"},{"type":"B","date":"2018-03-13T07:24:24.000Z","volume":2000,"price":4.6,"category":"rbear"},{"type":"B","date":"2018-03-13T07:20:06.000Z","volume":2000,"price":4.6,"category":"rbear"},{"type":"B","date":"2018-03-13T07:00:34.000Z","volume":2000,"price":4.6,"category":"rbear"},{"type":"B","date":"2018-03-13T06:46:58.000Z","volume":2000,"price":4.6,"category":"rbear"},{"type":"B","date":"2018-03-13T06:32:36.000Z","volume":2000,"price":4.61,"category":"rbear"},{"type":"B","date":"2018-03-13T06:28:11.000Z","volume":2000,"price":4.6,"category":"rbear"},{"type":"B","date":"2018-03-13T06:26:07.000Z","volume":2000,"price":4.6,"category":"rbear"},{"type":"B","date":"2018-03-13T06:24:09.000Z","volume":2000,"price":4.6,"category":"rbear"},{"type":"B","date":"2018-03-13T06:22:05.000Z","volume":2000,"price":4.6,"category":"rbear"},{"type":"B","date":"2018-03-13T06:20:08.000Z","volume":2000,"price":4.6,"category":"rbear"},{"type":"B","date":"2018-03-13T06:18:03.000Z","volume":2000,"price":4.61,"category":"rbear"},{"type":"B","date":"2018-03-13T06:16:09.000Z","volume":2000,"price":4.61,"category":"rbear"},{"type":"B","date":"2018-03-13T06:13:06.000Z","volume":2000,"price":4.61,"category":"rbear"},{"type":"B","date":"2018-03-13T06:11:02.000Z","volume":2000,"price":4.61,"category":"rbear"},{"type":"B","date":"2018-03-13T06:09:07.000Z","volume":2000,"price":4.61,"category":"rbear"},{"type":"B","date":"2018-03-13T06:09:05.000Z","volume":2000,"price":4.61,"category":"rbear"},{"type":"B","date":"2018-03-13T06:07:06.000Z","volume":2000,"price":4.61,"category":"rbear"},{"type":"B","date":"2018-03-13T06:05:27.000Z","volume":2000,"price":4.61,"category":"rbear"},{"type":"B","date":"2018-03-13T06:05:00.000Z","volume":2000,"price":4.61,"category":"rbear"},{"type":"B","date":"2018-03-13T06:03:00.000Z","volume":2000,"price":4.61,"category":"rbear"},{"type":"B","date":"2018-03-13T06:02:02.000Z","volume":2000,"price":4.62,"category":"rbear"},{"type":"B","date":"2018-03-13T06:00:59.000Z","volume":2000,"price":4.61,"category":"rbear"},{"type":"B","date":"2018-03-13T05:57:40.000Z","volume":2000,"price":4.62,"category":"rbear"},{"type":"B","date":"2018-03-13T03:45:24.000Z","volume":2000,"price":4.6,"category":"rbear"},{"type":"B","date":"2018-03-13T03:42:07.000Z","volume":2000,"price":4.61,"category":"rbear"},{"type":"B","date":"2018-03-13T03:36:31.000Z","volume":2000,"price":4.62,"category":"rbear"},{"type":"B","date":"2018-03-13T03:32:15.000Z","volume":2000,"price":4.63,"category":"rbear"},{"type":"B","date":"2018-03-13T02:57:56.000Z","volume":2000,"price":4.63,"category":"rbear"},{"type":"B","date":"2018-03-13T02:09:03.000Z","volume":2000,"price":4.62,"category":"rbear"},{"type":"B","date":"2018-03-13T02:08:12.000Z","volume":2000,"price":4.62,"category":"rbear"},{"type":"B","date":"2018-03-13T02:02:47.000Z","volume":2000,"price":4.63,"category":"rbear"},{"type":"B","date":"2018-03-13T01:59:04.000Z","volume":2000,"price":4.63,"category":"rbear"},{"type":"B","date":"2018-03-13T01:45:31.000Z","volume":2000,"price":4.64,"category":"rbear"},{"type":"B","date":"2018-03-13T01:39:47.000Z","volume":2000,"price":4.62,"category":"rbear"},{"type":"B","date":"2018-03-13T01:38:32.000Z","volume":2000,"price":4.62,"category":"rbear"},{"type":"B","date":"2018-03-13T01:38:30.000Z","volume":2000,"price":4.62,"category":"rbear"},{"type":"B","date":"2018-03-13T01:33:40.000Z","volume":2000,"price":4.6,"category":"rbear"},{"type":"B","date":"2018-03-13T01:33:21.000Z","volume":2000,"price":4.6,"category":"rbear"},{"type":"B","date":"2018-03-13T01:31:47.000Z","volume":2000,"price":4.6,"category":"rbear"},{"type":"B","date":"2018-03-13T01:31:10.000Z","volume":2000,"price":4.61,"category":"rbear"},{"type":"B","date":"2018-03-13T01:30:02.000Z","volume":2000,"price":4.6,"category":"rbear"},{"type":"B","date":"2018-03-13T07:57:23.000Z","volume":28000,"price":4.61,"category":"bbear"},{"type":"B","date":"2018-03-13T07:57:23.000Z","volume":58000,"price":4.61,"category":"bbear"},{"type":"B","date":"2018-03-13T07:54:43.000Z","volume":42000,"price":4.61,"category":"bbear"},{"type":"B","date":"2018-03-13T07:44:10.000Z","volume":30000,"price":4.6,"category":"bbear"},{"type":"B","date":"2018-03-13T06:19:34.000Z","volume":28000,"price":4.61,"category":"bbear"},{"type":"B","date":"2018-03-13T05:57:40.000Z","volume":48000,"price":4.62,"category":"bbear"},{"type":"B","date":"2018-03-13T05:13:49.000Z","volume":22000,"price":4.62,"category":"bbear"},{"type":"B","date":"2018-03-13T05:13:24.000Z","volume":36000,"price":4.62,"category":"bbear"},{"type":"B","date":"2018-03-13T05:12:58.000Z","volume":34000,"price":4.62,"category":"bbear"},{"type":"B","date":"2018-03-13T05:11:57.000Z","volume":30000,"price":4.61,"category":"bbear"},{"type":"B","date":"2018-03-13T03:44:28.000Z","volume":22000,"price":4.61,"category":"bbear"},{"type":"B","date":"2018-03-13T03:37:08.000Z","volume":30000,"price":4.62,"category":"bbear"},{"type":"B","date":"2018-03-13T03:36:33.000Z","volume":50000,"price":4.62,"category":"bbear"},{"type":"B","date":"2018-03-13T03:25:46.000Z","volume":26000,"price":4.63,"category":"bbear"},{"type":"B","date":"2018-03-13T02:57:54.000Z","volume":60000,"price":4.63,"category":"bbear"},{"type":"B","date":"2018-03-13T02:38:56.000Z","volume":62000,"price":4.63,"category":"bbear"},{"type":"B","date":"2018-03-13T02:22:25.000Z","volume":36000,"price":4.64,"category":"bbear"},{"type":"B","date":"2018-03-13T02:22:22.000Z","volume":40000,"price":4.64,"category":"bbear"},{"type":"B","date":"2018-03-13T02:20:18.000Z","volume":36000,"price":4.63,"category":"bbear"},{"type":"B","date":"2018-03-13T02:08:05.000Z","volume":30000,"price":4.63,"category":"bbear"},{"type":"B","date":"2018-03-13T02:02:47.000Z","volume":44000,"price":4.63,"category":"bbear"},{"type":"B","date":"2018-03-13T02:01:32.000Z","volume":22000,"price":4.64,"category":"bbear"},{"type":"B","date":"2018-03-13T01:59:04.000Z","volume":26000,"price":4.63,"category":"bbear"},{"type":"B","date":"2018-03-13T01:58:41.000Z","volume":24000,"price":4.63,"category":"bbear"},{"type":"B","date":"2018-03-13T01:57:19.000Z","volume":38000,"price":4.64,"category":"bbear"},{"type":"B","date":"2018-03-13T01:49:07.000Z","volume":56000,"price":4.65,"category":"bbear"},{"type":"B","date":"2018-03-13T01:43:01.000Z","volume":32000,"price":4.63,"category":"bbear"},{"type":"B","date":"2018-03-13T01:38:57.000Z","volume":46000,"price":4.62,"category":"bbear"},{"type":"B","date":"2018-03-13T01:33:25.000Z","volume":48000,"price":4.6,"category":"bbear"},{"type":"B","date":"2018-03-13T01:33:21.000Z","volume":26000,"price":4.6,"category":"bbear"},{"type":"B","date":"2018-03-13T01:30:10.000Z","volume":50000,"price":4.6,"category":"bbear"},{"type":"B","date":"2018-03-13T01:30:00.000Z","volume":28000,"price":4.59,"category":"bbear"},{"type":"B","date":"2018-03-13T07:00:26.000Z","volume":98000,"price":4.6,"category":"ubbear"},{"type":"B","date":"2018-03-13T06:43:41.000Z","volume":124000,"price":4.6,"category":"ubbear"},{"type":"B","date":"2018-03-13T06:39:26.000Z","volume":94000,"price":4.61,"category":"ubbear"},{"type":"B","date":"2018-03-13T06:31:10.000Z","volume":110000,"price":4.6,"category":"ubbear"},{"type":"B","date":"2018-03-13T06:19:32.000Z","volume":200000,"price":4.61,"category":"ubbear"},{"type":"B","date":"2018-03-13T06:05:32.000Z","volume":92000,"price":4.61,"category":"ubbear"},{"type":"B","date":"2018-03-13T05:29:30.000Z","volume":112000,"price":4.61,"category":"ubbear"},{"type":"B","date":"2018-03-13T05:29:27.000Z","volume":80000,"price":4.61,"category":"ubbear"},{"type":"B","date":"2018-03-13T03:44:27.000Z","volume":130000,"price":4.61,"category":"ubbear"},{"type":"B","date":"2018-03-13T03:40:27.000Z","volume":150000,"price":4.62,"category":"ubbear"},{"type":"B","date":"2018-03-13T02:56:28.000Z","volume":136000,"price":4.64,"category":"ubbear"},{"type":"B","date":"2018-03-13T02:38:51.000Z","volume":130000,"price":4.64,"category":"ubbear"},{"type":"B","date":"2018-03-13T02:31:20.000Z","volume":84000,"price":4.65,"category":"ubbear"},{"type":"B","date":"2018-03-13T02:09:55.000Z","volume":84000,"price":4.62,"category":"ubbear"},{"type":"B","date":"2018-03-13T02:01:32.000Z","volume":100000,"price":4.64,"category":"ubbear"},{"type":"B","date":"2018-03-13T01:58:39.000Z","volume":156000,"price":4.64,"category":"ubbear"},{"type":"B","date":"2018-03-13T01:38:30.000Z","volume":98000,"price":4.62,"category":"ubbear"},{"type":"B","date":"2018-03-13T01:33:21.000Z","volume":280000,"price":4.6,"category":"ubbear"},{"type":"B","date":"2018-03-13T01:31:07.000Z","volume":128000,"price":4.61,"category":"ubbear"}]