[{"type":"U","date":"2018-04-11T01:20:00.000Z","volume":9000,"label":"U","price":70},{"type":"B","date":"2018-04-11T01:30:00.000Z","volume":1000,"label":" ","price":70},{"type":"A","date":"2018-04-11T01:30:00.000Z","volume":1000,"label":" ","price":70.1},{"type":"A","date":"2018-04-11T01:30:01.000Z","volume":1000,"label":" ","price":70.15},{"type":"B","date":"2018-04-11T01:30:18.000Z","volume":3000,"label":" ","price":70.75},{"type":"U","date":"2018-04-11T01:30:30.000Z","volume":1000,"label":" ","price":70.55},{"type":"B","date":"2018-04-11T01:30:31.000Z","volume":1000,"label":" ","price":70.25},{"type":"B","date":"2018-04-11T01:30:47.000Z","volume":3000,"label":" ","price":70.25},{"type":"B","date":"2018-04-11T01:30:48.000Z","volume":2000,"label":" ","price":70.15},{"type":"B","date":"2018-04-11T01:30:48.000Z","volume":2000,"label":" ","price":70},{"type":"B","date":"2018-04-11T01:30:49.000Z","volume":1000,"label":" ","price":70},{"type":"B","date":"2018-04-11T01:30:49.000Z","volume":1000,"label":" ","price":70.4},{"type":"B","date":"2018-04-11T01:30:53.000Z","volume":2000,"label":" ","price":69.95},{"type":"B","date":"2018-04-11T01:30:54.000Z","volume":1000,"label":" ","price":69.95},{"type":"U","date":"2018-04-11T01:30:54.000Z","volume":1000,"label":"Y","price":70},{"type":"B","date":"2018-04-11T01:31:00.000Z","volume":3000,"label":" ","price":69.6},{"type":"B","date":"2018-04-11T01:31:01.000Z","volume":1000,"label":" ","price":69.6},{"type":"B","date":"2018-04-11T01:31:01.000Z","volume":1000,"label":" ","price":69.5},{"type":"B","date":"2018-04-11T01:33:27.000Z","volume":3000,"label":"Y","price":69.5},{"type":"B","date":"2018-04-11T01:33:27.000Z","volume":4000,"label":" ","price":69.5},{"type":"B","date":"2018-04-11T01:33:29.000Z","volume":1000,"label":" ","price":69.35},{"type":"B","date":"2018-04-11T01:33:29.000Z","volume":1000,"label":" ","price":69.35},{"type":"B","date":"2018-04-11T01:33:31.000Z","volume":1000,"label":" ","price":69.1},{"type":"B","date":"2018-04-11T01:33:32.000Z","volume":1000,"label":" ","price":69.1},{"type":"B","date":"2018-04-11T01:33:38.000Z","volume":1000,"label":" ","price":69.05},{"type":"B","date":"2018-04-11T01:33:41.000Z","volume":2000,"label":" ","price":69.05},{"type":"A","date":"2018-04-11T01:33:41.000Z","volume":1000,"label":"Y","price":69.4},{"type":"A","date":"2018-04-11T01:33:42.000Z","volume":3000,"label":" ","price":69.4},{"type":"B","date":"2018-04-11T01:33:46.000Z","volume":1000,"label":" ","price":69.05},{"type":"B","date":"2018-04-11T01:33:46.000Z","volume":1000,"label":" ","price":69.05},{"type":"B","date":"2018-04-11T01:33:59.000Z","volume":1000,"label":" ","price":69.05},{"type":"B","date":"2018-04-11T01:34:01.000Z","volume":1000,"label":" ","price":69.05},{"type":"B","date":"2018-04-11T01:34:10.000Z","volume":1000,"label":" ","price":69.05},{"type":"B","date":"2018-04-11T01:34:19.000Z","volume":1000,"label":" ","price":69.05},{"type":"B","date":"2018-04-11T01:34:27.000Z","volume":1000,"label":" ","price":69.1},{"type":"U","date":"2018-04-11T01:34:30.000Z","volume":1000,"label":" ","price":69.2},{"type":"A","date":"2018-04-11T01:34:30.000Z","volume":3000,"label":" ","price":69.2},{"type":"A","date":"2018-04-11T01:34:31.000Z","volume":8000,"label":" ","price":69.25},{"type":"A","date":"2018-04-11T01:34:31.000Z","volume":1000,"label":" ","price":69.5},{"type":"A","date":"2018-04-11T01:34:31.000Z","volume":1000,"label":" ","price":69.5},{"type":"U","date":"2018-04-11T01:35:15.000Z","volume":222,"label":"D","price":69.5},{"type":"B","date":"2018-04-11T01:35:30.000Z","volume":1000,"label":" ","price":69.2},{"type":"A","date":"2018-04-11T01:35:30.000Z","volume":1000,"label":" ","price":69.5},{"type":"U","date":"2018-04-11T01:35:32.000Z","volume":1000,"label":" ","price":69.4},{"type":"A","date":"2018-04-11T01:35:34.000Z","volume":1000,"label":"Y","price":69.5},{"type":"A","date":"2018-04-11T01:35:34.000Z","volume":6000,"label":" ","price":69.5},{"type":"A","date":"2018-04-11T01:35:34.000Z","volume":3000,"label":" ","price":69.5},{"type":"A","date":"2018-04-11T01:35:34.000Z","volume":1000,"label":"Y","price":70},{"type":"A","date":"2018-04-11T01:36:08.000Z","volume":1000,"label":" ","price":70.05},{"type":"A","date":"2018-04-11T01:36:08.000Z","volume":1000,"label":" ","price":70.05},{"type":"A","date":"2018-04-11T01:36:10.000Z","volume":2000,"label":" ","price":70.05},{"type":"A","date":"2018-04-11T01:36:15.000Z","volume":1000,"label":" ","price":70.1},{"type":"A","date":"2018-04-11T01:36:15.000Z","volume":1000,"label":" ","price":70.1},{"type":"U","date":"2018-04-11T01:36:15.000Z","volume":1000,"label":" ","price":70.1},{"type":"A","date":"2018-04-11T01:36:15.000Z","volume":1000,"label":" ","price":70.2},{"type":"A","date":"2018-04-11T01:36:38.000Z","volume":1000,"label":" ","price":70.2},{"type":"A","date":"2018-04-11T01:36:42.000Z","volume":1000,"label":" ","price":70.2},{"type":"A","date":"2018-04-11T01:36:42.000Z","volume":2000,"label":" ","price":70.2},{"type":"B","date":"2018-04-11T01:36:42.000Z","volume":4000,"label":" ","price":70.15},{"type":"B","date":"2018-04-11T01:36:42.000Z","volume":1000,"label":" ","price":70.15},{"type":"A","date":"2018-04-11T01:36:42.000Z","volume":2000,"label":" ","price":70.2},{"type":"B","date":"2018-04-11T01:36:47.000Z","volume":1000,"label":" ","price":70.15},{"type":"A","date":"2018-04-11T01:36:48.000Z","volume":1000,"label":" ","price":70.2},{"type":"B","date":"2018-04-11T01:37:01.000Z","volume":1000,"label":" ","price":70.1},{"type":"B","date":"2018-04-11T01:38:25.000Z","volume":3000,"label":" ","price":70.05},{"type":"B","date":"2018-04-11T01:38:55.000Z","volume":7000,"label":" ","price":70},{"type":"B","date":"2018-04-11T01:38:55.000Z","volume":1000,"label":" ","price":70},{"type":"B","date":"2018-04-11T01:38:55.000Z","volume":1000,"label":" ","price":69.95},{"type":"U","date":"2018-04-11T01:38:55.000Z","volume":1000,"label":" ","price":70},{"type":"U","date":"2018-04-11T01:38:55.000Z","volume":1000,"label":" ","price":69.95},{"type":"U","date":"2018-04-11T01:38:55.000Z","volume":1000,"label":" ","price":69.95},{"type":"U","date":"2018-04-11T01:38:55.000Z","volume":1000,"label":" ","price":70},{"type":"B","date":"2018-04-11T01:38:55.000Z","volume":2000,"label":" ","price":69.85},{"type":"U","date":"2018-04-11T01:38:55.000Z","volume":1000,"label":" ","price":70},{"type":"U","date":"2018-04-11T01:38:55.000Z","volume":1000,"label":" ","price":69.9},{"type":"U","date":"2018-04-11T01:38:55.000Z","volume":1000,"label":" ","price":69.95},{"type":"B","date":"2018-04-11T01:38:55.000Z","volume":1000,"label":" ","price":69.55},{"type":"B","date":"2018-04-11T01:38:55.000Z","volume":2000,"label":" ","price":69.5},{"type":"U","date":"2018-04-11T01:38:55.000Z","volume":1000,"label":" ","price":69.55},{"type":"B","date":"2018-04-11T01:38:55.000Z","volume":3000,"label":" ","price":69.2},{"type":"B","date":"2018-04-11T01:38:55.000Z","volume":1000,"label":" ","price":69.2},{"type":"B","date":"2018-04-11T01:39:01.000Z","volume":2000,"label":" ","price":69.15},{"type":"B","date":"2018-04-11T01:39:09.000Z","volume":1000,"label":" ","price":69.15},{"type":"A","date":"2018-04-11T01:41:34.000Z","volume":1000,"label":" ","price":69.75},{"type":"A","date":"2018-04-11T01:41:34.000Z","volume":2000,"label":" ","price":69.75},{"type":"A","date":"2018-04-11T01:42:55.000Z","volume":1000,"label":" ","price":69.85},{"type":"A","date":"2018-04-11T01:42:55.000Z","volume":5000,"label":" ","price":69.85},{"type":"A","date":"2018-04-11T01:43:57.000Z","volume":3000,"label":" ","price":69.9},{"type":"A","date":"2018-04-11T01:43:57.000Z","volume":2000,"label":" ","price":70.05},{"type":"A","date":"2018-04-11T01:43:59.000Z","volume":2000,"label":" ","price":70.25},{"type":"A","date":"2018-04-11T01:44:00.000Z","volume":2000,"label":" ","price":70.3},{"type":"U","date":"2018-04-11T01:44:00.000Z","volume":1000,"label":" ","price":70.25},{"type":"A","date":"2018-04-11T01:44:01.000Z","volume":1000,"label":" ","price":70.3},{"type":"U","date":"2018-04-11T01:44:01.000Z","volume":1000,"label":" ","price":70.35},{"type":"B","date":"2018-04-11T01:44:05.000Z","volume":7000,"label":" ","price":70.2},{"type":"U","date":"2018-04-11T01:44:05.000Z","volume":1000,"label":" ","price":70.2},{"type":"B","date":"2018-04-11T01:44:05.000Z","volume":1000,"label":" ","price":70.05},{"type":"B","date":"2018-04-11T01:44:06.000Z","volume":4000,"label":" ","price":69.9},{"type":"B","date":"2018-04-11T01:44:37.000Z","volume":2000,"label":" ","price":69.75},{"type":"B","date":"2018-04-11T01:45:01.000Z","volume":1000,"label":" ","price":69.75},{"type":"U","date":"2018-04-11T01:46:46.000Z","volume":1000,"label":" ","price":69.8},{"type":"B","date":"2018-04-11T01:48:00.000Z","volume":1000,"label":" ","price":69.85},{"type":"B","date":"2018-04-11T01:48:00.000Z","volume":2000,"label":" ","price":69.85},{"type":"U","date":"2018-04-11T01:48:02.000Z","volume":1000,"label":" ","price":69.9},{"type":"B","date":"2018-04-11T01:48:09.000Z","volume":1000,"label":" ","price":69.9},{"type":"U","date":"2018-04-11T01:48:10.000Z","volume":1000,"label":" ","price":70},{"type":"B","date":"2018-04-11T01:48:36.000Z","volume":1000,"label":" ","price":70},{"type":"B","date":"2018-04-11T01:48:42.000Z","volume":1000,"label":" ","price":70},{"type":"B","date":"2018-04-11T01:48:42.000Z","volume":1000,"label":" ","price":70},{"type":"B","date":"2018-04-11T01:48:50.000Z","volume":6000,"label":" ","price":70},{"type":"A","date":"2018-04-11T01:48:52.000Z","volume":1000,"label":" ","price":70.05},{"type":"A","date":"2018-04-11T01:48:54.000Z","volume":8000,"label":" ","price":70.05},{"type":"A","date":"2018-04-11T01:48:54.000Z","volume":1000,"label":" ","price":70.05},{"type":"U","date":"2018-04-11T01:48:54.000Z","volume":1000,"label":"X","price":70.05},{"type":"A","date":"2018-04-11T01:48:54.000Z","volume":1000,"label":" ","price":70.05},{"type":"B","date":"2018-04-11T01:50:05.000Z","volume":1000,"label":" ","price":70.05},{"type":"B","date":"2018-04-11T01:50:25.000Z","volume":10000,"label":" ","price":70.05},{"type":"B","date":"2018-04-11T01:50:25.000Z","volume":3000,"label":" ","price":70},{"type":"B","date":"2018-04-11T01:50:25.000Z","volume":1000,"label":" ","price":70.05},{"type":"B","date":"2018-04-11T01:50:25.000Z","volume":1000,"label":" ","price":70.05},{"type":"B","date":"2018-04-11T01:50:28.000Z","volume":2000,"label":" ","price":70},{"type":"B","date":"2018-04-11T01:50:28.000Z","volume":3000,"label":" ","price":69.9},{"type":"B","date":"2018-04-11T01:50:28.000Z","volume":1000,"label":" ","price":69.8},{"type":"U","date":"2018-04-11T01:50:29.000Z","volume":1000,"label":" ","price":70},{"type":"B","date":"2018-04-11T01:50:39.000Z","volume":1000,"label":" ","price":69.55},{"type":"B","date":"2018-04-11T01:50:52.000Z","volume":1000,"label":" ","price":69.55},{"type":"B","date":"2018-04-11T01:50:52.000Z","volume":1000,"label":" ","price":69.55},{"type":"B","date":"2018-04-11T01:50:52.000Z","volume":2000,"label":" ","price":69.55},{"type":"B","date":"2018-04-11T01:50:54.000Z","volume":1000,"label":" ","price":69.6},{"type":"B","date":"2018-04-11T01:51:23.000Z","volume":1000,"label":" ","price":69.6},{"type":"U","date":"2018-04-11T01:51:25.000Z","volume":1000,"label":" ","price":69.8},{"type":"U","date":"2018-04-11T01:51:39.000Z","volume":2000,"label":" ","price":69.75},{"type":"A","date":"2018-04-11T01:51:41.000Z","volume":2000,"label":" ","price":69.8},{"type":"A","date":"2018-04-11T01:51:41.000Z","volume":1000,"label":" ","price":69.8},{"type":"A","date":"2018-04-11T01:51:46.000Z","volume":4000,"label":" ","price":69.8},{"type":"A","date":"2018-04-11T01:51:47.000Z","volume":2000,"label":" ","price":70},{"type":"A","date":"2018-04-11T01:52:40.000Z","volume":1000,"label":" ","price":70},{"type":"A","date":"2018-04-11T01:52:40.000Z","volume":1000,"label":" ","price":70},{"type":"U","date":"2018-04-11T01:55:28.000Z","volume":1000,"label":"X","price":70.2},{"type":"A","date":"2018-04-11T01:55:32.000Z","volume":1000,"label":" ","price":70.2},{"type":"B","date":"2018-04-11T01:55:51.000Z","volume":1000,"label":" ","price":69.95},{"type":"B","date":"2018-04-11T01:58:35.000Z","volume":1000,"label":" ","price":70},{"type":"A","date":"2018-04-11T01:58:35.000Z","volume":6000,"label":" ","price":70.1},{"type":"A","date":"2018-04-11T01:58:48.000Z","volume":1000,"label":" ","price":70.15},{"type":"B","date":"2018-04-11T01:58:49.000Z","volume":1000,"label":" ","price":70.1},{"type":"B","date":"2018-04-11T01:58:56.000Z","volume":1000,"label":" ","price":70.1},{"type":"B","date":"2018-04-11T01:59:06.000Z","volume":2000,"label":"Y","price":70.1},{"type":"B","date":"2018-04-11T01:59:06.000Z","volume":2000,"label":" ","price":70.1},{"type":"B","date":"2018-04-11T01:59:06.000Z","volume":3000,"label":" ","price":70.05},{"type":"U","date":"2018-04-11T01:59:06.000Z","volume":1000,"label":" ","price":70.1},{"type":"B","date":"2018-04-11T01:59:06.000Z","volume":1000,"label":" ","price":70.05},{"type":"B","date":"2018-04-11T01:59:09.000Z","volume":1000,"label":" ","price":70},{"type":"B","date":"2018-04-11T01:59:11.000Z","volume":2000,"label":" ","price":70.1},{"type":"B","date":"2018-04-11T01:59:11.000Z","volume":1000,"label":" ","price":70.1},{"type":"U","date":"2018-04-11T01:59:17.000Z","volume":1000,"label":"X","price":70.05},{"type":"B","date":"2018-04-11T01:59:58.000Z","volume":2000,"label":" ","price":70},{"type":"B","date":"2018-04-11T01:59:58.000Z","volume":4000,"label":" ","price":69.95},{"type":"B","date":"2018-04-11T01:59:58.000Z","volume":1000,"label":" ","price":69.9},{"type":"B","date":"2018-04-11T02:00:01.000Z","volume":1000,"label":" ","price":69.45},{"type":"B","date":"2018-04-11T02:00:20.000Z","volume":2000,"label":" ","price":69.5},{"type":"A","date":"2018-04-11T02:03:32.000Z","volume":2000,"label":" ","price":69.85},{"type":"B","date":"2018-04-11T02:07:02.000Z","volume":1000,"label":" ","price":69.55},{"type":"B","date":"2018-04-11T02:07:55.000Z","volume":1000,"label":" ","price":69.55},{"type":"U","date":"2018-04-11T02:08:25.000Z","volume":1000,"label":" ","price":69.75},{"type":"U","date":"2018-04-11T02:08:25.000Z","volume":1000,"label":" ","price":69.7},{"type":"U","date":"2018-04-11T02:08:25.000Z","volume":2000,"label":"Y","price":69.8},{"type":"U","date":"2018-04-11T02:08:25.000Z","volume":2000,"label":" ","price":69.8},{"type":"U","date":"2018-04-11T02:08:25.000Z","volume":1000,"label":" ","price":69.8},{"type":"A","date":"2018-04-11T02:08:25.000Z","volume":10000,"label":" ","price":69.85},{"type":"A","date":"2018-04-11T02:08:25.000Z","volume":2000,"label":" ","price":70},{"type":"A","date":"2018-04-11T02:08:25.000Z","volume":1000,"label":" ","price":70},{"type":"A","date":"2018-04-11T02:08:26.000Z","volume":2000,"label":" ","price":70.05},{"type":"A","date":"2018-04-11T02:08:26.000Z","volume":1000,"label":" ","price":70.1},{"type":"A","date":"2018-04-11T02:08:26.000Z","volume":3000,"label":" ","price":70.2},{"type":"A","date":"2018-04-11T02:08:27.000Z","volume":1000,"label":" ","price":70.25},{"type":"U","date":"2018-04-11T02:08:27.000Z","volume":1000,"label":"X","price":70.2},{"type":"B","date":"2018-04-11T02:08:32.000Z","volume":1000,"label":"Y","price":70.05},{"type":"B","date":"2018-04-11T02:08:32.000Z","volume":12000,"label":" ","price":70.05},{"type":"A","date":"2018-04-11T02:08:32.000Z","volume":1000,"label":" ","price":70.25},{"type":"B","date":"2018-04-11T02:08:39.000Z","volume":1000,"label":" ","price":69.9},{"type":"B","date":"2018-04-11T02:08:41.000Z","volume":1000,"label":" ","price":69.9},{"type":"B","date":"2018-04-11T02:08:47.000Z","volume":1000,"label":" ","price":69.9},{"type":"A","date":"2018-04-11T02:12:01.000Z","volume":1000,"label":" ","price":70.2},{"type":"U","date":"2018-04-11T02:14:25.000Z","volume":1000,"label":"X","price":70.05},{"type":"A","date":"2018-04-11T02:15:22.000Z","volume":1000,"label":" ","price":70},{"type":"A","date":"2018-04-11T02:16:14.000Z","volume":1000,"label":" ","price":70.05},{"type":"A","date":"2018-04-11T02:16:37.000Z","volume":4000,"label":" ","price":70.05},{"type":"A","date":"2018-04-11T02:16:48.000Z","volume":1000,"label":" ","price":70.15},{"type":"A","date":"2018-04-11T02:16:50.000Z","volume":1000,"label":" ","price":70.2},{"type":"A","date":"2018-04-11T02:17:38.000Z","volume":6000,"label":" ","price":70.25},{"type":"A","date":"2018-04-11T02:17:38.000Z","volume":2000,"label":" ","price":70.4},{"type":"A","date":"2018-04-11T02:17:38.000Z","volume":4000,"label":" ","price":70.55},{"type":"A","date":"2018-04-11T02:17:38.000Z","volume":2000,"label":" ","price":70.6},{"type":"A","date":"2018-04-11T02:17:38.000Z","volume":1000,"label":" ","price":70.75},{"type":"A","date":"2018-04-11T02:17:39.000Z","volume":2000,"label":" ","price":70.8},{"type":"B","date":"2018-04-11T02:17:42.000Z","volume":9000,"label":" ","price":70.5},{"type":"A","date":"2018-04-11T02:17:42.000Z","volume":1000,"label":" ","price":70.75},{"type":"A","date":"2018-04-11T02:17:45.000Z","volume":1000,"label":" ","price":70.75},{"type":"B","date":"2018-04-11T02:18:35.000Z","volume":8000,"label":" ","price":70.45},{"type":"A","date":"2018-04-11T02:19:58.000Z","volume":1000,"label":" ","price":70.7},{"type":"A","date":"2018-04-11T02:19:58.000Z","volume":1000,"label":" ","price":70.7},{"type":"U","date":"2018-04-11T02:20:49.000Z","volume":6000,"label":" ","price":70.55},{"type":"B","date":"2018-04-11T02:21:30.000Z","volume":1000,"label":" ","price":70.55},{"type":"U","date":"2018-04-11T02:21:30.000Z","volume":1000,"label":"X","price":70.65},{"type":"B","date":"2018-04-11T02:21:54.000Z","volume":1000,"label":" ","price":70.55},{"type":"A","date":"2018-04-11T02:22:38.000Z","volume":2000,"label":" ","price":70.6},{"type":"A","date":"2018-04-11T02:22:38.000Z","volume":1000,"label":" ","price":70.6},{"type":"A","date":"2018-04-11T02:24:16.000Z","volume":2000,"label":" ","price":70.6},{"type":"B","date":"2018-04-11T02:24:17.000Z","volume":3000,"label":"Y","price":70.55},{"type":"B","date":"2018-04-11T02:24:17.000Z","volume":10000,"label":" ","price":70.55},{"type":"B","date":"2018-04-11T02:24:17.000Z","volume":1000,"label":" ","price":70.5},{"type":"U","date":"2018-04-11T02:24:17.000Z","volume":2000,"label":" ","price":70.55},{"type":"A","date":"2018-04-11T02:24:20.000Z","volume":1000,"label":" ","price":70.6},{"type":"A","date":"2018-04-11T02:24:36.000Z","volume":11000,"label":" ","price":70.6},{"type":"A","date":"2018-04-11T02:24:36.000Z","volume":2000,"label":" ","price":70.65},{"type":"A","date":"2018-04-11T02:24:53.000Z","volume":1000,"label":" ","price":70.65},{"type":"A","date":"2018-04-11T02:25:09.000Z","volume":2000,"label":" ","price":70.65},{"type":"A","date":"2018-04-11T02:25:09.000Z","volume":2000,"label":" ","price":70.7},{"type":"A","date":"2018-04-11T02:25:09.000Z","volume":2000,"label":" ","price":70.75},{"type":"A","date":"2018-04-11T02:25:09.000Z","volume":5000,"label":" ","price":70.8},{"type":"A","date":"2018-04-11T02:25:09.000Z","volume":1000,"label":" ","price":70.85},{"type":"A","date":"2018-04-11T02:25:14.000Z","volume":1000,"label":" ","price":71},{"type":"B","date":"2018-04-11T02:25:22.000Z","volume":10000,"label":" ","price":71},{"type":"B","date":"2018-04-11T02:25:24.000Z","volume":6000,"label":" ","price":70.95},{"type":"B","date":"2018-04-11T02:25:27.000Z","volume":2000,"label":" ","price":70.9},{"type":"B","date":"2018-04-11T02:25:29.000Z","volume":1000,"label":" ","price":70.85},{"type":"B","date":"2018-04-11T02:25:32.000Z","volume":1000,"label":" ","price":70.8},{"type":"A","date":"2018-04-11T02:26:40.000Z","volume":1000,"label":" ","price":70.95},{"type":"A","date":"2018-04-11T02:28:28.000Z","volume":6000,"label":" ","price":70.95},{"type":"A","date":"2018-04-11T02:28:29.000Z","volume":2000,"label":" ","price":71},{"type":"A","date":"2018-04-11T02:28:29.000Z","volume":1000,"label":" ","price":71.05},{"type":"A","date":"2018-04-11T02:28:30.000Z","volume":2000,"label":" ","price":71.15},{"type":"B","date":"2018-04-11T02:28:49.000Z","volume":1000,"label":" ","price":70.95},{"type":"A","date":"2018-04-11T02:28:55.000Z","volume":1000,"label":" ","price":71.15},{"type":"B","date":"2018-04-11T02:29:40.000Z","volume":10000,"label":" ","price":71.05},{"type":"B","date":"2018-04-11T02:29:41.000Z","volume":2000,"label":" ","price":71},{"type":"B","date":"2018-04-11T02:29:41.000Z","volume":3000,"label":" ","price":71},{"type":"B","date":"2018-04-11T02:29:42.000Z","volume":4000,"label":" ","price":70.95},{"type":"B","date":"2018-04-11T02:29:42.000Z","volume":3000,"label":" ","price":70.9},{"type":"B","date":"2018-04-11T02:29:42.000Z","volume":1000,"label":" ","price":70.85},{"type":"B","date":"2018-04-11T02:29:54.000Z","volume":5000,"label":" ","price":70.8},{"type":"B","date":"2018-04-11T02:29:58.000Z","volume":1000,"label":" ","price":70.75},{"type":"A","date":"2018-04-11T02:30:06.000Z","volume":1000,"label":" ","price":70.8},{"type":"A","date":"2018-04-11T02:30:06.000Z","volume":6000,"label":" ","price":70.8},{"type":"U","date":"2018-04-11T02:30:18.000Z","volume":1000,"label":" ","price":70.9},{"type":"B","date":"2018-04-11T02:30:18.000Z","volume":1000,"label":" ","price":70.9},{"type":"A","date":"2018-04-11T02:31:16.000Z","volume":1000,"label":" ","price":70.95},{"type":"U","date":"2018-04-11T02:34:42.000Z","volume":1000,"label":" ","price":70.9},{"type":"U","date":"2018-04-11T02:35:00.000Z","volume":1000,"label":" ","price":70.9},{"type":"B","date":"2018-04-11T02:35:25.000Z","volume":1000,"label":" ","price":70.9},{"type":"A","date":"2018-04-11T02:35:42.000Z","volume":1000,"label":" ","price":70.9},{"type":"A","date":"2018-04-11T02:35:44.000Z","volume":1000,"label":" ","price":70.9},{"type":"A","date":"2018-04-11T02:37:18.000Z","volume":1000,"label":" ","price":70.9},{"type":"A","date":"2018-04-11T02:37:32.000Z","volume":1000,"label":" ","price":70.9},{"type":"B","date":"2018-04-11T02:37:46.000Z","volume":1000,"label":"Y","price":70.85},{"type":"B","date":"2018-04-11T02:37:46.000Z","volume":7000,"label":" ","price":70.85},{"type":"U","date":"2018-04-11T02:37:46.000Z","volume":2000,"label":" ","price":70.85},{"type":"A","date":"2018-04-11T02:37:46.000Z","volume":1000,"label":" ","price":70.85},{"type":"A","date":"2018-04-11T02:38:22.000Z","volume":1000,"label":" ","price":70.9},{"type":"A","date":"2018-04-11T02:38:43.000Z","volume":1000,"label":" ","price":70.9},{"type":"B","date":"2018-04-11T02:38:58.000Z","volume":1000,"label":" ","price":70.85},{"type":"A","date":"2018-04-11T02:39:06.000Z","volume":1000,"label":" ","price":70.9},{"type":"A","date":"2018-04-11T02:39:34.000Z","volume":1000,"label":" ","price":70.9},{"type":"B","date":"2018-04-11T02:39:39.000Z","volume":1000,"label":" ","price":70.85},{"type":"A","date":"2018-04-11T02:40:37.000Z","volume":1000,"label":" ","price":70.9},{"type":"A","date":"2018-04-11T02:41:00.000Z","volume":1000,"label":" ","price":70.9},{"type":"A","date":"2018-04-11T02:41:06.000Z","volume":12000,"label":" ","price":70.9},{"type":"A","date":"2018-04-11T02:41:06.000Z","volume":3000,"label":" ","price":70.95},{"type":"A","date":"2018-04-11T02:41:13.000Z","volume":1000,"label":" ","price":71},{"type":"B","date":"2018-04-11T02:41:44.000Z","volume":1000,"label":" ","price":71},{"type":"A","date":"2018-04-11T02:43:09.000Z","volume":1000,"label":" ","price":71.1},{"type":"A","date":"2018-04-11T02:44:00.000Z","volume":1000,"label":" ","price":71.1},{"type":"A","date":"2018-04-11T02:44:14.000Z","volume":1000,"label":" ","price":71.1},{"type":"A","date":"2018-04-11T02:44:16.000Z","volume":1000,"label":" ","price":71.1},{"type":"A","date":"2018-04-11T02:44:20.000Z","volume":1000,"label":" ","price":71.1},{"type":"A","date":"2018-04-11T02:44:29.000Z","volume":1000,"label":" ","price":71.1},{"type":"A","date":"2018-04-11T02:44:39.000Z","volume":1000,"label":" ","price":71.1},{"type":"A","date":"2018-04-11T02:44:39.000Z","volume":22000,"label":" ","price":71.1},{"type":"A","date":"2018-04-11T02:44:39.000Z","volume":3000,"label":" ","price":71.25},{"type":"A","date":"2018-04-11T02:44:39.000Z","volume":8000,"label":" ","price":71.3},{"type":"A","date":"2018-04-11T02:44:40.000Z","volume":1000,"label":" ","price":71.35},{"type":"A","date":"2018-04-11T02:44:40.000Z","volume":1000,"label":" ","price":71.35},{"type":"U","date":"2018-04-11T02:44:40.000Z","volume":1000,"label":"X","price":71.35},{"type":"A","date":"2018-04-11T02:44:40.000Z","volume":1000,"label":" ","price":71.4},{"type":"A","date":"2018-04-11T02:44:40.000Z","volume":2000,"label":" ","price":71.5},{"type":"U","date":"2018-04-11T02:46:26.000Z","volume":5000,"label":" ","price":71.4},{"type":"B","date":"2018-04-11T02:46:35.000Z","volume":1000,"label":" ","price":71.4},{"type":"U","date":"2018-04-11T02:46:49.000Z","volume":7000,"label":" ","price":71.45},{"type":"U","date":"2018-04-11T02:46:49.000Z","volume":2000,"label":" ","price":71.45},{"type":"U","date":"2018-04-11T02:46:49.000Z","volume":1000,"label":" ","price":71.45},{"type":"B","date":"2018-04-11T02:47:29.000Z","volume":1000,"label":" ","price":71.45},{"type":"A","date":"2018-04-11T02:47:53.000Z","volume":1000,"label":" ","price":71.5},{"type":"B","date":"2018-04-11T02:47:54.000Z","volume":5000,"label":" ","price":71.45},{"type":"B","date":"2018-04-11T02:47:54.000Z","volume":4000,"label":" ","price":71.45},{"type":"U","date":"2018-04-11T02:47:54.000Z","volume":3000,"label":" ","price":71.45},{"type":"U","date":"2018-04-11T02:47:54.000Z","volume":1000,"label":" ","price":71.45},{"type":"B","date":"2018-04-11T02:48:15.000Z","volume":1000,"label":" ","price":71.4},{"type":"B","date":"2018-04-11T02:48:15.000Z","volume":1000,"label":" ","price":71.4},{"type":"B","date":"2018-04-11T02:48:30.000Z","volume":1000,"label":" ","price":71.4},{"type":"U","date":"2018-04-11T02:48:30.000Z","volume":1000,"label":"X","price":71.45},{"type":"B","date":"2018-04-11T02:48:46.000Z","volume":1000,"label":" ","price":71.4},{"type":"B","date":"2018-04-11T02:48:46.000Z","volume":8000,"label":" ","price":71.4},{"type":"B","date":"2018-04-11T02:48:46.000Z","volume":1000,"label":" ","price":71.35},{"type":"B","date":"2018-04-11T02:48:56.000Z","volume":2000,"label":" ","price":71.3},{"type":"B","date":"2018-04-11T02:49:28.000Z","volume":2000,"label":" ","price":71},{"type":"A","date":"2018-04-11T02:50:22.000Z","volume":1000,"label":" ","price":71.25},{"type":"B","date":"2018-04-11T02:51:26.000Z","volume":1000,"label":" ","price":71.1},{"type":"B","date":"2018-04-11T02:51:57.000Z","volume":3000,"label":" ","price":71},{"type":"B","date":"2018-04-11T02:54:27.000Z","volume":1000,"label":" ","price":71},{"type":"A","date":"2018-04-11T02:54:34.000Z","volume":1000,"label":" ","price":71.15},{"type":"A","date":"2018-04-11T02:55:39.000Z","volume":1000,"label":" ","price":71.1},{"type":"A","date":"2018-04-11T02:56:08.000Z","volume":1000,"label":" ","price":71.1},{"type":"A","date":"2018-04-11T02:56:24.000Z","volume":1000,"label":" ","price":71.1},{"type":"A","date":"2018-04-11T02:56:24.000Z","volume":1000,"label":" ","price":71.1},{"type":"A","date":"2018-04-11T02:56:41.000Z","volume":1000,"label":" ","price":71.1},{"type":"A","date":"2018-04-11T02:56:41.000Z","volume":9000,"label":" ","price":71.1},{"type":"A","date":"2018-04-11T03:00:26.000Z","volume":1000,"label":" ","price":71.35},{"type":"A","date":"2018-04-11T03:03:25.000Z","volume":1000,"label":" ","price":71.35},{"type":"B","date":"2018-04-11T03:04:41.000Z","volume":1000,"label":" ","price":71.05},{"type":"A","date":"2018-04-11T03:07:48.000Z","volume":1000,"label":" ","price":71.2},{"type":"A","date":"2018-04-11T03:09:27.000Z","volume":1000,"label":" ","price":71.15},{"type":"A","date":"2018-04-11T03:09:36.000Z","volume":1000,"label":" ","price":71.15},{"type":"A","date":"2018-04-11T03:09:36.000Z","volume":1000,"label":" ","price":71.2},{"type":"A","date":"2018-04-11T03:11:58.000Z","volume":1000,"label":" ","price":71.25},{"type":"A","date":"2018-04-11T03:13:22.000Z","volume":1000,"label":" ","price":71.25},{"type":"A","date":"2018-04-11T03:14:47.000Z","volume":1000,"label":" ","price":71.25},{"type":"B","date":"2018-04-11T03:15:14.000Z","volume":1000,"label":" ","price":71.1},{"type":"A","date":"2018-04-11T03:15:14.000Z","volume":2000,"label":" ","price":71.25},{"type":"A","date":"2018-04-11T03:15:15.000Z","volume":5000,"label":" ","price":71.4},{"type":"A","date":"2018-04-11T03:15:29.000Z","volume":1000,"label":" ","price":71.5},{"type":"B","date":"2018-04-11T03:17:26.000Z","volume":1000,"label":" ","price":71.3},{"type":"U","date":"2018-04-11T03:18:01.000Z","volume":1000,"label":"X","price":71.45},{"type":"U","date":"2018-04-11T03:18:42.000Z","volume":1000,"label":"X","price":71.45},{"type":"U","date":"2018-04-11T03:22:02.000Z","volume":1000,"label":"X","price":71.4},{"type":"A","date":"2018-04-11T03:22:31.000Z","volume":1000,"label":" ","price":71.4},{"type":"A","date":"2018-04-11T03:23:19.000Z","volume":1000,"label":"Y","price":71.4},{"type":"A","date":"2018-04-11T03:23:19.000Z","volume":3000,"label":" ","price":71.4},{"type":"A","date":"2018-04-11T03:25:29.000Z","volume":1000,"label":"Y","price":71.45},{"type":"A","date":"2018-04-11T03:25:29.000Z","volume":3000,"label":" ","price":71.45},{"type":"B","date":"2018-04-11T03:25:38.000Z","volume":1000,"label":" ","price":71.4},{"type":"B","date":"2018-04-11T03:25:39.000Z","volume":1000,"label":" ","price":71.4},{"type":"A","date":"2018-04-11T03:27:15.000Z","volume":1000,"label":" ","price":71.45},{"type":"U","date":"2018-04-11T03:27:15.000Z","volume":1000,"label":"X","price":71.45},{"type":"A","date":"2018-04-11T03:27:18.000Z","volume":1000,"label":" ","price":71.5},{"type":"A","date":"2018-04-11T03:27:33.000Z","volume":1000,"label":" ","price":71.5},{"type":"A","date":"2018-04-11T03:29:25.000Z","volume":1000,"label":" ","price":71.5},{"type":"A","date":"2018-04-11T03:32:30.000Z","volume":1000,"label":" ","price":71.45},{"type":"A","date":"2018-04-11T03:32:30.000Z","volume":7000,"label":" ","price":71.5},{"type":"B","date":"2018-04-11T03:32:30.000Z","volume":1000,"label":"Y","price":71.4},{"type":"A","date":"2018-04-11T03:33:35.000Z","volume":1000,"label":" ","price":71.45},{"type":"A","date":"2018-04-11T03:35:37.000Z","volume":1000,"label":" ","price":71.45},{"type":"B","date":"2018-04-11T03:38:41.000Z","volume":1000,"label":" ","price":71.4},{"type":"B","date":"2018-04-11T03:39:16.000Z","volume":1000,"label":" ","price":71.4},{"type":"A","date":"2018-04-11T03:39:36.000Z","volume":1000,"label":" ","price":71.45},{"type":"B","date":"2018-04-11T03:40:19.000Z","volume":1000,"label":" ","price":71.4},{"type":"B","date":"2018-04-11T03:40:58.000Z","volume":1000,"label":" ","price":71.4},{"type":"B","date":"2018-04-11T03:41:01.000Z","volume":6000,"label":"Y","price":71.4},{"type":"B","date":"2018-04-11T03:41:01.000Z","volume":6000,"label":" ","price":71.4},{"type":"B","date":"2018-04-11T03:41:01.000Z","volume":2000,"label":" ","price":71.4},{"type":"B","date":"2018-04-11T03:41:01.000Z","volume":1000,"label":" ","price":71.2},{"type":"A","date":"2018-04-11T03:43:13.000Z","volume":5000,"label":" ","price":71.25},{"type":"B","date":"2018-04-11T03:43:14.000Z","volume":1000,"label":" ","price":71.05},{"type":"A","date":"2018-04-11T03:45:43.000Z","volume":1000,"label":" ","price":71.35},{"type":"A","date":"2018-04-11T03:45:44.000Z","volume":1000,"label":"Y","price":71.35},{"type":"A","date":"2018-04-11T03:46:38.000Z","volume":1000,"label":" ","price":71.4},{"type":"A","date":"2018-04-11T03:46:38.000Z","volume":1000,"label":" ","price":71.4},{"type":"A","date":"2018-04-11T03:46:59.000Z","volume":1000,"label":" ","price":71.45},{"type":"A","date":"2018-04-11T03:46:59.000Z","volume":1000,"label":" ","price":71.45},{"type":"A","date":"2018-04-11T03:47:00.000Z","volume":2000,"label":" ","price":71.5},{"type":"A","date":"2018-04-11T03:47:00.000Z","volume":1000,"label":" ","price":71.6},{"type":"U","date":"2018-04-11T03:47:38.000Z","volume":1000,"label":" ","price":71.5},{"type":"B","date":"2018-04-11T03:47:40.000Z","volume":2000,"label":" ","price":71.45},{"type":"B","date":"2018-04-11T03:47:45.000Z","volume":1000,"label":" ","price":71.4},{"type":"B","date":"2018-04-11T03:47:48.000Z","volume":1000,"label":" ","price":71.35},{"type":"A","date":"2018-04-11T03:50:58.000Z","volume":1000,"label":" ","price":71.25},{"type":"A","date":"2018-04-11T03:51:18.000Z","volume":1000,"label":" ","price":71.25},{"type":"A","date":"2018-04-11T03:51:19.000Z","volume":1000,"label":" ","price":71.25},{"type":"B","date":"2018-04-11T03:51:19.000Z","volume":1000,"label":" ","price":71.2},{"type":"A","date":"2018-04-11T03:52:39.000Z","volume":1000,"label":" ","price":71.4},{"type":"A","date":"2018-04-11T03:53:18.000Z","volume":1000,"label":" ","price":71.4},{"type":"B","date":"2018-04-11T03:54:07.000Z","volume":1000,"label":" ","price":71.4},{"type":"B","date":"2018-04-11T03:54:10.000Z","volume":4000,"label":" ","price":71.4},{"type":"B","date":"2018-04-11T03:54:10.000Z","volume":1000,"label":" ","price":71.35},{"type":"U","date":"2018-04-11T03:54:10.000Z","volume":1000,"label":" ","price":71.4},{"type":"B","date":"2018-04-11T03:54:10.000Z","volume":1000,"label":" ","price":71.4},{"type":"B","date":"2018-04-11T03:54:20.000Z","volume":1000,"label":" ","price":71.35},{"type":"A","date":"2018-04-11T03:55:33.000Z","volume":1000,"label":" ","price":71.35},{"type":"A","date":"2018-04-11T03:57:13.000Z","volume":1000,"label":" ","price":71.35},{"type":"B","date":"2018-04-11T03:57:21.000Z","volume":2000,"label":" ","price":71.3},{"type":"B","date":"2018-04-11T03:57:21.000Z","volume":2000,"label":" ","price":71.25},{"type":"B","date":"2018-04-11T03:57:21.000Z","volume":1000,"label":" ","price":71.3},{"type":"B","date":"2018-04-11T03:57:21.000Z","volume":1000,"label":" ","price":71.25},{"type":"A","date":"2018-04-11T03:57:21.000Z","volume":1000,"label":" ","price":71.3},{"type":"U","date":"2018-04-11T03:57:21.000Z","volume":1000,"label":" ","price":71.25},{"type":"A","date":"2018-04-11T03:57:21.000Z","volume":1000,"label":" ","price":71.3},{"type":"A","date":"2018-04-11T03:58:41.000Z","volume":1000,"label":" ","price":71.3},{"type":"A","date":"2018-04-11T03:59:10.000Z","volume":1000,"label":" ","price":71.3},{"type":"U","date":"2018-04-11T03:59:23.000Z","volume":744,"label":"D","price":71.15},{"type":"A","date":"2018-04-11T05:00:30.000Z","volume":1000,"label":" ","price":71.2},{"type":"A","date":"2018-04-11T05:01:41.000Z","volume":4000,"label":" ","price":71.3},{"type":"A","date":"2018-04-11T05:01:41.000Z","volume":1000,"label":" ","price":71.3},{"type":"B","date":"2018-04-11T05:01:41.000Z","volume":1000,"label":" ","price":71.25},{"type":"A","date":"2018-04-11T05:02:00.000Z","volume":1000,"label":" ","price":71.45},{"type":"U","date":"2018-04-11T05:03:40.000Z","volume":1000,"label":" ","price":71.45},{"type":"A","date":"2018-04-11T05:04:02.000Z","volume":1000,"label":" ","price":71.5},{"type":"A","date":"2018-04-11T05:05:00.000Z","volume":1000,"label":" ","price":71.5},{"type":"B","date":"2018-04-11T05:06:35.000Z","volume":1000,"label":" ","price":71.45},{"type":"A","date":"2018-04-11T05:06:40.000Z","volume":1000,"label":" ","price":71.5},{"type":"A","date":"2018-04-11T05:07:18.000Z","volume":1000,"label":" ","price":71.5},{"type":"A","date":"2018-04-11T05:07:40.000Z","volume":1000,"label":" ","price":71.5},{"type":"A","date":"2018-04-11T05:07:41.000Z","volume":1000,"label":" ","price":71.5},{"type":"B","date":"2018-04-11T05:07:41.000Z","volume":1000,"label":" ","price":71.45},{"type":"A","date":"2018-04-11T05:07:41.000Z","volume":4000,"label":" ","price":71.5},{"type":"U","date":"2018-04-11T05:07:49.000Z","volume":2000,"label":" ","price":71.5},{"type":"A","date":"2018-04-11T05:10:04.000Z","volume":1000,"label":" ","price":71.55},{"type":"A","date":"2018-04-11T05:10:20.000Z","volume":1000,"label":" ","price":71.55},{"type":"B","date":"2018-04-11T05:10:20.000Z","volume":1000,"label":"Y","price":71.5},{"type":"A","date":"2018-04-11T05:10:20.000Z","volume":7000,"label":" ","price":71.55},{"type":"A","date":"2018-04-11T05:10:20.000Z","volume":7000,"label":" ","price":71.6},{"type":"A","date":"2018-04-11T05:10:20.000Z","volume":5000,"label":" ","price":71.65},{"type":"A","date":"2018-04-11T05:10:21.000Z","volume":7000,"label":" ","price":71.7},{"type":"A","date":"2018-04-11T05:10:21.000Z","volume":2000,"label":" ","price":71.75},{"type":"B","date":"2018-04-11T05:10:21.000Z","volume":1000,"label":" ","price":71.55},{"type":"B","date":"2018-04-11T05:10:21.000Z","volume":1000,"label":" ","price":71.55},{"type":"B","date":"2018-04-11T05:11:20.000Z","volume":9000,"label":" ","price":71.75},{"type":"B","date":"2018-04-11T05:11:20.000Z","volume":2000,"label":" ","price":71.75},{"type":"B","date":"2018-04-11T05:11:20.000Z","volume":1000,"label":" ","price":71.75},{"type":"B","date":"2018-04-11T05:11:20.000Z","volume":1000,"label":" ","price":71.75},{"type":"B","date":"2018-04-11T05:11:23.000Z","volume":3000,"label":" ","price":71.7},{"type":"B","date":"2018-04-11T05:11:41.000Z","volume":3000,"label":" ","price":71.65},{"type":"B","date":"2018-04-11T05:11:41.000Z","volume":1000,"label":" ","price":71.6},{"type":"B","date":"2018-04-11T05:11:41.000Z","volume":2000,"label":" ","price":71.6},{"type":"B","date":"2018-04-11T05:11:43.000Z","volume":2000,"label":" ","price":71.55},{"type":"B","date":"2018-04-11T05:12:22.000Z","volume":2000,"label":" ","price":71.5},{"type":"B","date":"2018-04-11T05:12:22.000Z","volume":1000,"label":" ","price":71.4},{"type":"B","date":"2018-04-11T05:13:03.000Z","volume":1000,"label":" ","price":71.35},{"type":"B","date":"2018-04-11T05:15:17.000Z","volume":1000,"label":" ","price":71.3},{"type":"B","date":"2018-04-11T05:15:17.000Z","volume":1000,"label":" ","price":71.3},{"type":"A","date":"2018-04-11T05:16:06.000Z","volume":1000,"label":" ","price":71.35},{"type":"A","date":"2018-04-11T05:16:06.000Z","volume":1000,"label":" ","price":71.35},{"type":"A","date":"2018-04-11T05:18:00.000Z","volume":1000,"label":" ","price":71.35},{"type":"A","date":"2018-04-11T05:19:40.000Z","volume":1000,"label":" ","price":71.35},{"type":"A","date":"2018-04-11T05:22:00.000Z","volume":1000,"label":" ","price":71.35},{"type":"A","date":"2018-04-11T05:22:01.000Z","volume":1000,"label":" ","price":71.35},{"type":"B","date":"2018-04-11T05:22:32.000Z","volume":1000,"label":" ","price":71.3},{"type":"A","date":"2018-04-11T05:23:08.000Z","volume":1000,"label":" ","price":71.35},{"type":"A","date":"2018-04-11T05:27:00.000Z","volume":1000,"label":" ","price":71.35},{"type":"B","date":"2018-04-11T05:27:12.000Z","volume":1000,"label":" ","price":71.3},{"type":"A","date":"2018-04-11T05:27:12.000Z","volume":2000,"label":" ","price":71.35},{"type":"A","date":"2018-04-11T05:27:20.000Z","volume":1000,"label":" ","price":71.4},{"type":"A","date":"2018-04-11T05:28:10.000Z","volume":1000,"label":" ","price":71.45},{"type":"B","date":"2018-04-11T05:28:27.000Z","volume":1000,"label":" ","price":71.35},{"type":"A","date":"2018-04-11T05:30:35.000Z","volume":3000,"label":" ","price":71.45},{"type":"B","date":"2018-04-11T05:31:57.000Z","volume":3000,"label":"Y","price":71.45},{"type":"B","date":"2018-04-11T05:31:57.000Z","volume":5000,"label":" ","price":71.45},{"type":"B","date":"2018-04-11T05:31:57.000Z","volume":1000,"label":" ","price":71.45},{"type":"A","date":"2018-04-11T05:31:57.000Z","volume":2000,"label":" ","price":71.45},{"type":"A","date":"2018-04-11T05:31:57.000Z","volume":2000,"label":" ","price":71.45},{"type":"A","date":"2018-04-11T05:31:57.000Z","volume":1000,"label":" ","price":71.45},{"type":"A","date":"2018-04-11T05:31:57.000Z","volume":1000,"label":" ","price":71.45},{"type":"U","date":"2018-04-11T05:32:40.000Z","volume":1000,"label":" ","price":71.45},{"type":"A","date":"2018-04-11T05:34:12.000Z","volume":1000,"label":" ","price":71.5},{"type":"A","date":"2018-04-11T05:34:12.000Z","volume":7000,"label":" ","price":71.5},{"type":"A","date":"2018-04-11T05:34:12.000Z","volume":1000,"label":" ","price":71.55},{"type":"A","date":"2018-04-11T05:34:22.000Z","volume":1000,"label":" ","price":71.65},{"type":"B","date":"2018-04-11T05:35:05.000Z","volume":3000,"label":" ","price":71.6},{"type":"U","date":"2018-04-11T05:35:05.000Z","volume":1000,"label":" ","price":71.6},{"type":"B","date":"2018-04-11T05:35:08.000Z","volume":1000,"label":" ","price":71.55},{"type":"B","date":"2018-04-11T05:35:10.000Z","volume":2000,"label":" ","price":71.5},{"type":"B","date":"2018-04-11T05:35:11.000Z","volume":1000,"label":" ","price":71.45},{"type":"A","date":"2018-04-11T05:37:40.000Z","volume":1000,"label":" ","price":71.45},{"type":"A","date":"2018-04-11T05:39:20.000Z","volume":1000,"label":" ","price":71.45},{"type":"A","date":"2018-04-11T05:40:13.000Z","volume":1000,"label":" ","price":71.45},{"type":"A","date":"2018-04-11T05:40:13.000Z","volume":5000,"label":" ","price":71.45},{"type":"A","date":"2018-04-11T05:40:15.000Z","volume":5000,"label":" ","price":71.45},{"type":"A","date":"2018-04-11T05:40:15.000Z","volume":1000,"label":" ","price":71.45},{"type":"A","date":"2018-04-11T05:41:08.000Z","volume":2000,"label":" ","price":71.65},{"type":"A","date":"2018-04-11T05:42:19.000Z","volume":1000,"label":" ","price":71.65},{"type":"B","date":"2018-04-11T05:45:24.000Z","volume":6000,"label":" ","price":71.6},{"type":"B","date":"2018-04-11T05:45:24.000Z","volume":1000,"label":" ","price":71.55},{"type":"B","date":"2018-04-11T05:45:24.000Z","volume":1000,"label":" ","price":71.55},{"type":"U","date":"2018-04-11T05:45:24.000Z","volume":1000,"label":" ","price":71.55},{"type":"A","date":"2018-04-11T05:45:24.000Z","volume":1000,"label":" ","price":71.6},{"type":"A","date":"2018-04-11T05:45:24.000Z","volume":1000,"label":" ","price":71.6},{"type":"U","date":"2018-04-11T05:45:24.000Z","volume":1000,"label":" ","price":71.55},{"type":"U","date":"2018-04-11T05:45:24.000Z","volume":3000,"label":" ","price":71.6},{"type":"B","date":"2018-04-11T05:46:46.000Z","volume":1000,"label":" ","price":71.55},{"type":"B","date":"2018-04-11T05:46:46.000Z","volume":2000,"label":" ","price":71.55},{"type":"A","date":"2018-04-11T05:47:15.000Z","volume":1000,"label":" ","price":71.65},{"type":"A","date":"2018-04-11T05:50:40.000Z","volume":1000,"label":" ","price":71.65},{"type":"B","date":"2018-04-11T05:51:33.000Z","volume":1000,"label":" ","price":71.6},{"type":"B","date":"2018-04-11T05:52:13.000Z","volume":1000,"label":"Y","price":71.6},{"type":"B","date":"2018-04-11T05:52:54.000Z","volume":7000,"label":" ","price":71.6},{"type":"B","date":"2018-04-11T05:52:54.000Z","volume":4000,"label":" ","price":71.55},{"type":"B","date":"2018-04-11T05:52:54.000Z","volume":2000,"label":" ","price":71.5},{"type":"B","date":"2018-04-11T05:52:54.000Z","volume":1000,"label":" ","price":71.45},{"type":"B","date":"2018-04-11T05:52:54.000Z","volume":1000,"label":" ","price":71.4},{"type":"A","date":"2018-04-11T05:52:54.000Z","volume":1000,"label":" ","price":71.5},{"type":"A","date":"2018-04-11T05:52:54.000Z","volume":2000,"label":" ","price":71.5},{"type":"A","date":"2018-04-11T05:52:54.000Z","volume":1000,"label":" ","price":71.5},{"type":"U","date":"2018-04-11T05:52:54.000Z","volume":1000,"label":"X","price":71.5},{"type":"B","date":"2018-04-11T05:52:55.000Z","volume":1000,"label":" ","price":71.1},{"type":"A","date":"2018-04-11T05:53:16.000Z","volume":1000,"label":" ","price":71.45},{"type":"B","date":"2018-04-11T05:53:31.000Z","volume":1000,"label":" ","price":71.1},{"type":"B","date":"2018-04-11T05:54:13.000Z","volume":5000,"label":" ","price":71.2},{"type":"B","date":"2018-04-11T05:54:17.000Z","volume":1000,"label":" ","price":71.2},{"type":"B","date":"2018-04-11T05:54:58.000Z","volume":1000,"label":" ","price":71.15},{"type":"A","date":"2018-04-11T05:56:25.000Z","volume":1000,"label":" ","price":71.35},{"type":"A","date":"2018-04-11T05:59:17.000Z","volume":1000,"label":" ","price":71.45},{"type":"A","date":"2018-04-11T06:01:00.000Z","volume":8000,"label":" ","price":71.45},{"type":"A","date":"2018-04-11T06:01:00.000Z","volume":19000,"label":" ","price":71.5},{"type":"A","date":"2018-04-11T06:01:00.000Z","volume":1000,"label":" ","price":71.55},{"type":"A","date":"2018-04-11T06:01:00.000Z","volume":1000,"label":" ","price":71.6},{"type":"A","date":"2018-04-11T06:01:00.000Z","volume":2000,"label":" ","price":71.75},{"type":"B","date":"2018-04-11T06:02:48.000Z","volume":1000,"label":" ","price":71.75},{"type":"A","date":"2018-04-11T06:06:18.000Z","volume":1000,"label":" ","price":71.9},{"type":"B","date":"2018-04-11T06:06:40.000Z","volume":3000,"label":" ","price":71.8},{"type":"B","date":"2018-04-11T06:06:41.000Z","volume":1000,"label":" ","price":71.8},{"type":"U","date":"2018-04-11T06:07:08.000Z","volume":1000,"label":" ","price":71.85},{"type":"U","date":"2018-04-11T06:07:08.000Z","volume":1000,"label":" ","price":71.85},{"type":"B","date":"2018-04-11T06:07:08.000Z","volume":1000,"label":"Y","price":71.85},{"type":"B","date":"2018-04-11T06:07:35.000Z","volume":1000,"label":" ","price":71.85},{"type":"B","date":"2018-04-11T06:07:36.000Z","volume":5000,"label":" ","price":71.85},{"type":"B","date":"2018-04-11T06:07:36.000Z","volume":1000,"label":" ","price":71.85},{"type":"B","date":"2018-04-11T06:07:36.000Z","volume":1000,"label":" ","price":71.85},{"type":"B","date":"2018-04-11T06:07:37.000Z","volume":5000,"label":" ","price":71.8},{"type":"B","date":"2018-04-11T06:07:37.000Z","volume":1000,"label":" ","price":71.85},{"type":"B","date":"2018-04-11T06:07:37.000Z","volume":1000,"label":" ","price":71.8},{"type":"B","date":"2018-04-11T06:07:37.000Z","volume":3000,"label":" ","price":71.75},{"type":"B","date":"2018-04-11T06:07:37.000Z","volume":1000,"label":" ","price":71.75},{"type":"A","date":"2018-04-11T06:08:09.000Z","volume":1000,"label":" ","price":71.75},{"type":"U","date":"2018-04-11T06:11:20.000Z","volume":1000,"label":" ","price":71.7},{"type":"B","date":"2018-04-11T06:11:20.000Z","volume":2000,"label":" ","price":71.7},{"type":"B","date":"2018-04-11T06:11:30.000Z","volume":1000,"label":" ","price":71.7},{"type":"A","date":"2018-04-11T06:12:20.000Z","volume":1000,"label":" ","price":71.75},{"type":"B","date":"2018-04-11T06:12:25.000Z","volume":3000,"label":" ","price":71.7},{"type":"B","date":"2018-04-11T06:12:51.000Z","volume":5000,"label":" ","price":71.7},{"type":"B","date":"2018-04-11T06:12:51.000Z","volume":1000,"label":" ","price":71.7},{"type":"B","date":"2018-04-11T06:13:25.000Z","volume":1000,"label":" ","price":71.7},{"type":"B","date":"2018-04-11T06:13:36.000Z","volume":1000,"label":" ","price":71.7},{"type":"B","date":"2018-04-11T06:13:48.000Z","volume":2000,"label":"Y","price":71.7},{"type":"B","date":"2018-04-11T06:13:48.000Z","volume":2000,"label":" ","price":71.7},{"type":"B","date":"2018-04-11T06:13:48.000Z","volume":5000,"label":" ","price":71.65},{"type":"B","date":"2018-04-11T06:14:04.000Z","volume":1000,"label":" ","price":71.6},{"type":"B","date":"2018-04-11T06:14:04.000Z","volume":1000,"label":" ","price":71.6},{"type":"B","date":"2018-04-11T06:14:04.000Z","volume":1000,"label":" ","price":71.6},{"type":"B","date":"2018-04-11T06:14:04.000Z","volume":1000,"label":" ","price":71.6},{"type":"B","date":"2018-04-11T06:14:32.000Z","volume":1000,"label":" ","price":71.55},{"type":"B","date":"2018-04-11T06:14:35.000Z","volume":1000,"label":" ","price":71.5},{"type":"B","date":"2018-04-11T06:17:36.000Z","volume":2000,"label":" ","price":71.5},{"type":"B","date":"2018-04-11T06:17:36.000Z","volume":1000,"label":" ","price":71.5},{"type":"A","date":"2018-04-11T06:18:21.000Z","volume":1000,"label":" ","price":71.7},{"type":"A","date":"2018-04-11T06:18:43.000Z","volume":1000,"label":" ","price":71.6},{"type":"A","date":"2018-04-11T06:20:36.000Z","volume":1000,"label":" ","price":71.6},{"type":"B","date":"2018-04-11T06:20:36.000Z","volume":1000,"label":" ","price":71.5},{"type":"A","date":"2018-04-11T06:24:33.000Z","volume":1000,"label":" ","price":71.55},{"type":"U","date":"2018-04-11T06:24:40.000Z","volume":1000,"label":"X","price":71.55},{"type":"A","date":"2018-04-11T06:25:23.000Z","volume":1000,"label":" ","price":71.55},{"type":"B","date":"2018-04-11T06:26:39.000Z","volume":9000,"label":" ","price":71.5},{"type":"B","date":"2018-04-11T06:26:39.000Z","volume":1000,"label":" ","price":71.45},{"type":"B","date":"2018-04-11T06:26:39.000Z","volume":2000,"label":" ","price":71.45},{"type":"B","date":"2018-04-11T06:26:39.000Z","volume":1000,"label":"Y","price":71.5},{"type":"B","date":"2018-04-11T06:26:39.000Z","volume":1000,"label":" ","price":71.4},{"type":"U","date":"2018-04-11T06:26:39.000Z","volume":1000,"label":" ","price":71.45},{"type":"B","date":"2018-04-11T06:27:43.000Z","volume":2000,"label":" ","price":71.45},{"type":"B","date":"2018-04-11T06:27:43.000Z","volume":1000,"label":" ","price":71.45},{"type":"A","date":"2018-04-11T06:30:24.000Z","volume":1000,"label":" ","price":71.55},{"type":"B","date":"2018-04-11T06:31:27.000Z","volume":1000,"label":" ","price":71.45},{"type":"B","date":"2018-04-11T06:31:41.000Z","volume":1000,"label":" ","price":71.45},{"type":"U","date":"2018-04-11T06:33:27.000Z","volume":1000,"label":"X","price":71.5},{"type":"A","date":"2018-04-11T06:35:27.000Z","volume":1000,"label":" ","price":71.5},{"type":"A","date":"2018-04-11T06:36:26.000Z","volume":1000,"label":" ","price":71.5},{"type":"B","date":"2018-04-11T06:37:31.000Z","volume":1000,"label":" ","price":71.45},{"type":"A","date":"2018-04-11T06:37:44.000Z","volume":1000,"label":" ","price":71.5},{"type":"A","date":"2018-04-11T06:37:44.000Z","volume":6000,"label":" ","price":71.5},{"type":"B","date":"2018-04-11T06:38:00.000Z","volume":1000,"label":" ","price":71.5},{"type":"A","date":"2018-04-11T06:39:20.000Z","volume":1000,"label":" ","price":71.55},{"type":"A","date":"2018-04-11T06:39:33.000Z","volume":1000,"label":" ","price":71.55},{"type":"A","date":"2018-04-11T06:41:04.000Z","volume":1000,"label":" ","price":71.55},{"type":"A","date":"2018-04-11T06:42:00.000Z","volume":1000,"label":" ","price":71.55},{"type":"A","date":"2018-04-11T06:42:24.000Z","volume":1000,"label":" ","price":71.55},{"type":"A","date":"2018-04-11T06:42:27.000Z","volume":1000,"label":" ","price":71.55},{"type":"A","date":"2018-04-11T06:43:19.000Z","volume":8000,"label":" ","price":71.55},{"type":"A","date":"2018-04-11T06:43:44.000Z","volume":1000,"label":" ","price":71.6},{"type":"A","date":"2018-04-11T06:43:44.000Z","volume":4000,"label":" ","price":71.6},{"type":"B","date":"2018-04-11T06:43:44.000Z","volume":1000,"label":" ","price":71.55},{"type":"A","date":"2018-04-11T06:43:44.000Z","volume":2000,"label":" ","price":71.65},{"type":"A","date":"2018-04-11T06:43:44.000Z","volume":1000,"label":" ","price":71.65},{"type":"A","date":"2018-04-11T06:43:44.000Z","volume":1000,"label":" ","price":71.65},{"type":"A","date":"2018-04-11T06:44:01.000Z","volume":1000,"label":" ","price":71.7},{"type":"B","date":"2018-04-11T06:44:01.000Z","volume":1000,"label":" ","price":71.65},{"type":"B","date":"2018-04-11T06:44:01.000Z","volume":14000,"label":" ","price":71.65},{"type":"U","date":"2018-04-11T06:44:01.000Z","volume":1000,"label":" ","price":71.65},{"type":"A","date":"2018-04-11T06:49:00.000Z","volume":1000,"label":" ","price":71.7},{"type":"A","date":"2018-04-11T06:49:29.000Z","volume":1000,"label":" ","price":71.7},{"type":"B","date":"2018-04-11T06:49:51.000Z","volume":1000,"label":" ","price":71.65},{"type":"A","date":"2018-04-11T06:50:03.000Z","volume":4000,"label":" ","price":71.7},{"type":"B","date":"2018-04-11T06:50:03.000Z","volume":1000,"label":" ","price":71.65},{"type":"A","date":"2018-04-11T06:50:44.000Z","volume":1000,"label":" ","price":71.7},{"type":"A","date":"2018-04-11T06:50:52.000Z","volume":1000,"label":" ","price":71.7},{"type":"A","date":"2018-04-11T06:51:00.000Z","volume":1000,"label":" ","price":71.7},{"type":"A","date":"2018-04-11T06:51:45.000Z","volume":1000,"label":" ","price":71.7},{"type":"A","date":"2018-04-11T06:52:00.000Z","volume":1000,"label":" ","price":71.7},{"type":"B","date":"2018-04-11T06:52:22.000Z","volume":1000,"label":" ","price":71.65},{"type":"U","date":"2018-04-11T06:53:02.000Z","volume":1000,"label":"X","price":71.7},{"type":"A","date":"2018-04-11T06:53:20.000Z","volume":1000,"label":" ","price":71.7},{"type":"B","date":"2018-04-11T06:53:54.000Z","volume":1000,"label":" ","price":71.65},{"type":"A","date":"2018-04-11T06:54:00.000Z","volume":2000,"label":" ","price":71.7},{"type":"A","date":"2018-04-11T06:55:19.000Z","volume":1000,"label":" ","price":71.7},{"type":"A","date":"2018-04-11T06:55:19.000Z","volume":1000,"label":" ","price":71.7},{"type":"A","date":"2018-04-11T06:55:20.000Z","volume":1000,"label":" ","price":71.7},{"type":"A","date":"2018-04-11T06:55:30.000Z","volume":1000,"label":" ","price":71.7},{"type":"A","date":"2018-04-11T06:55:40.000Z","volume":1000,"label":" ","price":71.7},{"type":"B","date":"2018-04-11T06:55:47.000Z","volume":1000,"label":" ","price":71.65},{"type":"A","date":"2018-04-11T06:56:26.000Z","volume":1000,"label":" ","price":71.7},{"type":"A","date":"2018-04-11T06:57:26.000Z","volume":1000,"label":" ","price":71.7},{"type":"A","date":"2018-04-11T06:57:30.000Z","volume":1000,"label":" ","price":71.7},{"type":"A","date":"2018-04-11T06:57:37.000Z","volume":1000,"label":" ","price":71.7},{"type":"A","date":"2018-04-11T06:58:00.000Z","volume":1000,"label":" ","price":71.7},{"type":"A","date":"2018-04-11T06:58:31.000Z","volume":1000,"label":" ","price":71.7},{"type":"B","date":"2018-04-11T06:58:46.000Z","volume":17000,"label":" ","price":71.65},{"type":"B","date":"2018-04-11T06:58:46.000Z","volume":3000,"label":" ","price":71.65},{"type":"B","date":"2018-04-11T06:58:46.000Z","volume":1000,"label":" ","price":71.6},{"type":"B","date":"2018-04-11T06:58:46.000Z","volume":7000,"label":" ","price":71.6},{"type":"B","date":"2018-04-11T06:58:46.000Z","volume":3000,"label":" ","price":71.55},{"type":"B","date":"2018-04-11T06:59:12.000Z","volume":2000,"label":" ","price":71.45},{"type":"B","date":"2018-04-11T07:00:00.000Z","volume":2000,"label":" ","price":71.45},{"type":"B","date":"2018-04-11T07:00:00.000Z","volume":1000,"label":" ","price":71.45},{"type":"B","date":"2018-04-11T07:00:48.000Z","volume":1000,"label":" ","price":71.35},{"type":"A","date":"2018-04-11T07:01:32.000Z","volume":1000,"label":" ","price":71.5},{"type":"A","date":"2018-04-11T07:01:52.000Z","volume":8000,"label":" ","price":71.45},{"type":"A","date":"2018-04-11T07:02:06.000Z","volume":1000,"label":" ","price":71.5},{"type":"A","date":"2018-04-11T07:05:41.000Z","volume":10000,"label":" ","price":71.5},{"type":"A","date":"2018-04-11T07:05:50.000Z","volume":1000,"label":" ","price":71.5},{"type":"A","date":"2018-04-11T07:06:27.000Z","volume":5000,"label":" ","price":71.5},{"type":"A","date":"2018-04-11T07:07:09.000Z","volume":1000,"label":" ","price":71.5},{"type":"A","date":"2018-04-11T07:07:47.000Z","volume":1000,"label":" ","price":71.5},{"type":"B","date":"2018-04-11T07:07:56.000Z","volume":1000,"label":" ","price":71.5},{"type":"A","date":"2018-04-11T07:08:34.000Z","volume":1000,"label":" ","price":71.55},{"type":"A","date":"2018-04-11T07:09:53.000Z","volume":1000,"label":" ","price":71.55},{"type":"U","date":"2018-04-11T07:11:27.000Z","volume":1000,"label":"X","price":71.55},{"type":"U","date":"2018-04-11T07:11:40.000Z","volume":1000,"label":"X","price":71.55},{"type":"A","date":"2018-04-11T07:11:40.000Z","volume":1000,"label":" ","price":71.55},{"type":"A","date":"2018-04-11T07:11:52.000Z","volume":1000,"label":" ","price":71.55},{"type":"A","date":"2018-04-11T07:11:52.000Z","volume":1000,"label":" ","price":71.55},{"type":"A","date":"2018-04-11T07:12:00.000Z","volume":1000,"label":" ","price":71.55},{"type":"A","date":"2018-04-11T07:13:20.000Z","volume":1000,"label":" ","price":71.55},{"type":"A","date":"2018-04-11T07:13:20.000Z","volume":1000,"label":" ","price":71.55},{"type":"A","date":"2018-04-11T07:13:20.000Z","volume":1000,"label":" ","price":71.55},{"type":"B","date":"2018-04-11T07:14:15.000Z","volume":1000,"label":" ","price":71.5},{"type":"A","date":"2018-04-11T07:14:20.000Z","volume":1000,"label":" ","price":71.55},{"type":"A","date":"2018-04-11T07:14:35.000Z","volume":1000,"label":" ","price":71.55},{"type":"A","date":"2018-04-11T07:14:35.000Z","volume":2000,"label":" ","price":71.55},{"type":"A","date":"2018-04-11T07:14:35.000Z","volume":1000,"label":" ","price":71.55},{"type":"A","date":"2018-04-11T07:14:48.000Z","volume":1000,"label":" ","price":71.6},{"type":"U","date":"2018-04-11T07:15:30.000Z","volume":277,"label":"D","price":71.37},{"type":"A","date":"2018-04-11T07:16:20.000Z","volume":1000,"label":" ","price":71.6},{"type":"A","date":"2018-04-11T07:16:20.000Z","volume":1000,"label":" ","price":71.6},{"type":"A","date":"2018-04-11T07:16:55.000Z","volume":1000,"label":" ","price":71.6},{"type":"A","date":"2018-04-11T07:17:00.000Z","volume":1000,"label":" ","price":71.6},{"type":"A","date":"2018-04-11T07:17:29.000Z","volume":1000,"label":" ","price":71.6},{"type":"A","date":"2018-04-11T07:17:29.000Z","volume":1000,"label":" ","price":71.6},{"type":"A","date":"2018-04-11T07:17:40.000Z","volume":1000,"label":" ","price":71.6},{"type":"A","date":"2018-04-11T07:18:00.000Z","volume":1000,"label":" ","price":71.6},{"type":"A","date":"2018-04-11T07:18:00.000Z","volume":2000,"label":" ","price":71.6},{"type":"A","date":"2018-04-11T07:18:07.000Z","volume":3000,"label":" ","price":71.6},{"type":"U","date":"2018-04-11T07:18:15.000Z","volume":1000,"label":" ","price":71.6},{"type":"A","date":"2018-04-11T07:18:49.000Z","volume":1000,"label":" ","price":71.65},{"type":"B","date":"2018-04-11T07:19:12.000Z","volume":1000,"label":" ","price":71.6},{"type":"A","date":"2018-04-11T07:19:37.000Z","volume":1000,"label":" ","price":71.65},{"type":"A","date":"2018-04-11T07:20:08.000Z","volume":1000,"label":" ","price":71.65},{"type":"A","date":"2018-04-11T07:20:08.000Z","volume":4000,"label":" ","price":71.65},{"type":"B","date":"2018-04-11T07:20:24.000Z","volume":1000,"label":" ","price":71.6},{"type":"A","date":"2018-04-11T07:20:36.000Z","volume":1000,"label":" ","price":71.65},{"type":"B","date":"2018-04-11T07:20:44.000Z","volume":4000,"label":"Y","price":71.6},{"type":"B","date":"2018-04-11T07:20:44.000Z","volume":6000,"label":" ","price":71.6},{"type":"B","date":"2018-04-11T07:20:44.000Z","volume":1000,"label":" ","price":71.6},{"type":"A","date":"2018-04-11T07:23:17.000Z","volume":1000,"label":"Y","price":71.65},{"type":"A","date":"2018-04-11T07:23:40.000Z","volume":1000,"label":" ","price":71.65},{"type":"A","date":"2018-04-11T07:24:20.000Z","volume":1000,"label":" ","price":71.65},{"type":"A","date":"2018-04-11T07:25:40.000Z","volume":1000,"label":" ","price":71.65},{"type":"A","date":"2018-04-11T07:25:49.000Z","volume":1000,"label":" ","price":71.65},{"type":"A","date":"2018-04-11T07:26:40.000Z","volume":1000,"label":" ","price":71.65},{"type":"A","date":"2018-04-11T07:27:38.000Z","volume":1000,"label":" ","price":71.65},{"type":"A","date":"2018-04-11T07:27:40.000Z","volume":1000,"label":" ","price":71.65},{"type":"A","date":"2018-04-11T07:28:26.000Z","volume":4000,"label":" ","price":71.65},{"type":"B","date":"2018-04-11T07:28:26.000Z","volume":1000,"label":" ","price":71.6},{"type":"A","date":"2018-04-11T07:29:10.000Z","volume":1000,"label":" ","price":71.65},{"type":"A","date":"2018-04-11T07:29:40.000Z","volume":1000,"label":" ","price":71.65},{"type":"B","date":"2018-04-11T07:29:48.000Z","volume":1000,"label":" ","price":71.6},{"type":"A","date":"2018-04-11T07:30:18.000Z","volume":1000,"label":" ","price":71.65},{"type":"A","date":"2018-04-11T07:30:48.000Z","volume":1000,"label":" ","price":71.65},{"type":"A","date":"2018-04-11T07:31:06.000Z","volume":1000,"label":" ","price":71.65},{"type":"A","date":"2018-04-11T07:31:20.000Z","volume":1000,"label":" ","price":71.65},{"type":"A","date":"2018-04-11T07:32:10.000Z","volume":1000,"label":" ","price":71.65},{"type":"A","date":"2018-04-11T07:32:20.000Z","volume":1000,"label":" ","price":71.65},{"type":"A","date":"2018-04-11T07:32:39.000Z","volume":1000,"label":" ","price":71.65},{"type":"A","date":"2018-04-11T07:32:50.000Z","volume":1000,"label":" ","price":71.65},{"type":"A","date":"2018-04-11T07:33:00.000Z","volume":1000,"label":" ","price":71.65},{"type":"A","date":"2018-04-11T07:33:00.000Z","volume":1000,"label":" ","price":71.65},{"type":"A","date":"2018-04-11T07:33:00.000Z","volume":1000,"label":" ","price":71.65},{"type":"A","date":"2018-04-11T07:33:20.000Z","volume":2000,"label":" ","price":71.65},{"type":"A","date":"2018-04-11T07:33:22.000Z","volume":1000,"label":" ","price":71.65},{"type":"A","date":"2018-04-11T07:33:22.000Z","volume":1000,"label":" ","price":71.65},{"type":"A","date":"2018-04-11T07:33:24.000Z","volume":10000,"label":" ","price":71.7},{"type":"B","date":"2018-04-11T07:33:51.000Z","volume":2000,"label":" ","price":71.65},{"type":"B","date":"2018-04-11T07:33:51.000Z","volume":1000,"label":" ","price":71.65},{"type":"B","date":"2018-04-11T07:33:51.000Z","volume":1000,"label":" ","price":71.65},{"type":"A","date":"2018-04-11T07:33:51.000Z","volume":1000,"label":" ","price":71.7},{"type":"A","date":"2018-04-11T07:33:59.000Z","volume":1000,"label":" ","price":71.7},{"type":"A","date":"2018-04-11T07:34:02.000Z","volume":7000,"label":" ","price":71.7},{"type":"A","date":"2018-04-11T07:34:07.000Z","volume":1000,"label":" ","price":71.75},{"type":"A","date":"2018-04-11T07:34:27.000Z","volume":1000,"label":" ","price":71.75},{"type":"B","date":"2018-04-11T07:35:20.000Z","volume":13000,"label":" ","price":71.7},{"type":"U","date":"2018-04-11T07:35:20.000Z","volume":1000,"label":" ","price":71.7},{"type":"U","date":"2018-04-11T07:36:20.000Z","volume":1000,"label":" ","price":71.7},{"type":"B","date":"2018-04-11T07:37:08.000Z","volume":1000,"label":" ","price":71.7},{"type":"A","date":"2018-04-11T07:37:51.000Z","volume":1000,"label":" ","price":71.75},{"type":"A","date":"2018-04-11T07:38:15.000Z","volume":5000,"label":" ","price":71.75},{"type":"B","date":"2018-04-11T07:38:15.000Z","volume":2000,"label":" ","price":71.7},{"type":"A","date":"2018-04-11T07:38:51.000Z","volume":1000,"label":" ","price":71.75},{"type":"A","date":"2018-04-11T07:39:25.000Z","volume":1000,"label":" ","price":71.75},{"type":"A","date":"2018-04-11T07:40:11.000Z","volume":1000,"label":" ","price":71.75},{"type":"A","date":"2018-04-11T07:40:51.000Z","volume":1000,"label":" ","price":71.75},{"type":"A","date":"2018-04-11T07:41:29.000Z","volume":1000,"label":" ","price":71.75},{"type":"A","date":"2018-04-11T07:41:30.000Z","volume":1000,"label":" ","price":71.75},{"type":"A","date":"2018-04-11T07:41:40.000Z","volume":1000,"label":" ","price":71.75},{"type":"A","date":"2018-04-11T07:42:20.000Z","volume":1000,"label":" ","price":71.75},{"type":"B","date":"2018-04-11T07:42:20.000Z","volume":17000,"label":" ","price":71.7},{"type":"B","date":"2018-04-11T07:42:20.000Z","volume":5000,"label":" ","price":71.65},{"type":"B","date":"2018-04-11T07:42:21.000Z","volume":1000,"label":" ","price":71.6},{"type":"B","date":"2018-04-11T07:43:40.000Z","volume":1000,"label":" ","price":71.6},{"type":"B","date":"2018-04-11T07:44:51.000Z","volume":1000,"label":" ","price":71.6},{"type":"A","date":"2018-04-11T07:44:51.000Z","volume":1000,"label":" ","price":71.7},{"type":"A","date":"2018-04-11T07:45:32.000Z","volume":1000,"label":" ","price":71.65},{"type":"A","date":"2018-04-11T07:46:04.000Z","volume":1000,"label":" ","price":71.65},{"type":"B","date":"2018-04-11T07:46:16.000Z","volume":2000,"label":" ","price":71.6},{"type":"A","date":"2018-04-11T07:46:52.000Z","volume":1000,"label":" ","price":71.65},{"type":"B","date":"2018-04-11T07:46:52.000Z","volume":1000,"label":" ","price":71.6},{"type":"A","date":"2018-04-11T07:47:32.000Z","volume":1000,"label":" ","price":71.65},{"type":"A","date":"2018-04-11T07:47:52.000Z","volume":1000,"label":" ","price":71.65},{"type":"A","date":"2018-04-11T07:47:52.000Z","volume":3000,"label":" ","price":71.65},{"type":"A","date":"2018-04-11T07:48:15.000Z","volume":1000,"label":"Y","price":71.7},{"type":"A","date":"2018-04-11T07:48:32.000Z","volume":1000,"label":" ","price":71.7},{"type":"B","date":"2018-04-11T07:48:32.000Z","volume":1000,"label":" ","price":71.6},{"type":"A","date":"2018-04-11T07:48:52.000Z","volume":1000,"label":" ","price":71.7},{"type":"A","date":"2018-04-11T07:49:03.000Z","volume":1000,"label":" ","price":71.7},{"type":"A","date":"2018-04-11T07:49:11.000Z","volume":1000,"label":" ","price":71.7},{"type":"A","date":"2018-04-11T07:49:53.000Z","volume":1000,"label":" ","price":71.7},{"type":"A","date":"2018-04-11T07:49:59.000Z","volume":5000,"label":" ","price":71.7},{"type":"A","date":"2018-04-11T07:50:15.000Z","volume":1000,"label":" ","price":71.75},{"type":"B","date":"2018-04-11T07:50:20.000Z","volume":1000,"label":" ","price":71.7},{"type":"A","date":"2018-04-11T07:50:51.000Z","volume":1000,"label":" ","price":71.75},{"type":"B","date":"2018-04-11T07:51:05.000Z","volume":12000,"label":" ","price":71.7},{"type":"B","date":"2018-04-11T07:51:05.000Z","volume":6000,"label":" ","price":71.7},{"type":"B","date":"2018-04-11T07:51:08.000Z","volume":4000,"label":" ","price":71.65},{"type":"B","date":"2018-04-11T07:51:08.000Z","volume":1000,"label":" ","price":71.6},{"type":"B","date":"2018-04-11T07:51:08.000Z","volume":1000,"label":" ","price":71.55},{"type":"A","date":"2018-04-11T07:52:46.000Z","volume":1000,"label":" ","price":71.7},{"type":"A","date":"2018-04-11T07:53:33.000Z","volume":1000,"label":" ","price":71.7},{"type":"A","date":"2018-04-11T07:53:53.000Z","volume":1000,"label":" ","price":71.7},{"type":"A","date":"2018-04-11T07:53:53.000Z","volume":1000,"label":" ","price":71.7},{"type":"A","date":"2018-04-11T07:54:06.000Z","volume":5000,"label":" ","price":71.65},{"type":"A","date":"2018-04-11T07:54:29.000Z","volume":1000,"label":" ","price":71.7},{"type":"U","date":"2018-04-11T07:54:51.000Z","volume":1000,"label":"X","price":71.7},{"type":"A","date":"2018-04-11T07:55:13.000Z","volume":1000,"label":" ","price":71.7},{"type":"B","date":"2018-04-11T07:55:23.000Z","volume":1000,"label":" ","price":71.65},{"type":"A","date":"2018-04-11T07:55:54.000Z","volume":1000,"label":" ","price":71.7},{"type":"B","date":"2018-04-11T07:56:12.000Z","volume":1000,"label":"Y","price":71.65},{"type":"A","date":"2018-04-11T07:56:13.000Z","volume":1000,"label":" ","price":71.7},{"type":"A","date":"2018-04-11T07:56:17.000Z","volume":9000,"label":" ","price":71.7},{"type":"B","date":"2018-04-11T07:56:17.000Z","volume":2000,"label":" ","price":71.65},{"type":"A","date":"2018-04-11T07:56:30.000Z","volume":1000,"label":" ","price":71.7},{"type":"A","date":"2018-04-11T07:56:30.000Z","volume":1000,"label":" ","price":71.7},{"type":"A","date":"2018-04-11T07:56:41.000Z","volume":1000,"label":" ","price":71.7},{"type":"A","date":"2018-04-11T07:56:53.000Z","volume":1000,"label":" ","price":71.7},{"type":"A","date":"2018-04-11T07:56:58.000Z","volume":1000,"label":" ","price":71.7},{"type":"A","date":"2018-04-11T07:56:58.000Z","volume":1000,"label":" ","price":71.7},{"type":"A","date":"2018-04-11T07:57:13.000Z","volume":1000,"label":" ","price":71.7},{"type":"A","date":"2018-04-11T07:57:30.000Z","volume":1000,"label":" ","price":71.7},{"type":"A","date":"2018-04-11T07:57:33.000Z","volume":1000,"label":" ","price":71.7},{"type":"A","date":"2018-04-11T07:57:33.000Z","volume":1000,"label":" ","price":71.7},{"type":"A","date":"2018-04-11T07:57:53.000Z","volume":1000,"label":" ","price":71.7},{"type":"B","date":"2018-04-11T07:57:53.000Z","volume":8000,"label":" ","price":71.65},{"type":"A","date":"2018-04-11T07:57:58.000Z","volume":1000,"label":" ","price":71.7},{"type":"A","date":"2018-04-11T07:58:46.000Z","volume":1000,"label":" ","price":71.7},{"type":"U","date":"2018-04-11T07:59:00.000Z","volume":1000,"label":"X","price":71.7},{"type":"B","date":"2018-04-11T07:59:02.000Z","volume":1000,"label":" ","price":71.65},{"type":"A","date":"2018-04-11T07:59:04.000Z","volume":1000,"label":" ","price":71.7},{"type":"A","date":"2018-04-11T07:59:11.000Z","volume":2000,"label":" ","price":71.7},{"type":"A","date":"2018-04-11T07:59:23.000Z","volume":1000,"label":" ","price":71.7},{"type":"A","date":"2018-04-11T07:59:23.000Z","volume":1000,"label":"Y","price":71.7},{"type":"B","date":"2018-04-11T07:59:23.000Z","volume":2000,"label":" ","price":71.65},{"type":"B","date":"2018-04-11T07:59:24.000Z","volume":1000,"label":" ","price":71.65},{"type":"B","date":"2018-04-11T07:59:36.000Z","volume":1000,"label":" ","price":71.55},{"type":"U","date":"2018-04-11T08:08:14.000Z","volume":185000,"label":"U","price":71.85}]