[{"type":"B","date":"2018-05-03T01:30:14.000Z","volume":8000,"label":"Y","price":21.2},{"type":"B","date":"2018-05-03T01:30:14.000Z","volume":1000,"label":" ","price":21.2},{"type":"B","date":"2018-05-03T01:30:14.000Z","volume":100,"label":"Y","price":21.3},{"type":"B","date":"2018-05-03T01:30:14.000Z","volume":300,"label":" ","price":21.3},{"type":"B","date":"2018-05-03T01:30:16.000Z","volume":500,"label":" ","price":21.2},{"type":"B","date":"2018-05-03T01:30:22.000Z","volume":100,"label":" ","price":21.25},{"type":"A","date":"2018-05-03T01:30:31.000Z","volume":1400,"label":" ","price":21.4},{"type":"B","date":"2018-05-03T01:30:35.000Z","volume":100,"label":" ","price":21.15},{"type":"A","date":"2018-05-03T01:30:35.000Z","volume":2700,"label":" ","price":21.3},{"type":"B","date":"2018-05-03T01:30:37.000Z","volume":100,"label":" ","price":21.2},{"type":"B","date":"2018-05-03T01:30:40.000Z","volume":100,"label":" ","price":21.2},{"type":"A","date":"2018-05-03T01:30:41.000Z","volume":500,"label":" ","price":21.3},{"type":"B","date":"2018-05-03T01:31:01.000Z","volume":100,"label":" ","price":21.15},{"type":"B","date":"2018-05-03T01:31:01.000Z","volume":100,"label":" ","price":21.15},{"type":"B","date":"2018-05-03T01:31:03.000Z","volume":100,"label":" ","price":21.15},{"type":"B","date":"2018-05-03T01:31:06.000Z","volume":1100,"label":" ","price":21.15},{"type":"B","date":"2018-05-03T01:31:06.000Z","volume":500,"label":" ","price":21.15},{"type":"B","date":"2018-05-03T01:31:37.000Z","volume":100,"label":" ","price":21.1},{"type":"A","date":"2018-05-03T01:31:53.000Z","volume":5000,"label":" ","price":21.15},{"type":"B","date":"2018-05-03T01:31:53.000Z","volume":200,"label":" ","price":21.1},{"type":"B","date":"2018-05-03T01:31:53.000Z","volume":100,"label":" ","price":21.1},{"type":"B","date":"2018-05-03T01:31:55.000Z","volume":100,"label":" ","price":21.1},{"type":"B","date":"2018-05-03T01:31:56.000Z","volume":23600,"label":" ","price":21.1},{"type":"B","date":"2018-05-03T01:31:56.000Z","volume":2600,"label":" ","price":21.1},{"type":"B","date":"2018-05-03T01:31:58.000Z","volume":100,"label":" ","price":21.1},{"type":"A","date":"2018-05-03T01:31:58.000Z","volume":5000,"label":" ","price":21.15},{"type":"B","date":"2018-05-03T01:32:02.000Z","volume":5300,"label":" ","price":21.1},{"type":"A","date":"2018-05-03T01:32:04.000Z","volume":100,"label":" ","price":21.15},{"type":"B","date":"2018-05-03T01:32:07.000Z","volume":5000,"label":" ","price":21.1},{"type":"B","date":"2018-05-03T01:32:07.000Z","volume":200,"label":" ","price":21.05},{"type":"A","date":"2018-05-03T01:32:27.000Z","volume":42000,"label":" ","price":21.15},{"type":"B","date":"2018-05-03T01:34:53.000Z","volume":500,"label":"Y","price":21.1},{"type":"A","date":"2018-05-03T01:34:58.000Z","volume":100,"label":" ","price":21.15},{"type":"A","date":"2018-05-03T01:35:15.000Z","volume":300,"label":" ","price":21.15},{"type":"A","date":"2018-05-03T01:35:29.000Z","volume":100,"label":" ","price":21.15},{"type":"A","date":"2018-05-03T01:35:35.000Z","volume":300,"label":" ","price":21.15},{"type":"B","date":"2018-05-03T01:36:42.000Z","volume":2300,"label":" ","price":21.1},{"type":"A","date":"2018-05-03T01:37:11.000Z","volume":1000,"label":" ","price":21.15},{"type":"B","date":"2018-05-03T01:37:37.000Z","volume":2700,"label":" ","price":21.1},{"type":"B","date":"2018-05-03T01:38:14.000Z","volume":200,"label":" ","price":21.1},{"type":"B","date":"2018-05-03T01:38:25.000Z","volume":300,"label":"Y","price":21.1},{"type":"B","date":"2018-05-03T01:38:25.000Z","volume":19700,"label":" ","price":21.1},{"type":"B","date":"2018-05-03T01:38:25.000Z","volume":100,"label":" ","price":21.1},{"type":"A","date":"2018-05-03T01:38:27.000Z","volume":100,"label":" ","price":21.15},{"type":"B","date":"2018-05-03T01:38:34.000Z","volume":600,"label":" ","price":21.1},{"type":"B","date":"2018-05-03T01:38:34.000Z","volume":900,"label":" ","price":21.1},{"type":"B","date":"2018-05-03T01:38:34.000Z","volume":300,"label":" ","price":21.1},{"type":"U","date":"2018-05-03T01:38:37.000Z","volume":400,"label":" ","price":21.1},{"type":"A","date":"2018-05-03T01:40:19.000Z","volume":30000,"label":" ","price":21.15},{"type":"B","date":"2018-05-03T01:40:19.000Z","volume":200,"label":" ","price":21.1},{"type":"B","date":"2018-05-03T01:40:21.000Z","volume":2900,"label":" ","price":21.1},{"type":"A","date":"2018-05-03T01:40:24.000Z","volume":100,"label":" ","price":21.15},{"type":"A","date":"2018-05-03T01:40:55.000Z","volume":2000,"label":" ","price":21.15},{"type":"B","date":"2018-05-03T01:40:57.000Z","volume":200,"label":" ","price":21.1},{"type":"B","date":"2018-05-03T01:41:04.000Z","volume":30000,"label":" ","price":21.1},{"type":"B","date":"2018-05-03T01:41:04.000Z","volume":3300,"label":" ","price":21.1},{"type":"B","date":"2018-05-03T01:41:04.000Z","volume":200,"label":" ","price":21.1},{"type":"B","date":"2018-05-03T01:41:06.000Z","volume":3300,"label":" ","price":21.1},{"type":"B","date":"2018-05-03T01:41:06.000Z","volume":200,"label":" ","price":21.1},{"type":"B","date":"2018-05-03T01:41:34.000Z","volume":700,"label":" ","price":21.1},{"type":"B","date":"2018-05-03T01:41:34.000Z","volume":100,"label":" ","price":21.1},{"type":"B","date":"2018-05-03T01:41:35.000Z","volume":100,"label":" ","price":21.1},{"type":"B","date":"2018-05-03T01:41:43.000Z","volume":100,"label":" ","price":21.1},{"type":"B","date":"2018-05-03T01:43:01.000Z","volume":100,"label":" ","price":21.1},{"type":"B","date":"2018-05-03T01:43:12.000Z","volume":1000,"label":" ","price":21.1},{"type":"B","date":"2018-05-03T01:43:12.000Z","volume":7500,"label":" ","price":21.1},{"type":"B","date":"2018-05-03T01:43:12.000Z","volume":7800,"label":" ","price":21.1},{"type":"B","date":"2018-05-03T01:43:12.000Z","volume":200,"label":" ","price":21.1},{"type":"B","date":"2018-05-03T01:43:13.000Z","volume":1800,"label":" ","price":21.1},{"type":"B","date":"2018-05-03T01:43:13.000Z","volume":100,"label":" ","price":21.1},{"type":"B","date":"2018-05-03T01:44:04.000Z","volume":100,"label":" ","price":21.1},{"type":"B","date":"2018-05-03T01:44:05.000Z","volume":700,"label":" ","price":21.1},{"type":"B","date":"2018-05-03T01:44:05.000Z","volume":2700,"label":" ","price":21.1},{"type":"B","date":"2018-05-03T01:44:06.000Z","volume":400,"label":" ","price":21.05},{"type":"B","date":"2018-05-03T01:45:09.000Z","volume":400,"label":" ","price":21.1},{"type":"B","date":"2018-05-03T01:45:24.000Z","volume":32600,"label":" ","price":21.05},{"type":"B","date":"2018-05-03T01:45:24.000Z","volume":2000,"label":" ","price":21.05},{"type":"B","date":"2018-05-03T01:45:26.000Z","volume":1400,"label":" ","price":21.05},{"type":"B","date":"2018-05-03T01:45:27.000Z","volume":100,"label":" ","price":21.05},{"type":"B","date":"2018-05-03T01:45:38.000Z","volume":500,"label":" ","price":21.05},{"type":"B","date":"2018-05-03T01:45:40.000Z","volume":100,"label":" ","price":21.05},{"type":"B","date":"2018-05-03T01:46:30.000Z","volume":200,"label":" ","price":21.05},{"type":"B","date":"2018-05-03T01:46:44.000Z","volume":200,"label":" ","price":21.05},{"type":"B","date":"2018-05-03T01:47:00.000Z","volume":100,"label":" ","price":21.05},{"type":"B","date":"2018-05-03T01:47:10.000Z","volume":14000,"label":"Y","price":21.05},{"type":"B","date":"2018-05-03T01:47:10.000Z","volume":6000,"label":" ","price":21.05},{"type":"B","date":"2018-05-03T01:47:11.000Z","volume":2100,"label":" ","price":21.05},{"type":"B","date":"2018-05-03T01:47:11.000Z","volume":4300,"label":" ","price":21.05},{"type":"B","date":"2018-05-03T01:47:13.000Z","volume":500,"label":" ","price":21.05},{"type":"A","date":"2018-05-03T01:47:13.000Z","volume":25000,"label":" ","price":21.1},{"type":"B","date":"2018-05-03T01:47:15.000Z","volume":1600,"label":" ","price":21.05},{"type":"A","date":"2018-05-03T01:48:17.000Z","volume":3800,"label":" ","price":21.1},{"type":"B","date":"2018-05-03T01:48:17.000Z","volume":1200,"label":" ","price":21.1},{"type":"B","date":"2018-05-03T01:48:17.000Z","volume":300,"label":" ","price":21.05},{"type":"B","date":"2018-05-03T01:48:30.000Z","volume":300,"label":" ","price":21.1},{"type":"B","date":"2018-05-03T01:49:30.000Z","volume":100,"label":" ","price":21.1},{"type":"B","date":"2018-05-03T01:49:30.000Z","volume":100,"label":" ","price":21.1},{"type":"B","date":"2018-05-03T01:49:30.000Z","volume":1700,"label":" ","price":21.1},{"type":"A","date":"2018-05-03T01:49:32.000Z","volume":100,"label":" ","price":21.1},{"type":"B","date":"2018-05-03T01:49:32.000Z","volume":100,"label":" ","price":21.05},{"type":"A","date":"2018-05-03T01:49:58.000Z","volume":100,"label":" ","price":21.1},{"type":"B","date":"2018-05-03T01:50:00.000Z","volume":100,"label":" ","price":21.05},{"type":"B","date":"2018-05-03T01:50:02.000Z","volume":1600,"label":" ","price":21.05},{"type":"B","date":"2018-05-03T01:50:04.000Z","volume":100,"label":" ","price":21.05},{"type":"B","date":"2018-05-03T01:50:30.000Z","volume":100,"label":" ","price":21.05},{"type":"A","date":"2018-05-03T01:50:39.000Z","volume":100,"label":" ","price":21.1},{"type":"A","date":"2018-05-03T01:52:10.000Z","volume":100,"label":" ","price":21.1},{"type":"B","date":"2018-05-03T01:52:10.000Z","volume":100,"label":" ","price":21.05},{"type":"A","date":"2018-05-03T01:52:31.000Z","volume":2000,"label":" ","price":21.1},{"type":"B","date":"2018-05-03T01:52:32.000Z","volume":100,"label":" ","price":21.05},{"type":"A","date":"2018-05-03T01:53:54.000Z","volume":2000,"label":" ","price":21.1},{"type":"B","date":"2018-05-03T01:53:56.000Z","volume":100,"label":" ","price":21.05},{"type":"B","date":"2018-05-03T01:56:25.000Z","volume":11000,"label":" ","price":21.05},{"type":"B","date":"2018-05-03T01:56:25.000Z","volume":1100,"label":" ","price":21.05},{"type":"A","date":"2018-05-03T01:57:25.000Z","volume":100,"label":" ","price":21.1},{"type":"B","date":"2018-05-03T01:57:47.000Z","volume":200,"label":" ","price":21.05},{"type":"B","date":"2018-05-03T01:57:56.000Z","volume":200,"label":" ","price":21.05},{"type":"B","date":"2018-05-03T01:57:56.000Z","volume":100,"label":" ","price":21.05},{"type":"A","date":"2018-05-03T01:58:40.000Z","volume":100,"label":" ","price":21.1},{"type":"A","date":"2018-05-03T01:59:14.000Z","volume":500,"label":" ","price":21.1},{"type":"A","date":"2018-05-03T02:00:10.000Z","volume":100,"label":" ","price":21.1},{"type":"A","date":"2018-05-03T02:00:10.000Z","volume":200,"label":" ","price":21.1},{"type":"B","date":"2018-05-03T02:00:11.000Z","volume":100,"label":" ","price":21.05},{"type":"B","date":"2018-05-03T02:00:49.000Z","volume":300,"label":" ","price":21.05},{"type":"B","date":"2018-05-03T02:00:54.000Z","volume":100,"label":" ","price":21.05},{"type":"A","date":"2018-05-03T02:01:25.000Z","volume":100,"label":" ","price":21.1},{"type":"B","date":"2018-05-03T02:02:17.000Z","volume":2200,"label":" ","price":21.05},{"type":"B","date":"2018-05-03T02:02:19.000Z","volume":200,"label":" ","price":21.05},{"type":"A","date":"2018-05-03T02:02:40.000Z","volume":100,"label":" ","price":21.1},{"type":"B","date":"2018-05-03T02:02:41.000Z","volume":100,"label":" ","price":21.05},{"type":"B","date":"2018-05-03T02:02:46.000Z","volume":600,"label":" ","price":21.05},{"type":"B","date":"2018-05-03T02:02:57.000Z","volume":100,"label":" ","price":21.05},{"type":"B","date":"2018-05-03T02:03:20.000Z","volume":200,"label":" ","price":21.05},{"type":"B","date":"2018-05-03T02:03:43.000Z","volume":1400,"label":" ","price":21.05},{"type":"B","date":"2018-05-03T02:03:45.000Z","volume":200,"label":" ","price":21.05},{"type":"A","date":"2018-05-03T02:04:09.000Z","volume":1700,"label":" ","price":21.1},{"type":"A","date":"2018-05-03T02:04:11.000Z","volume":100,"label":" ","price":21.1},{"type":"B","date":"2018-05-03T02:04:50.000Z","volume":100,"label":" ","price":21.05},{"type":"B","date":"2018-05-03T02:05:17.000Z","volume":700,"label":" ","price":21.05},{"type":"A","date":"2018-05-03T02:05:40.000Z","volume":100,"label":" ","price":21.1},{"type":"B","date":"2018-05-03T02:06:09.000Z","volume":200,"label":" ","price":21.05},{"type":"A","date":"2018-05-03T02:07:10.000Z","volume":100,"label":" ","price":21.1},{"type":"B","date":"2018-05-03T02:07:20.000Z","volume":100,"label":" ","price":21.05},{"type":"B","date":"2018-05-03T02:07:34.000Z","volume":200,"label":" ","price":21.05},{"type":"B","date":"2018-05-03T02:07:54.000Z","volume":100,"label":" ","price":21.05},{"type":"A","date":"2018-05-03T02:08:25.000Z","volume":100,"label":" ","price":21.1},{"type":"A","date":"2018-05-03T02:08:37.000Z","volume":2400,"label":" ","price":21.1},{"type":"U","date":"2018-05-03T02:08:39.000Z","volume":200,"label":"X","price":21.05},{"type":"U","date":"2018-05-03T02:09:04.000Z","volume":200,"label":"X","price":21.1},{"type":"U","date":"2018-05-03T02:09:04.000Z","volume":700,"label":"X","price":21.1},{"type":"B","date":"2018-05-03T02:09:04.000Z","volume":600,"label":" ","price":21.05},{"type":"B","date":"2018-05-03T02:09:04.000Z","volume":700,"label":" ","price":21.05},{"type":"B","date":"2018-05-03T02:09:04.000Z","volume":10000,"label":" ","price":21.05},{"type":"U","date":"2018-05-03T02:09:06.000Z","volume":100,"label":"X","price":21.05},{"type":"A","date":"2018-05-03T02:09:21.000Z","volume":3000,"label":" ","price":21.1},{"type":"U","date":"2018-05-03T02:09:22.000Z","volume":300,"label":"X","price":21.05},{"type":"A","date":"2018-05-03T02:09:55.000Z","volume":100,"label":" ","price":21.1},{"type":"U","date":"2018-05-03T02:10:54.000Z","volume":1400,"label":"X","price":21.1},{"type":"U","date":"2018-05-03T02:10:54.000Z","volume":300,"label":"X","price":21.1},{"type":"B","date":"2018-05-03T02:11:14.000Z","volume":100,"label":" ","price":21.05},{"type":"B","date":"2018-05-03T02:11:14.000Z","volume":2300,"label":" ","price":21.05},{"type":"A","date":"2018-05-03T02:11:25.000Z","volume":100,"label":" ","price":21.1},{"type":"B","date":"2018-05-03T02:11:34.000Z","volume":300,"label":" ","price":21.05},{"type":"A","date":"2018-05-03T02:11:40.000Z","volume":100,"label":" ","price":21.1},{"type":"A","date":"2018-05-03T02:12:55.000Z","volume":100,"label":" ","price":21.1},{"type":"A","date":"2018-05-03T02:13:21.000Z","volume":100,"label":" ","price":21.1},{"type":"B","date":"2018-05-03T02:13:22.000Z","volume":2300,"label":" ","price":21.05},{"type":"A","date":"2018-05-03T02:14:06.000Z","volume":100,"label":" ","price":21.1},{"type":"A","date":"2018-05-03T02:14:12.000Z","volume":100,"label":" ","price":21.1},{"type":"A","date":"2018-05-03T02:14:25.000Z","volume":100,"label":" ","price":21.1},{"type":"B","date":"2018-05-03T02:14:39.000Z","volume":200,"label":" ","price":21.05},{"type":"A","date":"2018-05-03T02:15:02.000Z","volume":100,"label":" ","price":21.1},{"type":"B","date":"2018-05-03T02:15:14.000Z","volume":600,"label":" ","price":21.05},{"type":"A","date":"2018-05-03T02:15:20.000Z","volume":100,"label":" ","price":21.1},{"type":"A","date":"2018-05-03T02:15:40.000Z","volume":100,"label":" ","price":21.1},{"type":"B","date":"2018-05-03T02:15:41.000Z","volume":2200,"label":" ","price":21.05},{"type":"A","date":"2018-05-03T02:15:42.000Z","volume":5000,"label":" ","price":21.1},{"type":"A","date":"2018-05-03T02:15:53.000Z","volume":100,"label":" ","price":21.1},{"type":"B","date":"2018-05-03T02:16:02.000Z","volume":1200,"label":" ","price":21.05},{"type":"B","date":"2018-05-03T02:16:19.000Z","volume":100,"label":" ","price":21.05},{"type":"A","date":"2018-05-03T02:16:43.000Z","volume":100,"label":" ","price":21.1},{"type":"B","date":"2018-05-03T02:17:24.000Z","volume":200,"label":" ","price":21.05},{"type":"A","date":"2018-05-03T02:17:25.000Z","volume":100,"label":" ","price":21.1},{"type":"A","date":"2018-05-03T02:17:33.000Z","volume":100,"label":" ","price":21.1},{"type":"A","date":"2018-05-03T02:17:46.000Z","volume":2000,"label":" ","price":21.1},{"type":"A","date":"2018-05-03T02:18:20.000Z","volume":100,"label":" ","price":21.1},{"type":"A","date":"2018-05-03T02:18:24.000Z","volume":100,"label":" ","price":21.1},{"type":"A","date":"2018-05-03T02:18:41.000Z","volume":100,"label":" ","price":21.1},{"type":"U","date":"2018-05-03T02:18:42.000Z","volume":100,"label":"X","price":21.05},{"type":"A","date":"2018-05-03T02:18:51.000Z","volume":2300,"label":" ","price":21.1},{"type":"U","date":"2018-05-03T02:18:51.000Z","volume":400,"label":"X","price":21.1},{"type":"U","date":"2018-05-03T02:18:51.000Z","volume":500,"label":"X","price":21.1},{"type":"U","date":"2018-05-03T02:18:51.000Z","volume":700,"label":"X","price":21.1},{"type":"A","date":"2018-05-03T02:19:14.000Z","volume":100,"label":" ","price":21.1},{"type":"A","date":"2018-05-03T02:19:15.000Z","volume":2100,"label":" ","price":21.1},{"type":"A","date":"2018-05-03T02:19:19.000Z","volume":100,"label":" ","price":21.1},{"type":"B","date":"2018-05-03T02:19:31.000Z","volume":100,"label":" ","price":21.05},{"type":"A","date":"2018-05-03T02:19:57.000Z","volume":100,"label":" ","price":21.1},{"type":"A","date":"2018-05-03T02:20:05.000Z","volume":100,"label":" ","price":21.1},{"type":"A","date":"2018-05-03T02:20:15.000Z","volume":2100,"label":" ","price":21.1},{"type":"B","date":"2018-05-03T02:20:20.000Z","volume":16200,"label":" ","price":21.05},{"type":"B","date":"2018-05-03T02:20:20.000Z","volume":10000,"label":" ","price":21.05},{"type":"B","date":"2018-05-03T02:20:20.000Z","volume":500,"label":" ","price":21.05},{"type":"A","date":"2018-05-03T02:20:21.000Z","volume":10000,"label":" ","price":21.1},{"type":"B","date":"2018-05-03T02:20:22.000Z","volume":2000,"label":" ","price":21.05},{"type":"B","date":"2018-05-03T02:20:24.000Z","volume":26100,"label":" ","price":21.05},{"type":"B","date":"2018-05-03T02:20:24.000Z","volume":10000,"label":" ","price":21.05},{"type":"B","date":"2018-05-03T02:20:24.000Z","volume":100,"label":" ","price":21.05},{"type":"B","date":"2018-05-03T02:20:29.000Z","volume":500,"label":" ","price":21},{"type":"B","date":"2018-05-03T02:20:57.000Z","volume":1200,"label":" ","price":21},{"type":"A","date":"2018-05-03T02:21:15.000Z","volume":2000,"label":" ","price":21.05},{"type":"A","date":"2018-05-03T02:21:46.000Z","volume":400,"label":" ","price":21.05},{"type":"A","date":"2018-05-03T02:22:07.000Z","volume":9600,"label":" ","price":21.05},{"type":"A","date":"2018-05-03T02:22:07.000Z","volume":300,"label":"Y","price":21.1},{"type":"A","date":"2018-05-03T02:22:07.000Z","volume":800,"label":" ","price":21.1},{"type":"A","date":"2018-05-03T02:22:07.000Z","volume":600,"label":" ","price":21.05},{"type":"A","date":"2018-05-03T02:22:07.000Z","volume":400,"label":" ","price":21.05},{"type":"A","date":"2018-05-03T02:22:11.000Z","volume":100,"label":" ","price":21.05},{"type":"A","date":"2018-05-03T02:22:15.000Z","volume":900,"label":" ","price":21.05},{"type":"A","date":"2018-05-03T02:23:15.000Z","volume":2100,"label":" ","price":21.1},{"type":"B","date":"2018-05-03T02:23:51.000Z","volume":600,"label":" ","price":21.05},{"type":"A","date":"2018-05-03T02:24:15.000Z","volume":2100,"label":" ","price":21.1},{"type":"A","date":"2018-05-03T02:24:20.000Z","volume":100,"label":" ","price":21.1},{"type":"A","date":"2018-05-03T02:25:16.000Z","volume":2100,"label":" ","price":21.1},{"type":"A","date":"2018-05-03T02:25:25.000Z","volume":100,"label":" ","price":21.1},{"type":"A","date":"2018-05-03T02:26:16.000Z","volume":2000,"label":" ","price":21.1},{"type":"A","date":"2018-05-03T02:26:40.000Z","volume":100,"label":" ","price":21.1},{"type":"A","date":"2018-05-03T02:26:54.000Z","volume":600,"label":" ","price":21.1},{"type":"A","date":"2018-05-03T02:26:54.000Z","volume":500,"label":"Y","price":21.1},{"type":"A","date":"2018-05-03T02:26:54.000Z","volume":500,"label":" ","price":21.1},{"type":"B","date":"2018-05-03T02:27:11.000Z","volume":400,"label":" ","price":21.1},{"type":"B","date":"2018-05-03T02:27:11.000Z","volume":100,"label":" ","price":21.1},{"type":"A","date":"2018-05-03T02:28:17.000Z","volume":2100,"label":" ","price":21.1},{"type":"A","date":"2018-05-03T02:28:25.000Z","volume":100,"label":" ","price":21.1},{"type":"A","date":"2018-05-03T02:29:17.000Z","volume":2100,"label":" ","price":21.1},{"type":"A","date":"2018-05-03T02:29:40.000Z","volume":100,"label":" ","price":21.1},{"type":"A","date":"2018-05-03T02:30:17.000Z","volume":2100,"label":" ","price":21.1},{"type":"A","date":"2018-05-03T02:30:55.000Z","volume":100,"label":" ","price":21.1},{"type":"A","date":"2018-05-03T02:31:05.000Z","volume":2900,"label":" ","price":21.1},{"type":"A","date":"2018-05-03T02:31:18.000Z","volume":2000,"label":" ","price":21.1},{"type":"A","date":"2018-05-03T02:31:18.000Z","volume":100,"label":" ","price":21.1},{"type":"A","date":"2018-05-03T02:32:10.000Z","volume":100,"label":" ","price":21.1},{"type":"A","date":"2018-05-03T02:32:15.000Z","volume":1500,"label":" ","price":21.1},{"type":"A","date":"2018-05-03T02:32:15.000Z","volume":700,"label":" ","price":21.1},{"type":"A","date":"2018-05-03T02:32:15.000Z","volume":100,"label":" ","price":21.1},{"type":"A","date":"2018-05-03T02:32:15.000Z","volume":300,"label":" ","price":21.1},{"type":"A","date":"2018-05-03T02:32:18.000Z","volume":2100,"label":" ","price":21.1},{"type":"A","date":"2018-05-03T02:32:29.000Z","volume":100,"label":" ","price":21.1},{"type":"A","date":"2018-05-03T02:33:32.000Z","volume":100,"label":" ","price":21.15},{"type":"A","date":"2018-05-03T02:33:43.000Z","volume":600,"label":" ","price":21.1},{"type":"A","date":"2018-05-03T02:33:52.000Z","volume":900,"label":" ","price":21.1},{"type":"B","date":"2018-05-03T02:33:52.000Z","volume":2900,"label":" ","price":21.1},{"type":"A","date":"2018-05-03T02:34:11.000Z","volume":100,"label":" ","price":21.15},{"type":"A","date":"2018-05-03T02:34:30.000Z","volume":600,"label":" ","price":21.15},{"type":"B","date":"2018-05-03T02:35:04.000Z","volume":600,"label":" ","price":21.1},{"type":"B","date":"2018-05-03T02:35:04.000Z","volume":3200,"label":" ","price":21.1},{"type":"B","date":"2018-05-03T02:35:31.000Z","volume":200,"label":" ","price":21.1},{"type":"B","date":"2018-05-03T02:35:48.000Z","volume":100,"label":" ","price":21.1},{"type":"B","date":"2018-05-03T02:36:14.000Z","volume":900,"label":" ","price":21.1},{"type":"B","date":"2018-05-03T02:36:18.000Z","volume":1200,"label":" ","price":21.1},{"type":"B","date":"2018-05-03T02:36:21.000Z","volume":700,"label":" ","price":21.1},{"type":"B","date":"2018-05-03T02:37:19.000Z","volume":1700,"label":" ","price":21.1},{"type":"B","date":"2018-05-03T02:37:19.000Z","volume":100,"label":" ","price":21.1},{"type":"B","date":"2018-05-03T02:37:36.000Z","volume":400,"label":" ","price":21.1},{"type":"A","date":"2018-05-03T02:37:36.000Z","volume":600,"label":" ","price":21.1},{"type":"A","date":"2018-05-03T02:38:20.000Z","volume":2100,"label":" ","price":21.1},{"type":"A","date":"2018-05-03T02:39:20.000Z","volume":2100,"label":" ","price":21.1},{"type":"B","date":"2018-05-03T02:39:30.000Z","volume":100,"label":" ","price":21.05},{"type":"A","date":"2018-05-03T02:40:00.000Z","volume":100,"label":" ","price":21.1},{"type":"A","date":"2018-05-03T02:40:21.000Z","volume":2100,"label":" ","price":21.1},{"type":"B","date":"2018-05-03T02:40:36.000Z","volume":100,"label":"Y","price":21.05},{"type":"A","date":"2018-05-03T02:41:21.000Z","volume":2000,"label":" ","price":21.1},{"type":"A","date":"2018-05-03T02:42:21.000Z","volume":2100,"label":" ","price":21.1},{"type":"A","date":"2018-05-03T02:43:21.000Z","volume":2100,"label":" ","price":21.1},{"type":"B","date":"2018-05-03T02:44:02.000Z","volume":1500,"label":" ","price":21.05},{"type":"B","date":"2018-05-03T02:44:19.000Z","volume":600,"label":" ","price":21.05},{"type":"A","date":"2018-05-03T02:44:22.000Z","volume":2100,"label":" ","price":21.1},{"type":"B","date":"2018-05-03T02:44:25.000Z","volume":1500,"label":"Y","price":21.05},{"type":"B","date":"2018-05-03T02:44:25.000Z","volume":1700,"label":" ","price":21.05},{"type":"B","date":"2018-05-03T02:45:06.000Z","volume":600,"label":" ","price":21.05},{"type":"A","date":"2018-05-03T02:45:22.000Z","volume":2100,"label":" ","price":21.1},{"type":"A","date":"2018-05-03T02:45:59.000Z","volume":100,"label":" ","price":21.1},{"type":"A","date":"2018-05-03T02:46:22.000Z","volume":2000,"label":" ","price":21.1},{"type":"A","date":"2018-05-03T02:46:51.000Z","volume":8200,"label":" ","price":21.1},{"type":"B","date":"2018-05-03T02:48:50.000Z","volume":1500,"label":" ","price":21.1},{"type":"B","date":"2018-05-03T02:48:50.000Z","volume":100,"label":" ","price":21.1},{"type":"B","date":"2018-05-03T02:48:50.000Z","volume":6300,"label":" ","price":21.1},{"type":"B","date":"2018-05-03T02:48:50.000Z","volume":1500,"label":" ","price":21.1},{"type":"B","date":"2018-05-03T02:49:00.000Z","volume":200,"label":" ","price":21.1},{"type":"B","date":"2018-05-03T02:49:30.000Z","volume":300,"label":" ","price":21.1},{"type":"B","date":"2018-05-03T02:49:36.000Z","volume":600,"label":" ","price":21.1},{"type":"A","date":"2018-05-03T02:50:21.000Z","volume":100,"label":" ","price":21.15},{"type":"A","date":"2018-05-03T02:51:11.000Z","volume":100,"label":" ","price":21.15},{"type":"B","date":"2018-05-03T02:51:16.000Z","volume":1000,"label":" ","price":21.1},{"type":"A","date":"2018-05-03T02:51:20.000Z","volume":100,"label":" ","price":21.15},{"type":"A","date":"2018-05-03T02:52:02.000Z","volume":100,"label":" ","price":21.15},{"type":"A","date":"2018-05-03T02:52:41.000Z","volume":600,"label":"Y","price":21.15},{"type":"A","date":"2018-05-03T02:52:41.000Z","volume":4400,"label":" ","price":21.15},{"type":"A","date":"2018-05-03T02:52:52.000Z","volume":100,"label":" ","price":21.15},{"type":"A","date":"2018-05-03T02:53:43.000Z","volume":100,"label":" ","price":21.15},{"type":"A","date":"2018-05-03T02:54:32.000Z","volume":1900,"label":" ","price":21.15},{"type":"A","date":"2018-05-03T02:54:33.000Z","volume":100,"label":" ","price":21.15},{"type":"A","date":"2018-05-03T02:55:20.000Z","volume":100,"label":" ","price":21.15},{"type":"A","date":"2018-05-03T02:55:24.000Z","volume":100,"label":" ","price":21.15},{"type":"A","date":"2018-05-03T02:55:44.000Z","volume":5000,"label":" ","price":21.15},{"type":"A","date":"2018-05-03T02:56:14.000Z","volume":100,"label":" ","price":21.15},{"type":"B","date":"2018-05-03T02:56:16.000Z","volume":1000,"label":" ","price":21.1},{"type":"A","date":"2018-05-03T02:57:05.000Z","volume":100,"label":" ","price":21.15},{"type":"B","date":"2018-05-03T02:57:09.000Z","volume":300,"label":" ","price":21.1},{"type":"A","date":"2018-05-03T02:57:55.000Z","volume":100,"label":" ","price":21.15},{"type":"A","date":"2018-05-03T02:58:45.000Z","volume":100,"label":" ","price":21.15},{"type":"A","date":"2018-05-03T02:59:36.000Z","volume":100,"label":" ","price":21.15},{"type":"A","date":"2018-05-03T03:00:26.000Z","volume":100,"label":" ","price":21.15},{"type":"A","date":"2018-05-03T03:00:34.000Z","volume":500,"label":" ","price":21.15},{"type":"B","date":"2018-05-03T03:00:44.000Z","volume":200,"label":" ","price":21.1},{"type":"A","date":"2018-05-03T03:01:17.000Z","volume":100,"label":" ","price":21.15},{"type":"B","date":"2018-05-03T03:01:32.000Z","volume":4800,"label":" ","price":21.1},{"type":"B","date":"2018-05-03T03:01:36.000Z","volume":1000,"label":" ","price":21.1},{"type":"B","date":"2018-05-03T03:01:39.000Z","volume":1000,"label":" ","price":21.1},{"type":"B","date":"2018-05-03T03:02:02.000Z","volume":200,"label":" ","price":21.1},{"type":"B","date":"2018-05-03T03:02:02.000Z","volume":100,"label":" ","price":21.1},{"type":"B","date":"2018-05-03T03:02:02.000Z","volume":200,"label":" ","price":21.1},{"type":"A","date":"2018-05-03T03:02:07.000Z","volume":100,"label":" ","price":21.15},{"type":"B","date":"2018-05-03T03:02:26.000Z","volume":100,"label":" ","price":21.1},{"type":"U","date":"2018-05-03T03:02:37.000Z","volume":1400,"label":"X","price":21.1},{"type":"A","date":"2018-05-03T03:02:58.000Z","volume":100,"label":" ","price":21.15},{"type":"B","date":"2018-05-03T03:03:12.000Z","volume":500,"label":" ","price":21.1},{"type":"A","date":"2018-05-03T03:03:38.000Z","volume":100,"label":" ","price":21.15},{"type":"A","date":"2018-05-03T03:03:48.000Z","volume":100,"label":" ","price":21.15},{"type":"B","date":"2018-05-03T03:04:22.000Z","volume":500,"label":" ","price":21.1},{"type":"B","date":"2018-05-03T03:04:24.000Z","volume":500,"label":" ","price":21.1},{"type":"A","date":"2018-05-03T03:04:39.000Z","volume":100,"label":" ","price":21.15},{"type":"B","date":"2018-05-03T03:04:59.000Z","volume":200,"label":" ","price":21.1},{"type":"B","date":"2018-05-03T03:05:05.000Z","volume":700,"label":" ","price":21.1},{"type":"B","date":"2018-05-03T03:05:18.000Z","volume":600,"label":" ","price":21.1},{"type":"B","date":"2018-05-03T03:05:19.000Z","volume":100,"label":" ","price":21.1},{"type":"A","date":"2018-05-03T03:05:20.000Z","volume":100,"label":" ","price":21.15},{"type":"A","date":"2018-05-03T03:05:29.000Z","volume":100,"label":" ","price":21.15},{"type":"B","date":"2018-05-03T03:05:29.000Z","volume":400,"label":" ","price":21.1},{"type":"B","date":"2018-05-03T03:05:30.000Z","volume":600,"label":" ","price":21.1},{"type":"B","date":"2018-05-03T03:05:32.000Z","volume":500,"label":" ","price":21.1},{"type":"A","date":"2018-05-03T03:06:07.000Z","volume":100,"label":" ","price":21.15},{"type":"A","date":"2018-05-03T03:06:20.000Z","volume":100,"label":" ","price":21.15},{"type":"B","date":"2018-05-03T03:06:22.000Z","volume":500,"label":" ","price":21.1},{"type":"B","date":"2018-05-03T03:06:33.000Z","volume":200,"label":" ","price":21.1},{"type":"B","date":"2018-05-03T03:06:42.000Z","volume":500,"label":" ","price":21.1},{"type":"B","date":"2018-05-03T03:06:43.000Z","volume":400,"label":" ","price":21.1},{"type":"B","date":"2018-05-03T03:07:00.000Z","volume":100,"label":" ","price":21.1},{"type":"A","date":"2018-05-03T03:07:10.000Z","volume":100,"label":" ","price":21.15},{"type":"B","date":"2018-05-03T03:07:13.000Z","volume":500,"label":" ","price":21.1},{"type":"B","date":"2018-05-03T03:07:22.000Z","volume":400,"label":" ","price":21.1},{"type":"B","date":"2018-05-03T03:07:24.000Z","volume":200,"label":" ","price":21.1},{"type":"A","date":"2018-05-03T03:07:40.000Z","volume":100,"label":" ","price":21.15},{"type":"B","date":"2018-05-03T03:07:54.000Z","volume":600,"label":" ","price":21.1},{"type":"A","date":"2018-05-03T03:08:00.000Z","volume":100,"label":" ","price":21.15},{"type":"B","date":"2018-05-03T03:08:04.000Z","volume":400,"label":" ","price":21.1},{"type":"B","date":"2018-05-03T03:08:05.000Z","volume":500,"label":" ","price":21.1},{"type":"B","date":"2018-05-03T03:08:14.000Z","volume":2000,"label":" ","price":21.1},{"type":"B","date":"2018-05-03T03:08:17.000Z","volume":400,"label":" ","price":21.1},{"type":"B","date":"2018-05-03T03:08:19.000Z","volume":700,"label":" ","price":21.1},{"type":"U","date":"2018-05-03T03:08:24.000Z","volume":300,"label":"X","price":21.1},{"type":"U","date":"2018-05-03T03:08:24.000Z","volume":100,"label":"X","price":21.1},{"type":"B","date":"2018-05-03T03:08:34.000Z","volume":100,"label":" ","price":21.1},{"type":"A","date":"2018-05-03T03:08:35.000Z","volume":100,"label":" ","price":21.15},{"type":"U","date":"2018-05-03T03:08:37.000Z","volume":400,"label":"X","price":21.1},{"type":"B","date":"2018-05-03T03:08:38.000Z","volume":500,"label":" ","price":21.1},{"type":"A","date":"2018-05-03T03:08:51.000Z","volume":100,"label":" ","price":21.15},{"type":"B","date":"2018-05-03T03:08:51.000Z","volume":500,"label":" ","price":21.1},{"type":"B","date":"2018-05-03T03:08:54.000Z","volume":400,"label":" ","price":21.1},{"type":"B","date":"2018-05-03T03:09:14.000Z","volume":500,"label":" ","price":21.1},{"type":"B","date":"2018-05-03T03:09:18.000Z","volume":900,"label":" ","price":21.1},{"type":"U","date":"2018-05-03T03:09:37.000Z","volume":500,"label":"X","price":21.1},{"type":"A","date":"2018-05-03T03:09:41.000Z","volume":100,"label":" ","price":21.15},{"type":"B","date":"2018-05-03T03:09:43.000Z","volume":500,"label":" ","price":21.1},{"type":"B","date":"2018-05-03T03:09:45.000Z","volume":600,"label":" ","price":21.1},{"type":"B","date":"2018-05-03T03:09:47.000Z","volume":400,"label":" ","price":21.1},{"type":"B","date":"2018-05-03T03:10:15.000Z","volume":100,"label":" ","price":21.1},{"type":"A","date":"2018-05-03T03:10:20.000Z","volume":100,"label":" ","price":21.15},{"type":"B","date":"2018-05-03T03:10:24.000Z","volume":500,"label":" ","price":21.1},{"type":"A","date":"2018-05-03T03:10:32.000Z","volume":100,"label":" ","price":21.15},{"type":"B","date":"2018-05-03T03:10:52.000Z","volume":500,"label":" ","price":21.1},{"type":"A","date":"2018-05-03T03:10:52.000Z","volume":100,"label":" ","price":21.15},{"type":"B","date":"2018-05-03T03:10:59.000Z","volume":200,"label":" ","price":21.1},{"type":"B","date":"2018-05-03T03:11:00.000Z","volume":1300,"label":" ","price":21.1},{"type":"B","date":"2018-05-03T03:11:00.000Z","volume":800,"label":" ","price":21.1},{"type":"B","date":"2018-05-03T03:11:00.000Z","volume":700,"label":" ","price":21.1},{"type":"B","date":"2018-05-03T03:11:03.000Z","volume":800,"label":" ","price":21.1},{"type":"B","date":"2018-05-03T03:11:20.000Z","volume":300,"label":" ","price":21.1},{"type":"B","date":"2018-05-03T03:11:20.000Z","volume":900,"label":" ","price":21.1},{"type":"B","date":"2018-05-03T03:11:20.000Z","volume":100,"label":" ","price":21.1},{"type":"B","date":"2018-05-03T03:11:21.000Z","volume":1000,"label":" ","price":21.1},{"type":"B","date":"2018-05-03T03:11:21.000Z","volume":500,"label":" ","price":21.1},{"type":"B","date":"2018-05-03T03:11:22.000Z","volume":1400,"label":" ","price":21.1},{"type":"A","date":"2018-05-03T03:11:22.000Z","volume":100,"label":" ","price":21.15},{"type":"B","date":"2018-05-03T03:11:23.000Z","volume":900,"label":" ","price":21.1},{"type":"B","date":"2018-05-03T03:11:23.000Z","volume":100,"label":" ","price":21.1},{"type":"B","date":"2018-05-03T03:11:23.000Z","volume":1300,"label":" ","price":21.1},{"type":"B","date":"2018-05-03T03:11:23.000Z","volume":1300,"label":" ","price":21.1},{"type":"B","date":"2018-05-03T03:11:25.000Z","volume":600,"label":" ","price":21.1},{"type":"B","date":"2018-05-03T03:11:25.000Z","volume":1200,"label":" ","price":21.1},{"type":"B","date":"2018-05-03T03:11:25.000Z","volume":1000,"label":" ","price":21.1},{"type":"B","date":"2018-05-03T03:11:26.000Z","volume":100,"label":" ","price":21.1},{"type":"B","date":"2018-05-03T03:11:26.000Z","volume":1300,"label":" ","price":21.1},{"type":"B","date":"2018-05-03T03:11:26.000Z","volume":4400,"label":" ","price":21.1},{"type":"B","date":"2018-05-03T03:11:26.000Z","volume":7900,"label":" ","price":21.1},{"type":"B","date":"2018-05-03T03:11:28.000Z","volume":3400,"label":" ","price":21.05},{"type":"B","date":"2018-05-03T03:11:28.000Z","volume":400,"label":" ","price":21.05},{"type":"A","date":"2018-05-03T03:11:31.000Z","volume":2000,"label":" ","price":21.1},{"type":"B","date":"2018-05-03T03:11:33.000Z","volume":400,"label":" ","price":21.05},{"type":"B","date":"2018-05-03T03:11:35.000Z","volume":600,"label":" ","price":21.05},{"type":"B","date":"2018-05-03T03:11:45.000Z","volume":1100,"label":" ","price":21.05},{"type":"B","date":"2018-05-03T03:11:47.000Z","volume":1400,"label":" ","price":21.05},{"type":"B","date":"2018-05-03T03:11:47.000Z","volume":100,"label":" ","price":21.05},{"type":"B","date":"2018-05-03T03:11:47.000Z","volume":8100,"label":" ","price":21.05},{"type":"B","date":"2018-05-03T03:11:48.000Z","volume":1100,"label":" ","price":21},{"type":"B","date":"2018-05-03T03:11:50.000Z","volume":300,"label":" ","price":21},{"type":"B","date":"2018-05-03T03:11:51.000Z","volume":1300,"label":" ","price":21},{"type":"B","date":"2018-05-03T03:11:53.000Z","volume":500,"label":" ","price":21},{"type":"A","date":"2018-05-03T03:11:53.000Z","volume":400,"label":" ","price":21.05},{"type":"B","date":"2018-05-03T03:12:04.000Z","volume":600,"label":" ","price":21},{"type":"B","date":"2018-05-03T03:12:04.000Z","volume":1600,"label":" ","price":21},{"type":"B","date":"2018-05-03T03:12:06.000Z","volume":2500,"label":" ","price":21},{"type":"B","date":"2018-05-03T03:12:12.000Z","volume":300,"label":" ","price":21},{"type":"A","date":"2018-05-03T03:12:31.000Z","volume":2100,"label":" ","price":21.05},{"type":"B","date":"2018-05-03T03:12:56.000Z","volume":500,"label":" ","price":21},{"type":"A","date":"2018-05-03T03:13:07.000Z","volume":100,"label":" ","price":21.05},{"type":"B","date":"2018-05-03T03:13:17.000Z","volume":100,"label":" ","price":21},{"type":"A","date":"2018-05-03T03:13:31.000Z","volume":2100,"label":" ","price":21.05},{"type":"B","date":"2018-05-03T03:13:48.000Z","volume":400,"label":" ","price":21},{"type":"A","date":"2018-05-03T03:14:05.000Z","volume":200,"label":" ","price":21.05},{"type":"B","date":"2018-05-03T03:14:06.000Z","volume":600,"label":" ","price":21},{"type":"A","date":"2018-05-03T03:14:18.000Z","volume":8200,"label":" ","price":21.05},{"type":"A","date":"2018-05-03T03:14:18.000Z","volume":10400,"label":" ","price":21.05},{"type":"B","date":"2018-05-03T03:14:19.000Z","volume":400,"label":" ","price":21},{"type":"A","date":"2018-05-03T03:14:31.000Z","volume":2100,"label":" ","price":21.05},{"type":"B","date":"2018-05-03T03:14:34.000Z","volume":400,"label":" ","price":21},{"type":"U","date":"2018-05-03T03:14:37.000Z","volume":900,"label":"X","price":21.025},{"type":"A","date":"2018-05-03T03:14:58.000Z","volume":10000,"label":" ","price":21.05},{"type":"A","date":"2018-05-03T03:15:07.000Z","volume":400,"label":" ","price":21.05},{"type":"B","date":"2018-05-03T03:15:17.000Z","volume":400,"label":" ","price":21},{"type":"A","date":"2018-05-03T03:15:18.000Z","volume":100,"label":" ","price":21.05},{"type":"A","date":"2018-05-03T03:15:32.000Z","volume":2100,"label":" ","price":21.05},{"type":"B","date":"2018-05-03T03:15:44.000Z","volume":800,"label":" ","price":21},{"type":"B","date":"2018-05-03T03:15:57.000Z","volume":100,"label":" ","price":21},{"type":"B","date":"2018-05-03T03:15:57.000Z","volume":100,"label":" ","price":21},{"type":"B","date":"2018-05-03T03:15:57.000Z","volume":400,"label":" ","price":21},{"type":"A","date":"2018-05-03T03:16:32.000Z","volume":2000,"label":" ","price":21.05},{"type":"A","date":"2018-05-03T03:16:34.000Z","volume":1200,"label":" ","price":21.05},{"type":"B","date":"2018-05-03T03:16:40.000Z","volume":400,"label":" ","price":21},{"type":"B","date":"2018-05-03T03:17:05.000Z","volume":400,"label":" ","price":21},{"type":"B","date":"2018-05-03T03:17:17.000Z","volume":500,"label":" ","price":21},{"type":"B","date":"2018-05-03T03:17:32.000Z","volume":400,"label":" ","price":21},{"type":"A","date":"2018-05-03T03:17:32.000Z","volume":2100,"label":" ","price":21.05},{"type":"A","date":"2018-05-03T03:17:55.000Z","volume":100,"label":" ","price":21.05},{"type":"B","date":"2018-05-03T03:17:58.000Z","volume":400,"label":" ","price":21},{"type":"A","date":"2018-05-03T03:17:58.000Z","volume":400,"label":" ","price":21.05},{"type":"B","date":"2018-05-03T03:18:20.000Z","volume":400,"label":" ","price":21},{"type":"B","date":"2018-05-03T03:18:27.000Z","volume":500,"label":" ","price":21},{"type":"A","date":"2018-05-03T03:18:33.000Z","volume":2100,"label":" ","price":21.05},{"type":"A","date":"2018-05-03T03:18:43.000Z","volume":13300,"label":" ","price":21.05},{"type":"B","date":"2018-05-03T03:18:46.000Z","volume":1000,"label":" ","price":21.05},{"type":"B","date":"2018-05-03T03:19:17.000Z","volume":400,"label":" ","price":21.05},{"type":"A","date":"2018-05-03T03:19:33.000Z","volume":2100,"label":" ","price":21.1},{"type":"B","date":"2018-05-03T03:19:50.000Z","volume":5000,"label":" ","price":21.05},{"type":"A","date":"2018-05-03T03:19:53.000Z","volume":100,"label":" ","price":21.1},{"type":"B","date":"2018-05-03T03:20:08.000Z","volume":400,"label":" ","price":21.05},{"type":"B","date":"2018-05-03T03:20:18.000Z","volume":100,"label":" ","price":21.05},{"type":"B","date":"2018-05-03T03:20:18.000Z","volume":300,"label":" ","price":21.05},{"type":"B","date":"2018-05-03T03:20:18.000Z","volume":100,"label":" ","price":21},{"type":"A","date":"2018-05-03T03:20:33.000Z","volume":2100,"label":" ","price":21.05},{"type":"B","date":"2018-05-03T03:21:28.000Z","volume":500,"label":" ","price":21},{"type":"A","date":"2018-05-03T03:21:34.000Z","volume":2000,"label":" ","price":21.05},{"type":"A","date":"2018-05-03T03:21:35.000Z","volume":400,"label":" ","price":21.05},{"type":"A","date":"2018-05-03T03:21:40.000Z","volume":300,"label":" ","price":21.05},{"type":"U","date":"2018-05-03T03:22:08.000Z","volume":600,"label":"X","price":21.025},{"type":"A","date":"2018-05-03T03:22:08.000Z","volume":100,"label":" ","price":21.05},{"type":"A","date":"2018-05-03T03:22:34.000Z","volume":2100,"label":" ","price":21.05},{"type":"A","date":"2018-05-03T03:22:40.000Z","volume":100,"label":"Y","price":21.05},{"type":"B","date":"2018-05-03T03:23:00.000Z","volume":100,"label":" ","price":21},{"type":"B","date":"2018-05-03T03:23:00.000Z","volume":500,"label":" ","price":21},{"type":"A","date":"2018-05-03T03:23:34.000Z","volume":2100,"label":" ","price":21.05},{"type":"A","date":"2018-05-03T03:24:08.000Z","volume":100,"label":" ","price":21.05},{"type":"B","date":"2018-05-03T03:24:20.000Z","volume":500,"label":" ","price":21},{"type":"A","date":"2018-05-03T03:24:34.000Z","volume":2100,"label":" ","price":21.05},{"type":"A","date":"2018-05-03T03:24:41.000Z","volume":400,"label":" ","price":21.05},{"type":"A","date":"2018-05-03T03:25:34.000Z","volume":2100,"label":" ","price":21.05},{"type":"A","date":"2018-05-03T03:25:34.000Z","volume":300,"label":"Y","price":21.05},{"type":"A","date":"2018-05-03T03:25:40.000Z","volume":100,"label":" ","price":21.05},{"type":"B","date":"2018-05-03T03:25:50.000Z","volume":500,"label":" ","price":21},{"type":"B","date":"2018-05-03T03:26:29.000Z","volume":2100,"label":"Y","price":21},{"type":"B","date":"2018-05-03T03:26:29.000Z","volume":2900,"label":" ","price":21},{"type":"A","date":"2018-05-03T03:26:34.000Z","volume":2000,"label":" ","price":21.05},{"type":"A","date":"2018-05-03T03:26:41.000Z","volume":5500,"label":" ","price":21.05},{"type":"B","date":"2018-05-03T03:26:41.000Z","volume":100,"label":" ","price":21},{"type":"A","date":"2018-05-03T03:26:44.000Z","volume":7800,"label":" ","price":21.05},{"type":"B","date":"2018-05-03T03:26:44.000Z","volume":1400,"label":" ","price":21.05},{"type":"B","date":"2018-05-03T03:26:46.000Z","volume":800,"label":"Y","price":21.05},{"type":"B","date":"2018-05-03T03:26:46.000Z","volume":600,"label":" ","price":21},{"type":"A","date":"2018-05-03T03:27:16.000Z","volume":100,"label":" ","price":21.05},{"type":"B","date":"2018-05-03T03:27:20.000Z","volume":500,"label":" ","price":21},{"type":"A","date":"2018-05-03T03:27:35.000Z","volume":2000,"label":" ","price":21.05},{"type":"B","date":"2018-05-03T03:28:21.000Z","volume":600,"label":" ","price":21.05},{"type":"B","date":"2018-05-03T03:28:28.000Z","volume":900,"label":" ","price":21.05},{"type":"B","date":"2018-05-03T03:28:29.000Z","volume":1600,"label":" ","price":21.05},{"type":"A","date":"2018-05-03T03:28:35.000Z","volume":2100,"label":" ","price":21.05},{"type":"A","date":"2018-05-03T03:28:51.000Z","volume":500,"label":" ","price":21.05},{"type":"A","date":"2018-05-03T03:28:56.000Z","volume":4000,"label":" ","price":21.05},{"type":"A","date":"2018-05-03T03:29:05.000Z","volume":1000,"label":" ","price":21.05},{"type":"B","date":"2018-05-03T03:29:10.000Z","volume":500,"label":" ","price":21},{"type":"A","date":"2018-05-03T03:29:35.000Z","volume":2100,"label":" ","price":21.05},{"type":"A","date":"2018-05-03T03:29:37.000Z","volume":400,"label":" ","price":21.05},{"type":"A","date":"2018-05-03T03:29:40.000Z","volume":3300,"label":" ","price":21.05},{"type":"A","date":"2018-05-03T03:30:36.000Z","volume":2100,"label":" ","price":21.1},{"type":"B","date":"2018-05-03T03:30:50.000Z","volume":500,"label":" ","price":21.05},{"type":"A","date":"2018-05-03T03:31:01.000Z","volume":1800,"label":" ","price":21.1},{"type":"B","date":"2018-05-03T03:31:30.000Z","volume":200,"label":" ","price":21.05},{"type":"A","date":"2018-05-03T03:31:36.000Z","volume":2000,"label":" ","price":21.1},{"type":"B","date":"2018-05-03T03:32:11.000Z","volume":500,"label":" ","price":21.05},{"type":"B","date":"2018-05-03T03:32:30.000Z","volume":200,"label":" ","price":21.05},{"type":"A","date":"2018-05-03T03:32:36.000Z","volume":2100,"label":" ","price":21.1},{"type":"U","date":"2018-05-03T03:32:38.000Z","volume":500,"label":"X","price":21.05},{"type":"U","date":"2018-05-03T03:32:38.000Z","volume":300,"label":"X","price":21.05},{"type":"U","date":"2018-05-03T03:32:38.000Z","volume":400,"label":"X","price":21.05},{"type":"B","date":"2018-05-03T03:33:30.000Z","volume":200,"label":" ","price":21.05},{"type":"A","date":"2018-05-03T03:33:37.000Z","volume":2100,"label":" ","price":21.1},{"type":"B","date":"2018-05-03T03:33:49.000Z","volume":1300,"label":" ","price":21.05},{"type":"B","date":"2018-05-03T03:33:51.000Z","volume":500,"label":" ","price":21.05},{"type":"B","date":"2018-05-03T03:33:51.000Z","volume":9700,"label":" ","price":21.05},{"type":"B","date":"2018-05-03T03:34:04.000Z","volume":600,"label":" ","price":21.05},{"type":"B","date":"2018-05-03T03:34:30.000Z","volume":100,"label":" ","price":21.05},{"type":"B","date":"2018-05-03T03:34:30.000Z","volume":6600,"label":" ","price":21.05},{"type":"B","date":"2018-05-03T03:34:30.000Z","volume":200,"label":" ","price":21},{"type":"A","date":"2018-05-03T03:34:37.000Z","volume":2100,"label":" ","price":21.1},{"type":"B","date":"2018-05-03T03:34:46.000Z","volume":1200,"label":" ","price":21.05},{"type":"B","date":"2018-05-03T03:35:22.000Z","volume":500,"label":" ","price":21.05},{"type":"B","date":"2018-05-03T03:35:24.000Z","volume":100,"label":" ","price":21.05},{"type":"A","date":"2018-05-03T03:35:37.000Z","volume":2100,"label":" ","price":21.1},{"type":"A","date":"2018-05-03T03:35:45.000Z","volume":100,"label":" ","price":21.1},{"type":"A","date":"2018-05-03T03:36:36.000Z","volume":100,"label":" ","price":21.1},{"type":"A","date":"2018-05-03T03:36:37.000Z","volume":2000,"label":" ","price":21.1},{"type":"B","date":"2018-05-03T03:36:40.000Z","volume":900,"label":" ","price":21.05},{"type":"B","date":"2018-05-03T03:36:43.000Z","volume":100,"label":" ","price":21.05},{"type":"B","date":"2018-05-03T03:37:02.000Z","volume":500,"label":" ","price":21.05},{"type":"U","date":"2018-05-03T03:37:08.000Z","volume":400,"label":"X","price":21.05},{"type":"A","date":"2018-05-03T03:37:26.000Z","volume":100,"label":" ","price":21.1},{"type":"B","date":"2018-05-03T03:37:36.000Z","volume":800,"label":" ","price":21.05},{"type":"A","date":"2018-05-03T03:37:37.000Z","volume":2100,"label":" ","price":21.1},{"type":"B","date":"2018-05-03T03:37:51.000Z","volume":2000,"label":" ","price":21.05},{"type":"U","date":"2018-05-03T03:38:08.000Z","volume":400,"label":"X","price":21.05},{"type":"A","date":"2018-05-03T03:38:37.000Z","volume":2100,"label":" ","price":21.1},{"type":"B","date":"2018-05-03T03:39:02.000Z","volume":500,"label":" ","price":21.05},{"type":"B","date":"2018-05-03T03:39:34.000Z","volume":600,"label":" ","price":21.05},{"type":"A","date":"2018-05-03T03:39:37.000Z","volume":2100,"label":" ","price":21.1},{"type":"U","date":"2018-05-03T03:39:40.000Z","volume":400,"label":"X","price":21.05},{"type":"B","date":"2018-05-03T03:40:12.000Z","volume":600,"label":" ","price":21.05},{"type":"B","date":"2018-05-03T03:40:31.000Z","volume":1500,"label":" ","price":21.05},{"type":"A","date":"2018-05-03T03:40:35.000Z","volume":24000,"label":" ","price":21.1},{"type":"B","date":"2018-05-03T03:40:46.000Z","volume":600,"label":" ","price":21.1},{"type":"B","date":"2018-05-03T03:41:14.000Z","volume":500,"label":" ","price":21.1},{"type":"A","date":"2018-05-03T03:42:29.000Z","volume":100,"label":" ","price":21.15},{"type":"U","date":"2018-05-03T03:43:09.000Z","volume":1000,"label":"X","price":21.1},{"type":"U","date":"2018-05-03T03:43:09.000Z","volume":200,"label":"X","price":21.1},{"type":"B","date":"2018-05-03T03:43:14.000Z","volume":500,"label":" ","price":21.1},{"type":"A","date":"2018-05-03T03:43:19.000Z","volume":100,"label":" ","price":21.15},{"type":"B","date":"2018-05-03T03:43:33.000Z","volume":1000,"label":" ","price":21.1},{"type":"U","date":"2018-05-03T03:43:39.000Z","volume":200,"label":"X","price":21.1},{"type":"B","date":"2018-05-03T03:43:49.000Z","volume":3000,"label":" ","price":21.1},{"type":"A","date":"2018-05-03T03:44:10.000Z","volume":100,"label":" ","price":21.15},{"type":"B","date":"2018-05-03T03:44:30.000Z","volume":1200,"label":" ","price":21.1},{"type":"U","date":"2018-05-03T03:44:39.000Z","volume":100,"label":"X","price":21.1},{"type":"B","date":"2018-05-03T03:44:46.000Z","volume":3200,"label":" ","price":21.1},{"type":"B","date":"2018-05-03T03:44:51.000Z","volume":100,"label":" ","price":21.1},{"type":"A","date":"2018-05-03T03:45:00.000Z","volume":100,"label":" ","price":21.15},{"type":"B","date":"2018-05-03T03:45:15.000Z","volume":500,"label":" ","price":21.1},{"type":"B","date":"2018-05-03T03:45:27.000Z","volume":1200,"label":" ","price":21.1},{"type":"B","date":"2018-05-03T03:45:29.000Z","volume":100,"label":" ","price":21.1},{"type":"A","date":"2018-05-03T03:45:51.000Z","volume":100,"label":" ","price":21.15},{"type":"B","date":"2018-05-03T03:45:53.000Z","volume":500,"label":" ","price":21.1},{"type":"B","date":"2018-05-03T03:45:56.000Z","volume":100,"label":" ","price":21.1},{"type":"B","date":"2018-05-03T03:45:59.000Z","volume":100,"label":" ","price":21.1},{"type":"B","date":"2018-05-03T03:46:24.000Z","volume":700,"label":" ","price":21.1},{"type":"B","date":"2018-05-03T03:46:29.000Z","volume":100,"label":" ","price":21.1},{"type":"U","date":"2018-05-03T03:46:39.000Z","volume":400,"label":"X","price":21.1},{"type":"U","date":"2018-05-03T03:46:39.000Z","volume":300,"label":"X","price":21.1},{"type":"A","date":"2018-05-03T03:46:41.000Z","volume":100,"label":" ","price":21.15},{"type":"B","date":"2018-05-03T03:46:44.000Z","volume":600,"label":" ","price":21.1},{"type":"B","date":"2018-05-03T03:46:45.000Z","volume":400,"label":" ","price":21.1},{"type":"B","date":"2018-05-03T03:46:47.000Z","volume":700,"label":" ","price":21.1},{"type":"B","date":"2018-05-03T03:46:47.000Z","volume":300,"label":" ","price":21.1},{"type":"B","date":"2018-05-03T03:46:49.000Z","volume":700,"label":" ","price":21.1},{"type":"B","date":"2018-05-03T03:46:49.000Z","volume":10300,"label":" ","price":21.1},{"type":"B","date":"2018-05-03T03:46:50.000Z","volume":300,"label":" ","price":21.05},{"type":"A","date":"2018-05-03T03:46:53.000Z","volume":800,"label":" ","price":21.1},{"type":"A","date":"2018-05-03T03:46:53.000Z","volume":500,"label":" ","price":21.1},{"type":"B","date":"2018-05-03T03:47:21.000Z","volume":1200,"label":" ","price":21.05},{"type":"B","date":"2018-05-03T03:47:26.000Z","volume":500,"label":" ","price":21.05},{"type":"B","date":"2018-05-03T03:47:34.000Z","volume":400,"label":" ","price":21.05},{"type":"A","date":"2018-05-03T03:47:41.000Z","volume":2100,"label":" ","price":21.1},{"type":"B","date":"2018-05-03T03:47:56.000Z","volume":100,"label":" ","price":21.05},{"type":"B","date":"2018-05-03T03:47:56.000Z","volume":500,"label":" ","price":21.05},{"type":"B","date":"2018-05-03T03:47:56.000Z","volume":100,"label":" ","price":21.05},{"type":"B","date":"2018-05-03T03:48:26.000Z","volume":100,"label":" ","price":21.05},{"type":"A","date":"2018-05-03T03:48:41.000Z","volume":2100,"label":" ","price":21.1},{"type":"B","date":"2018-05-03T03:48:46.000Z","volume":200,"label":" ","price":21.05},{"type":"B","date":"2018-05-03T03:48:57.000Z","volume":100,"label":" ","price":21.05},{"type":"U","date":"2018-05-03T03:49:09.000Z","volume":300,"label":"X","price":21.05},{"type":"U","date":"2018-05-03T03:49:09.000Z","volume":700,"label":"X","price":21.05},{"type":"B","date":"2018-05-03T03:49:12.000Z","volume":1800,"label":" ","price":21.05},{"type":"B","date":"2018-05-03T03:49:17.000Z","volume":100,"label":" ","price":21.05},{"type":"A","date":"2018-05-03T03:49:20.000Z","volume":2000,"label":" ","price":21.1},{"type":"A","date":"2018-05-03T03:49:41.000Z","volume":2100,"label":" ","price":21.1},{"type":"B","date":"2018-05-03T03:49:47.000Z","volume":100,"label":" ","price":21.05},{"type":"B","date":"2018-05-03T03:50:17.000Z","volume":100,"label":" ","price":21.05},{"type":"B","date":"2018-05-03T03:50:37.000Z","volume":100,"label":" ","price":21.05},{"type":"A","date":"2018-05-03T03:50:41.000Z","volume":2100,"label":" ","price":21.1},{"type":"B","date":"2018-05-03T03:50:47.000Z","volume":900,"label":" ","price":21.05},{"type":"B","date":"2018-05-03T03:50:47.000Z","volume":200,"label":" ","price":21.05},{"type":"B","date":"2018-05-03T03:51:08.000Z","volume":100,"label":" ","price":21.05},{"type":"U","date":"2018-05-03T03:51:09.000Z","volume":300,"label":"X","price":21.05},{"type":"B","date":"2018-05-03T03:51:21.000Z","volume":200,"label":" ","price":21.05},{"type":"B","date":"2018-05-03T03:51:21.000Z","volume":200,"label":" ","price":21.05},{"type":"B","date":"2018-05-03T03:51:28.000Z","volume":100,"label":" ","price":21.05},{"type":"B","date":"2018-05-03T03:51:30.000Z","volume":1000,"label":" ","price":21.05},{"type":"B","date":"2018-05-03T03:51:40.000Z","volume":100,"label":" ","price":21.05},{"type":"A","date":"2018-05-03T03:51:41.000Z","volume":2000,"label":" ","price":21.1},{"type":"B","date":"2018-05-03T03:51:43.000Z","volume":200,"label":" ","price":21.05},{"type":"A","date":"2018-05-03T03:51:44.000Z","volume":600,"label":" ","price":21.05},{"type":"B","date":"2018-05-03T03:51:58.000Z","volume":1200,"label":" ","price":21},{"type":"B","date":"2018-05-03T03:51:58.000Z","volume":100,"label":" ","price":21},{"type":"B","date":"2018-05-03T03:52:18.000Z","volume":100,"label":" ","price":21},{"type":"B","date":"2018-05-03T03:52:38.000Z","volume":100,"label":" ","price":21},{"type":"B","date":"2018-05-03T03:52:40.000Z","volume":1300,"label":" ","price":21},{"type":"A","date":"2018-05-03T03:52:42.000Z","volume":2100,"label":" ","price":21.05},{"type":"B","date":"2018-05-03T03:53:08.000Z","volume":100,"label":" ","price":21},{"type":"B","date":"2018-05-03T03:53:28.000Z","volume":100,"label":" ","price":21},{"type":"A","date":"2018-05-03T03:53:42.000Z","volume":2100,"label":" ","price":21.05},{"type":"B","date":"2018-05-03T03:53:48.000Z","volume":100,"label":" ","price":21},{"type":"B","date":"2018-05-03T03:54:08.000Z","volume":100,"label":" ","price":21},{"type":"B","date":"2018-05-03T03:54:38.000Z","volume":100,"label":" ","price":21},{"type":"A","date":"2018-05-03T03:54:42.000Z","volume":2100,"label":" ","price":21.05},{"type":"B","date":"2018-05-03T03:54:49.000Z","volume":100,"label":" ","price":21},{"type":"B","date":"2018-05-03T03:54:56.000Z","volume":1000,"label":" ","price":21},{"type":"B","date":"2018-05-03T03:55:09.000Z","volume":100,"label":" ","price":21},{"type":"U","date":"2018-05-03T03:55:10.000Z","volume":200,"label":"X","price":21},{"type":"U","date":"2018-05-03T03:55:10.000Z","volume":400,"label":"X","price":21.025},{"type":"B","date":"2018-05-03T03:55:29.000Z","volume":100,"label":" ","price":21},{"type":"A","date":"2018-05-03T03:55:42.000Z","volume":2100,"label":" ","price":21.05},{"type":"A","date":"2018-05-03T03:55:46.000Z","volume":500,"label":" ","price":21.05},{"type":"B","date":"2018-05-03T03:55:49.000Z","volume":100,"label":" ","price":21},{"type":"B","date":"2018-05-03T03:55:53.000Z","volume":1200,"label":" ","price":21},{"type":"B","date":"2018-05-03T03:56:09.000Z","volume":100,"label":" ","price":21},{"type":"U","date":"2018-05-03T03:56:10.000Z","volume":200,"label":"X","price":21.025},{"type":"B","date":"2018-05-03T03:56:26.000Z","volume":100,"label":" ","price":21},{"type":"B","date":"2018-05-03T03:56:29.000Z","volume":100,"label":" ","price":21},{"type":"A","date":"2018-05-03T03:56:42.000Z","volume":2000,"label":" ","price":21.05},{"type":"B","date":"2018-05-03T03:56:47.000Z","volume":400,"label":" ","price":21},{"type":"B","date":"2018-05-03T03:56:49.000Z","volume":100,"label":" ","price":21},{"type":"B","date":"2018-05-03T03:56:50.000Z","volume":1600,"label":" ","price":21},{"type":"B","date":"2018-05-03T03:56:59.000Z","volume":100,"label":" ","price":21},{"type":"B","date":"2018-05-03T03:57:19.000Z","volume":100,"label":" ","price":21},{"type":"B","date":"2018-05-03T03:57:24.000Z","volume":200,"label":" ","price":21},{"type":"B","date":"2018-05-03T03:57:32.000Z","volume":500,"label":" ","price":21},{"type":"B","date":"2018-05-03T03:57:39.000Z","volume":100,"label":" ","price":21},{"type":"U","date":"2018-05-03T03:57:40.000Z","volume":300,"label":"X","price":21.025},{"type":"B","date":"2018-05-03T03:57:42.000Z","volume":2600,"label":" ","price":21},{"type":"A","date":"2018-05-03T03:57:42.000Z","volume":2100,"label":" ","price":21.05},{"type":"B","date":"2018-05-03T03:57:47.000Z","volume":1600,"label":" ","price":21},{"type":"B","date":"2018-05-03T03:57:52.000Z","volume":400,"label":" ","price":21},{"type":"B","date":"2018-05-03T03:58:03.000Z","volume":1600,"label":" ","price":21},{"type":"B","date":"2018-05-03T03:58:05.000Z","volume":500,"label":" ","price":21},{"type":"B","date":"2018-05-03T03:58:08.000Z","volume":1100,"label":" ","price":21},{"type":"B","date":"2018-05-03T03:58:09.000Z","volume":100,"label":" ","price":21},{"type":"B","date":"2018-05-03T03:58:19.000Z","volume":100,"label":" ","price":21},{"type":"B","date":"2018-05-03T03:58:20.000Z","volume":100,"label":" ","price":21},{"type":"B","date":"2018-05-03T03:58:26.000Z","volume":300,"label":" ","price":21},{"type":"B","date":"2018-05-03T03:58:40.000Z","volume":400,"label":" ","price":21},{"type":"B","date":"2018-05-03T03:58:41.000Z","volume":100,"label":" ","price":21},{"type":"A","date":"2018-05-03T03:58:43.000Z","volume":2100,"label":" ","price":21.05},{"type":"B","date":"2018-05-03T03:58:49.000Z","volume":100,"label":" ","price":21},{"type":"B","date":"2018-05-03T03:58:51.000Z","volume":100,"label":" ","price":21},{"type":"B","date":"2018-05-03T03:59:01.000Z","volume":100,"label":" ","price":21},{"type":"B","date":"2018-05-03T03:59:19.000Z","volume":100,"label":" ","price":21},{"type":"B","date":"2018-05-03T03:59:20.000Z","volume":500,"label":" ","price":21},{"type":"B","date":"2018-05-03T03:59:21.000Z","volume":100,"label":" ","price":21},{"type":"B","date":"2018-05-03T03:59:31.000Z","volume":100,"label":" ","price":21},{"type":"B","date":"2018-05-03T03:59:41.000Z","volume":100,"label":" ","price":21},{"type":"A","date":"2018-05-03T03:59:43.000Z","volume":2100,"label":" ","price":21.05},{"type":"B","date":"2018-05-03T03:59:43.000Z","volume":100,"label":" ","price":21},{"type":"A","date":"2018-05-03T03:59:46.000Z","volume":300,"label":" ","price":21.05},{"type":"B","date":"2018-05-03T03:59:51.000Z","volume":100,"label":" ","price":21},{"type":"A","date":"2018-05-03T05:00:05.000Z","volume":200,"label":" ","price":21.05},{"type":"B","date":"2018-05-03T05:00:05.000Z","volume":2400,"label":" ","price":21},{"type":"B","date":"2018-05-03T05:00:06.000Z","volume":100,"label":" ","price":21},{"type":"B","date":"2018-05-03T05:00:10.000Z","volume":100,"label":" ","price":21},{"type":"B","date":"2018-05-03T05:00:30.000Z","volume":400,"label":" ","price":21},{"type":"A","date":"2018-05-03T05:00:43.000Z","volume":2100,"label":" ","price":21.05},{"type":"B","date":"2018-05-03T05:00:58.000Z","volume":400,"label":" ","price":21},{"type":"A","date":"2018-05-03T05:01:43.000Z","volume":2000,"label":" ","price":21.05},{"type":"U","date":"2018-05-03T05:02:39.000Z","volume":100,"label":"X","price":21.025},{"type":"A","date":"2018-05-03T05:02:40.000Z","volume":100,"label":" ","price":21.05},{"type":"A","date":"2018-05-03T05:02:44.000Z","volume":2100,"label":" ","price":21.05},{"type":"A","date":"2018-05-03T05:03:00.000Z","volume":2200,"label":" ","price":21.05},{"type":"A","date":"2018-05-03T05:03:30.000Z","volume":100,"label":" ","price":21.05},{"type":"A","date":"2018-05-03T05:03:44.000Z","volume":2100,"label":" ","price":21.05},{"type":"A","date":"2018-05-03T05:04:21.000Z","volume":100,"label":" ","price":21.05},{"type":"A","date":"2018-05-03T05:04:44.000Z","volume":2100,"label":" ","price":21.05},{"type":"B","date":"2018-05-03T05:04:52.000Z","volume":100,"label":" ","price":21},{"type":"A","date":"2018-05-03T05:05:11.000Z","volume":100,"label":" ","price":21.05},{"type":"A","date":"2018-05-03T05:05:43.000Z","volume":200,"label":" ","price":21.05},{"type":"A","date":"2018-05-03T05:05:44.000Z","volume":2100,"label":" ","price":21.05},{"type":"A","date":"2018-05-03T05:06:02.000Z","volume":100,"label":" ","price":21.05},{"type":"B","date":"2018-05-03T05:06:39.000Z","volume":100,"label":" ","price":21},{"type":"A","date":"2018-05-03T05:06:42.000Z","volume":200,"label":" ","price":21.05},{"type":"A","date":"2018-05-03T05:06:44.000Z","volume":2000,"label":" ","price":21.05},{"type":"A","date":"2018-05-03T05:06:52.000Z","volume":100,"label":" ","price":21.05},{"type":"A","date":"2018-05-03T05:07:09.000Z","volume":300,"label":" ","price":21.05},{"type":"A","date":"2018-05-03T05:07:43.000Z","volume":100,"label":" ","price":21.05},{"type":"A","date":"2018-05-03T05:07:45.000Z","volume":2100,"label":" ","price":21.05},{"type":"B","date":"2018-05-03T05:08:05.000Z","volume":400,"label":" ","price":21},{"type":"A","date":"2018-05-03T05:08:33.000Z","volume":100,"label":" ","price":21.05},{"type":"A","date":"2018-05-03T05:08:46.000Z","volume":2100,"label":" ","price":21.05},{"type":"U","date":"2018-05-03T05:09:11.000Z","volume":200,"label":"X","price":21.025},{"type":"A","date":"2018-05-03T05:09:23.000Z","volume":100,"label":" ","price":21.05},{"type":"A","date":"2018-05-03T05:09:46.000Z","volume":2100,"label":" ","price":21.05},{"type":"B","date":"2018-05-03T05:09:58.000Z","volume":400,"label":" ","price":21},{"type":"A","date":"2018-05-03T05:10:14.000Z","volume":100,"label":" ","price":21.05},{"type":"A","date":"2018-05-03T05:10:18.000Z","volume":100,"label":" ","price":21.05},{"type":"A","date":"2018-05-03T05:10:34.000Z","volume":500,"label":"Y","price":21.05},{"type":"A","date":"2018-05-03T05:10:34.000Z","volume":30800,"label":" ","price":21.05},{"type":"A","date":"2018-05-03T05:10:46.000Z","volume":2100,"label":" ","price":21.05},{"type":"A","date":"2018-05-03T05:11:04.000Z","volume":100,"label":" ","price":21.05},{"type":"A","date":"2018-05-03T05:11:07.000Z","volume":1400,"label":" ","price":21.05},{"type":"B","date":"2018-05-03T05:11:23.000Z","volume":700,"label":" ","price":21},{"type":"B","date":"2018-05-03T05:11:24.000Z","volume":300,"label":" ","price":21},{"type":"A","date":"2018-05-03T05:11:26.000Z","volume":300,"label":"Y","price":21.05},{"type":"A","date":"2018-05-03T05:11:27.000Z","volume":52000,"label":" ","price":21.05},{"type":"U","date":"2018-05-03T05:11:41.000Z","volume":300,"label":"X","price":21},{"type":"U","date":"2018-05-03T05:11:41.000Z","volume":200,"label":"X","price":21},{"type":"A","date":"2018-05-03T05:11:46.000Z","volume":2000,"label":" ","price":21.1},{"type":"A","date":"2018-05-03T05:11:55.000Z","volume":100,"label":" ","price":21.1},{"type":"A","date":"2018-05-03T05:12:21.000Z","volume":500,"label":" ","price":21.1},{"type":"A","date":"2018-05-03T05:12:23.000Z","volume":2200,"label":" ","price":21.1},{"type":"A","date":"2018-05-03T05:12:45.000Z","volume":100,"label":" ","price":21.1},{"type":"A","date":"2018-05-03T05:12:46.000Z","volume":2100,"label":" ","price":21.1},{"type":"A","date":"2018-05-03T05:13:18.000Z","volume":100,"label":" ","price":21.1},{"type":"A","date":"2018-05-03T05:13:36.000Z","volume":100,"label":" ","price":21.1},{"type":"B","date":"2018-05-03T05:13:37.000Z","volume":1900,"label":" ","price":21.05},{"type":"A","date":"2018-05-03T05:13:46.000Z","volume":2100,"label":" ","price":21.1},{"type":"A","date":"2018-05-03T05:14:26.000Z","volume":100,"label":" ","price":21.1},{"type":"A","date":"2018-05-03T05:14:32.000Z","volume":500,"label":" ","price":21.1},{"type":"A","date":"2018-05-03T05:14:45.000Z","volume":1600,"label":" ","price":21.1},{"type":"A","date":"2018-05-03T05:14:47.000Z","volume":2100,"label":" ","price":21.1},{"type":"A","date":"2018-05-03T05:14:47.000Z","volume":16100,"label":" ","price":21.1},{"type":"B","date":"2018-05-03T05:15:12.000Z","volume":1100,"label":" ","price":21.1},{"type":"A","date":"2018-05-03T05:15:12.000Z","volume":100,"label":" ","price":21.1},{"type":"A","date":"2018-05-03T05:15:13.000Z","volume":100,"label":" ","price":21.15},{"type":"A","date":"2018-05-03T05:15:16.000Z","volume":100,"label":" ","price":21.15},{"type":"A","date":"2018-05-03T05:15:29.000Z","volume":200,"label":" ","price":21.15},{"type":"B","date":"2018-05-03T05:15:32.000Z","volume":400,"label":"Y","price":21.1},{"type":"B","date":"2018-05-03T05:15:34.000Z","volume":400,"label":"Y","price":21.1},{"type":"B","date":"2018-05-03T05:15:34.000Z","volume":400,"label":" ","price":21.1},{"type":"B","date":"2018-05-03T05:15:42.000Z","volume":200,"label":"Y","price":21.1},{"type":"B","date":"2018-05-03T05:15:42.000Z","volume":500,"label":" ","price":21.1},{"type":"B","date":"2018-05-03T05:16:18.000Z","volume":1200,"label":" ","price":21.1},{"type":"A","date":"2018-05-03T05:16:40.000Z","volume":100,"label":" ","price":21.1},{"type":"A","date":"2018-05-03T05:16:48.000Z","volume":2000,"label":" ","price":21.1},{"type":"A","date":"2018-05-03T05:17:48.000Z","volume":2100,"label":" ","price":21.1},{"type":"A","date":"2018-05-03T05:18:48.000Z","volume":2100,"label":" ","price":21.1},{"type":"A","date":"2018-05-03T05:19:48.000Z","volume":2100,"label":" ","price":21.1},{"type":"A","date":"2018-05-03T05:20:12.000Z","volume":3000,"label":" ","price":21.1},{"type":"A","date":"2018-05-03T05:20:18.000Z","volume":20000,"label":" ","price":21.1},{"type":"A","date":"2018-05-03T05:20:36.000Z","volume":4200,"label":" ","price":21.1},{"type":"A","date":"2018-05-03T05:20:48.000Z","volume":2100,"label":" ","price":21.1},{"type":"A","date":"2018-05-03T05:21:49.000Z","volume":2000,"label":" ","price":21.1},{"type":"B","date":"2018-05-03T05:22:00.000Z","volume":100,"label":" ","price":21.05},{"type":"B","date":"2018-05-03T05:22:00.000Z","volume":1700,"label":" ","price":21.05},{"type":"A","date":"2018-05-03T05:22:00.000Z","volume":100,"label":" ","price":21.1},{"type":"A","date":"2018-05-03T05:22:40.000Z","volume":5500,"label":" ","price":21.1},{"type":"A","date":"2018-05-03T05:22:49.000Z","volume":2100,"label":" ","price":21.1},{"type":"A","date":"2018-05-03T05:22:51.000Z","volume":100,"label":" ","price":21.1},{"type":"U","date":"2018-05-03T05:22:52.000Z","volume":25,"label":"D","price":20.85},{"type":"A","date":"2018-05-03T05:22:53.000Z","volume":100,"label":" ","price":21.1},{"type":"A","date":"2018-05-03T05:23:06.000Z","volume":10000,"label":" ","price":21.1},{"type":"A","date":"2018-05-03T05:23:06.000Z","volume":700,"label":" ","price":21.1},{"type":"A","date":"2018-05-03T05:23:07.000Z","volume":5000,"label":" ","price":21.1},{"type":"A","date":"2018-05-03T05:24:26.000Z","volume":300,"label":" ","price":21.15},{"type":"A","date":"2018-05-03T05:24:37.000Z","volume":1000,"label":" ","price":21.15},{"type":"A","date":"2018-05-03T05:24:44.000Z","volume":100,"label":" ","price":21.15},{"type":"A","date":"2018-05-03T05:25:19.000Z","volume":4000,"label":" ","price":21.15},{"type":"A","date":"2018-05-03T05:25:37.000Z","volume":1100,"label":" ","price":21.15},{"type":"A","date":"2018-05-03T05:26:59.000Z","volume":100,"label":" ","price":21.15},{"type":"A","date":"2018-05-03T05:27:31.000Z","volume":700,"label":" ","price":21.15},{"type":"B","date":"2018-05-03T05:28:05.000Z","volume":3900,"label":" ","price":21.1},{"type":"A","date":"2018-05-03T05:28:05.000Z","volume":1600,"label":"Y","price":21.15},{"type":"A","date":"2018-05-03T05:28:05.000Z","volume":14000,"label":" ","price":21.15},{"type":"A","date":"2018-05-03T05:28:06.000Z","volume":600,"label":" ","price":21.15},{"type":"A","date":"2018-05-03T05:28:19.000Z","volume":3000,"label":" ","price":21.15},{"type":"A","date":"2018-05-03T05:28:29.000Z","volume":4900,"label":" ","price":21.15},{"type":"B","date":"2018-05-03T05:28:30.000Z","volume":600,"label":" ","price":21.15},{"type":"A","date":"2018-05-03T05:28:49.000Z","volume":5000,"label":"Y","price":21.2},{"type":"B","date":"2018-05-03T05:29:13.000Z","volume":100,"label":" ","price":21.15},{"type":"B","date":"2018-05-03T05:29:13.000Z","volume":1800,"label":" ","price":21.15},{"type":"A","date":"2018-05-03T05:29:14.000Z","volume":100,"label":" ","price":21.2},{"type":"B","date":"2018-05-03T05:29:15.000Z","volume":800,"label":" ","price":21.15},{"type":"A","date":"2018-05-03T05:29:18.000Z","volume":6800,"label":"Y","price":21.2},{"type":"B","date":"2018-05-03T05:29:32.000Z","volume":100,"label":" ","price":21.15},{"type":"A","date":"2018-05-03T05:29:37.000Z","volume":8100,"label":"Y","price":21.2},{"type":"A","date":"2018-05-03T05:29:37.000Z","volume":4300,"label":" ","price":21.2},{"type":"B","date":"2018-05-03T05:30:05.000Z","volume":100,"label":" ","price":21.15},{"type":"B","date":"2018-05-03T05:30:19.000Z","volume":16200,"label":" ","price":21.15},{"type":"A","date":"2018-05-03T05:30:20.000Z","volume":100,"label":" ","price":21.15},{"type":"A","date":"2018-05-03T05:30:27.000Z","volume":4000,"label":" ","price":21.15},{"type":"B","date":"2018-05-03T05:34:14.000Z","volume":1900,"label":" ","price":21.1},{"type":"A","date":"2018-05-03T05:34:37.000Z","volume":100,"label":" ","price":21.15},{"type":"A","date":"2018-05-03T05:35:27.000Z","volume":100,"label":" ","price":21.15},{"type":"A","date":"2018-05-03T05:36:18.000Z","volume":100,"label":" ","price":21.15},{"type":"B","date":"2018-05-03T05:36:22.000Z","volume":900,"label":" ","price":21.1},{"type":"A","date":"2018-05-03T05:36:29.000Z","volume":100,"label":" ","price":21.15},{"type":"U","date":"2018-05-03T05:36:42.000Z","volume":700,"label":"X","price":21.1},{"type":"U","date":"2018-05-03T05:36:42.000Z","volume":200,"label":"X","price":21.1},{"type":"U","date":"2018-05-03T05:36:42.000Z","volume":800,"label":"X","price":21.1},{"type":"A","date":"2018-05-03T05:37:08.000Z","volume":100,"label":" ","price":21.15},{"type":"B","date":"2018-05-03T05:37:11.000Z","volume":800,"label":" ","price":21.1},{"type":"B","date":"2018-05-03T05:37:13.000Z","volume":900,"label":" ","price":21.1},{"type":"A","date":"2018-05-03T05:37:26.000Z","volume":100,"label":" ","price":21.15},{"type":"A","date":"2018-05-03T05:37:46.000Z","volume":5000,"label":" ","price":21.15},{"type":"B","date":"2018-05-03T05:37:53.000Z","volume":800,"label":" ","price":21.1},{"type":"A","date":"2018-05-03T05:37:59.000Z","volume":100,"label":" ","price":21.15},{"type":"A","date":"2018-05-03T05:38:49.000Z","volume":100,"label":" ","price":21.15},{"type":"B","date":"2018-05-03T05:38:49.000Z","volume":700,"label":" ","price":21.1},{"type":"A","date":"2018-05-03T05:39:05.000Z","volume":100,"label":" ","price":21.15},{"type":"A","date":"2018-05-03T05:39:07.000Z","volume":6500,"label":" ","price":21.15},{"type":"B","date":"2018-05-03T05:39:31.000Z","volume":800,"label":" ","price":21.1},{"type":"A","date":"2018-05-03T05:39:40.000Z","volume":100,"label":" ","price":21.15},{"type":"A","date":"2018-05-03T05:39:42.000Z","volume":100,"label":" ","price":21.15},{"type":"B","date":"2018-05-03T05:39:43.000Z","volume":700,"label":" ","price":21.1},{"type":"A","date":"2018-05-03T05:39:48.000Z","volume":100,"label":" ","price":21.15},{"type":"B","date":"2018-05-03T05:39:54.000Z","volume":1800,"label":" ","price":21.1},{"type":"B","date":"2018-05-03T05:40:02.000Z","volume":600,"label":" ","price":21.1},{"type":"B","date":"2018-05-03T05:40:23.000Z","volume":600,"label":" ","price":21.1},{"type":"B","date":"2018-05-03T05:40:24.000Z","volume":800,"label":" ","price":21.1},{"type":"A","date":"2018-05-03T05:40:26.000Z","volume":100,"label":" ","price":21.15},{"type":"A","date":"2018-05-03T05:40:30.000Z","volume":100,"label":" ","price":21.15},{"type":"A","date":"2018-05-03T05:40:58.000Z","volume":100,"label":" ","price":21.15},{"type":"B","date":"2018-05-03T05:41:04.000Z","volume":100,"label":" ","price":21.1},{"type":"B","date":"2018-05-03T05:41:12.000Z","volume":800,"label":" ","price":21.1},{"type":"A","date":"2018-05-03T05:41:14.000Z","volume":700,"label":" ","price":21.15},{"type":"B","date":"2018-05-03T05:41:15.000Z","volume":400,"label":" ","price":21.1},{"type":"A","date":"2018-05-03T05:41:21.000Z","volume":100,"label":" ","price":21.15},{"type":"A","date":"2018-05-03T05:41:45.000Z","volume":100,"label":" ","price":21.15},{"type":"A","date":"2018-05-03T05:42:11.000Z","volume":100,"label":" ","price":21.15},{"type":"A","date":"2018-05-03T05:42:28.000Z","volume":100,"label":" ","price":21.15},{"type":"A","date":"2018-05-03T05:43:01.000Z","volume":100,"label":" ","price":21.15},{"type":"A","date":"2018-05-03T05:43:27.000Z","volume":100,"label":" ","price":21.15},{"type":"A","date":"2018-05-03T05:43:44.000Z","volume":100,"label":" ","price":21.15},{"type":"B","date":"2018-05-03T05:43:48.000Z","volume":300,"label":" ","price":21.1},{"type":"A","date":"2018-05-03T05:43:52.000Z","volume":100,"label":" ","price":21.15},{"type":"B","date":"2018-05-03T05:44:08.000Z","volume":700,"label":" ","price":21.1},{"type":"B","date":"2018-05-03T05:44:08.000Z","volume":300,"label":" ","price":21.1},{"type":"B","date":"2018-05-03T05:44:12.000Z","volume":800,"label":" ","price":21.1},{"type":"B","date":"2018-05-03T05:44:22.000Z","volume":400,"label":" ","price":21.1},{"type":"U","date":"2018-05-03T05:44:27.000Z","volume":100,"label":"X","price":21.1},{"type":"U","date":"2018-05-03T05:44:27.000Z","volume":100,"label":"X","price":21.1},{"type":"B","date":"2018-05-03T05:44:32.000Z","volume":300,"label":" ","price":21.1},{"type":"B","date":"2018-05-03T05:44:39.000Z","volume":700,"label":" ","price":21.1},{"type":"U","date":"2018-05-03T05:44:42.000Z","volume":100,"label":"X","price":21.1},{"type":"U","date":"2018-05-03T05:44:42.000Z","volume":800,"label":"X","price":21.1},{"type":"A","date":"2018-05-03T05:44:42.000Z","volume":100,"label":" ","price":21.15},{"type":"B","date":"2018-05-03T05:44:51.000Z","volume":300,"label":" ","price":21.1},{"type":"A","date":"2018-05-03T05:44:52.000Z","volume":100,"label":" ","price":21.15},{"type":"B","date":"2018-05-03T05:44:57.000Z","volume":1800,"label":" ","price":21.1},{"type":"B","date":"2018-05-03T05:44:58.000Z","volume":800,"label":" ","price":21.1},{"type":"B","date":"2018-05-03T05:44:59.000Z","volume":3700,"label":" ","price":21.1},{"type":"A","date":"2018-05-03T05:44:59.000Z","volume":500,"label":" ","price":21.1},{"type":"B","date":"2018-05-03T05:44:59.000Z","volume":4100,"label":" ","price":21.05},{"type":"A","date":"2018-05-03T05:45:37.000Z","volume":3500,"label":" ","price":21.1},{"type":"A","date":"2018-05-03T05:45:57.000Z","volume":700,"label":" ","price":21.1},{"type":"A","date":"2018-05-03T05:45:57.000Z","volume":2100,"label":" ","price":21.1},{"type":"A","date":"2018-05-03T05:46:01.000Z","volume":700,"label":" ","price":21.1},{"type":"A","date":"2018-05-03T05:46:47.000Z","volume":1700,"label":" ","price":21.1},{"type":"A","date":"2018-05-03T05:46:57.000Z","volume":2000,"label":" ","price":21.1},{"type":"A","date":"2018-05-03T05:47:24.000Z","volume":700,"label":" ","price":21.1},{"type":"A","date":"2018-05-03T05:47:38.000Z","volume":700,"label":" ","price":21.1},{"type":"A","date":"2018-05-03T05:47:49.000Z","volume":800,"label":" ","price":21.1},{"type":"A","date":"2018-05-03T05:47:58.000Z","volume":300,"label":" ","price":21.1},{"type":"A","date":"2018-05-03T05:47:58.000Z","volume":2100,"label":" ","price":21.1},{"type":"A","date":"2018-05-03T05:48:26.000Z","volume":1000,"label":" ","price":21.1},{"type":"A","date":"2018-05-03T05:48:28.000Z","volume":1800,"label":" ","price":21.1},{"type":"A","date":"2018-05-03T05:48:58.000Z","volume":2100,"label":" ","price":21.1},{"type":"A","date":"2018-05-03T05:49:23.000Z","volume":49200,"label":" ","price":21.1},{"type":"A","date":"2018-05-03T05:49:23.000Z","volume":800,"label":" ","price":21.1},{"type":"B","date":"2018-05-03T05:49:58.000Z","volume":100,"label":" ","price":21.1},{"type":"B","date":"2018-05-03T05:50:31.000Z","volume":2400,"label":" ","price":21.1},{"type":"B","date":"2018-05-03T05:51:17.000Z","volume":200,"label":" ","price":21.05},{"type":"B","date":"2018-05-03T05:51:17.000Z","volume":1700,"label":" ","price":21.05},{"type":"A","date":"2018-05-03T05:51:18.000Z","volume":700,"label":" ","price":21.1},{"type":"A","date":"2018-05-03T05:51:44.000Z","volume":9800,"label":" ","price":21.1},{"type":"B","date":"2018-05-03T05:51:44.000Z","volume":2300,"label":" ","price":21.1},{"type":"B","date":"2018-05-03T05:53:52.000Z","volume":10000,"label":"Y","price":21.1},{"type":"B","date":"2018-05-03T05:53:52.000Z","volume":41000,"label":" ","price":21.1},{"type":"A","date":"2018-05-03T05:54:00.000Z","volume":2100,"label":" ","price":21.1},{"type":"A","date":"2018-05-03T05:54:37.000Z","volume":20000,"label":" ","price":21.1},{"type":"A","date":"2018-05-03T05:55:00.000Z","volume":2100,"label":" ","price":21.1},{"type":"A","date":"2018-05-03T05:56:00.000Z","volume":2100,"label":" ","price":21.1},{"type":"B","date":"2018-05-03T05:56:48.000Z","volume":1900,"label":" ","price":21.05},{"type":"A","date":"2018-05-03T05:56:57.000Z","volume":100,"label":" ","price":21.1},{"type":"A","date":"2018-05-03T05:57:00.000Z","volume":2000,"label":" ","price":21.1},{"type":"A","date":"2018-05-03T05:57:19.000Z","volume":100,"label":" ","price":21.1},{"type":"A","date":"2018-05-03T05:58:00.000Z","volume":2100,"label":" ","price":21.1},{"type":"A","date":"2018-05-03T05:58:10.000Z","volume":100,"label":" ","price":21.1},{"type":"A","date":"2018-05-03T05:58:42.000Z","volume":100,"label":" ","price":21.1},{"type":"A","date":"2018-05-03T05:59:00.000Z","volume":100,"label":" ","price":21.1},{"type":"A","date":"2018-05-03T05:59:00.000Z","volume":2100,"label":" ","price":21.1},{"type":"A","date":"2018-05-03T05:59:23.000Z","volume":3000,"label":" ","price":21.1},{"type":"A","date":"2018-05-03T05:59:51.000Z","volume":100,"label":" ","price":21.1},{"type":"A","date":"2018-05-03T06:00:01.000Z","volume":2100,"label":" ","price":21.1},{"type":"A","date":"2018-05-03T06:00:13.000Z","volume":100,"label":" ","price":21.1},{"type":"A","date":"2018-05-03T06:00:41.000Z","volume":100,"label":" ","price":21.1},{"type":"A","date":"2018-05-03T06:00:44.000Z","volume":100,"label":" ","price":21.1},{"type":"A","date":"2018-05-03T06:00:58.000Z","volume":10000,"label":" ","price":21.1},{"type":"A","date":"2018-05-03T06:01:01.000Z","volume":2100,"label":" ","price":21.1},{"type":"B","date":"2018-05-03T06:01:01.000Z","volume":300,"label":" ","price":21.05},{"type":"B","date":"2018-05-03T06:01:30.000Z","volume":200,"label":" ","price":21.05},{"type":"A","date":"2018-05-03T06:01:31.000Z","volume":100,"label":" ","price":21.1},{"type":"A","date":"2018-05-03T06:01:32.000Z","volume":100,"label":" ","price":21.1},{"type":"A","date":"2018-05-03T06:01:47.000Z","volume":4000,"label":" ","price":21.1},{"type":"B","date":"2018-05-03T06:01:49.000Z","volume":1900,"label":" ","price":21.05},{"type":"A","date":"2018-05-03T06:02:02.000Z","volume":2000,"label":" ","price":21.1},{"type":"A","date":"2018-05-03T06:02:22.000Z","volume":100,"label":" ","price":21.1},{"type":"U","date":"2018-05-03T06:02:30.000Z","volume":800,"label":"X","price":21.075},{"type":"A","date":"2018-05-03T06:02:30.000Z","volume":107200,"label":" ","price":21.1},{"type":"B","date":"2018-05-03T06:02:39.000Z","volume":600,"label":" ","price":21.1},{"type":"B","date":"2018-05-03T06:02:39.000Z","volume":500,"label":" ","price":21.1},{"type":"B","date":"2018-05-03T06:02:39.000Z","volume":100,"label":" ","price":21.1},{"type":"B","date":"2018-05-03T06:02:39.000Z","volume":100,"label":" ","price":21.1},{"type":"B","date":"2018-05-03T06:02:39.000Z","volume":100,"label":" ","price":21.1},{"type":"B","date":"2018-05-03T06:02:39.000Z","volume":100,"label":" ","price":21.1},{"type":"B","date":"2018-05-03T06:02:39.000Z","volume":200,"label":" ","price":21.1},{"type":"B","date":"2018-05-03T06:02:39.000Z","volume":400,"label":" ","price":21.1},{"type":"A","date":"2018-05-03T06:02:46.000Z","volume":100,"label":" ","price":21.15},{"type":"A","date":"2018-05-03T06:02:51.000Z","volume":6100,"label":" ","price":21.15},{"type":"A","date":"2018-05-03T06:02:54.000Z","volume":400,"label":" ","price":21.15},{"type":"A","date":"2018-05-03T06:02:59.000Z","volume":100,"label":" ","price":21.15},{"type":"A","date":"2018-05-03T06:03:12.000Z","volume":100,"label":" ","price":21.15},{"type":"A","date":"2018-05-03T06:03:25.000Z","volume":2900,"label":" ","price":21.15},{"type":"B","date":"2018-05-03T06:03:31.000Z","volume":200,"label":" ","price":21.1},{"type":"A","date":"2018-05-03T06:03:57.000Z","volume":2800,"label":" ","price":21.15},{"type":"B","date":"2018-05-03T06:04:00.000Z","volume":200,"label":" ","price":21.1},{"type":"A","date":"2018-05-03T06:04:03.000Z","volume":100,"label":" ","price":21.15},{"type":"A","date":"2018-05-03T06:04:12.000Z","volume":100,"label":" ","price":21.15},{"type":"A","date":"2018-05-03T06:04:19.000Z","volume":1500,"label":" ","price":21.15},{"type":"B","date":"2018-05-03T06:04:30.000Z","volume":100,"label":" ","price":21.1},{"type":"A","date":"2018-05-03T06:04:43.000Z","volume":5000,"label":" ","price":21.15},{"type":"A","date":"2018-05-03T06:04:44.000Z","volume":800,"label":" ","price":21.15},{"type":"A","date":"2018-05-03T06:05:15.000Z","volume":100,"label":" ","price":21.15},{"type":"A","date":"2018-05-03T06:05:19.000Z","volume":100,"label":" ","price":21.15},{"type":"A","date":"2018-05-03T06:06:03.000Z","volume":100,"label":" ","price":21.15},{"type":"A","date":"2018-05-03T06:06:05.000Z","volume":100,"label":" ","price":21.15},{"type":"A","date":"2018-05-03T06:06:08.000Z","volume":2500,"label":" ","price":21.15},{"type":"A","date":"2018-05-03T06:06:28.000Z","volume":7600,"label":" ","price":21.15},{"type":"A","date":"2018-05-03T06:06:41.000Z","volume":2000,"label":" ","price":21.15},{"type":"A","date":"2018-05-03T06:06:43.000Z","volume":3500,"label":" ","price":21.15},{"type":"A","date":"2018-05-03T06:06:48.000Z","volume":1000,"label":" ","price":21.15},{"type":"A","date":"2018-05-03T06:07:09.000Z","volume":800,"label":" ","price":21.15},{"type":"A","date":"2018-05-03T06:07:11.000Z","volume":100,"label":" ","price":21.15},{"type":"A","date":"2018-05-03T06:07:29.000Z","volume":100,"label":" ","price":21.15},{"type":"A","date":"2018-05-03T06:08:03.000Z","volume":2000,"label":" ","price":21.15},{"type":"A","date":"2018-05-03T06:08:06.000Z","volume":400,"label":" ","price":21.15},{"type":"A","date":"2018-05-03T06:08:27.000Z","volume":100,"label":" ","price":21.15},{"type":"A","date":"2018-05-03T06:08:35.000Z","volume":3000,"label":" ","price":21.15},{"type":"A","date":"2018-05-03T06:09:03.000Z","volume":1100,"label":"Y","price":21.15},{"type":"A","date":"2018-05-03T06:09:03.000Z","volume":900,"label":" ","price":21.15},{"type":"A","date":"2018-05-03T06:09:15.000Z","volume":100,"label":" ","price":21.15},{"type":"B","date":"2018-05-03T06:09:28.000Z","volume":5500,"label":" ","price":21.1},{"type":"A","date":"2018-05-03T06:09:29.000Z","volume":600,"label":" ","price":21.15},{"type":"A","date":"2018-05-03T06:09:43.000Z","volume":100,"label":" ","price":21.15},{"type":"B","date":"2018-05-03T06:10:00.000Z","volume":100,"label":" ","price":21.1},{"type":"A","date":"2018-05-03T06:10:48.000Z","volume":200,"label":" ","price":21.15},{"type":"A","date":"2018-05-03T06:11:27.000Z","volume":100,"label":" ","price":21.15},{"type":"A","date":"2018-05-03T06:11:45.000Z","volume":100,"label":" ","price":21.15},{"type":"A","date":"2018-05-03T06:11:46.000Z","volume":5000,"label":" ","price":21.15},{"type":"A","date":"2018-05-03T06:11:51.000Z","volume":400,"label":" ","price":21.15},{"type":"A","date":"2018-05-03T06:11:53.000Z","volume":700,"label":"Y","price":21.15},{"type":"A","date":"2018-05-03T06:11:53.000Z","volume":800,"label":" ","price":21.15},{"type":"A","date":"2018-05-03T06:12:57.000Z","volume":100,"label":" ","price":21.15},{"type":"A","date":"2018-05-03T06:14:31.000Z","volume":100,"label":" ","price":21.15},{"type":"A","date":"2018-05-03T06:14:31.000Z","volume":100,"label":" ","price":21.15},{"type":"A","date":"2018-05-03T06:14:44.000Z","volume":200,"label":" ","price":21.15},{"type":"A","date":"2018-05-03T06:14:47.000Z","volume":31600,"label":" ","price":21.15},{"type":"B","date":"2018-05-03T06:14:53.000Z","volume":600,"label":" ","price":21.15},{"type":"B","date":"2018-05-03T06:14:53.000Z","volume":100,"label":" ","price":21.15},{"type":"B","date":"2018-05-03T06:14:53.000Z","volume":100,"label":" ","price":21.15},{"type":"B","date":"2018-05-03T06:14:53.000Z","volume":200,"label":" ","price":21.15},{"type":"B","date":"2018-05-03T06:14:53.000Z","volume":200,"label":" ","price":21.15},{"type":"B","date":"2018-05-03T06:14:53.000Z","volume":10500,"label":" ","price":21.15},{"type":"A","date":"2018-05-03T06:14:56.000Z","volume":800,"label":" ","price":21.2},{"type":"B","date":"2018-05-03T06:15:33.000Z","volume":500,"label":" ","price":21.15},{"type":"B","date":"2018-05-03T06:16:12.000Z","volume":13700,"label":" ","price":21.15},{"type":"B","date":"2018-05-03T06:16:13.000Z","volume":800,"label":" ","price":21.15},{"type":"B","date":"2018-05-03T06:16:13.000Z","volume":10500,"label":" ","price":21.15},{"type":"B","date":"2018-05-03T06:16:13.000Z","volume":1100,"label":" ","price":21.15},{"type":"B","date":"2018-05-03T06:16:13.000Z","volume":10500,"label":" ","price":21.15},{"type":"B","date":"2018-05-03T06:16:13.000Z","volume":900,"label":" ","price":21.15},{"type":"B","date":"2018-05-03T06:16:14.000Z","volume":700,"label":" ","price":21.15},{"type":"B","date":"2018-05-03T06:16:14.000Z","volume":200,"label":" ","price":21.15},{"type":"B","date":"2018-05-03T06:16:14.000Z","volume":100,"label":" ","price":21.15},{"type":"B","date":"2018-05-03T06:16:14.000Z","volume":100,"label":" ","price":21.15},{"type":"B","date":"2018-05-03T06:16:14.000Z","volume":400,"label":" ","price":21.15},{"type":"B","date":"2018-05-03T06:16:14.000Z","volume":10500,"label":" ","price":21.15},{"type":"B","date":"2018-05-03T06:16:16.000Z","volume":400,"label":" ","price":21.15},{"type":"B","date":"2018-05-03T06:16:17.000Z","volume":900,"label":" ","price":21.15},{"type":"B","date":"2018-05-03T06:16:24.000Z","volume":800,"label":" ","price":21.15},{"type":"A","date":"2018-05-03T06:16:49.000Z","volume":100000,"label":" ","price":21.2},{"type":"B","date":"2018-05-03T06:16:53.000Z","volume":100,"label":" ","price":21.15},{"type":"B","date":"2018-05-03T06:17:08.000Z","volume":2600,"label":" ","price":21.15},{"type":"B","date":"2018-05-03T06:17:09.000Z","volume":11300,"label":" ","price":21.15},{"type":"A","date":"2018-05-03T06:17:13.000Z","volume":600,"label":" ","price":21.15},{"type":"A","date":"2018-05-03T06:17:21.000Z","volume":100,"label":" ","price":21.15},{"type":"A","date":"2018-05-03T06:17:23.000Z","volume":100,"label":" ","price":21.15},{"type":"A","date":"2018-05-03T06:17:24.000Z","volume":100,"label":" ","price":21.15},{"type":"A","date":"2018-05-03T06:18:21.000Z","volume":1200,"label":" ","price":21.15},{"type":"A","date":"2018-05-03T06:18:56.000Z","volume":800,"label":"Y","price":21.15},{"type":"A","date":"2018-05-03T06:18:56.000Z","volume":27800,"label":" ","price":21.15},{"type":"B","date":"2018-05-03T06:18:56.000Z","volume":500,"label":" ","price":21.15},{"type":"A","date":"2018-05-03T06:19:00.000Z","volume":60600,"label":" ","price":21.2},{"type":"A","date":"2018-05-03T06:19:08.000Z","volume":19200,"label":" ","price":21.25},{"type":"A","date":"2018-05-03T06:19:10.000Z","volume":13200,"label":" ","price":21.3},{"type":"A","date":"2018-05-03T06:19:10.000Z","volume":1300,"label":" ","price":21.3},{"type":"A","date":"2018-05-03T06:19:10.000Z","volume":1100,"label":" ","price":21.3},{"type":"A","date":"2018-05-03T06:19:10.000Z","volume":1000,"label":" ","price":21.3},{"type":"A","date":"2018-05-03T06:19:10.000Z","volume":800,"label":" ","price":21.3},{"type":"A","date":"2018-05-03T06:19:10.000Z","volume":700,"label":" ","price":21.3},{"type":"A","date":"2018-05-03T06:19:10.000Z","volume":600,"label":" ","price":21.3},{"type":"A","date":"2018-05-03T06:19:10.000Z","volume":500,"label":" ","price":21.3},{"type":"A","date":"2018-05-03T06:19:10.000Z","volume":400,"label":" ","price":21.3},{"type":"A","date":"2018-05-03T06:19:10.000Z","volume":400,"label":" ","price":21.3},{"type":"A","date":"2018-05-03T06:19:10.000Z","volume":300,"label":" ","price":21.3},{"type":"A","date":"2018-05-03T06:19:10.000Z","volume":1300,"label":" ","price":21.3},{"type":"A","date":"2018-05-03T06:19:10.000Z","volume":9500,"label":" ","price":21.3},{"type":"A","date":"2018-05-03T06:19:10.000Z","volume":900,"label":" ","price":21.3},{"type":"A","date":"2018-05-03T06:19:10.000Z","volume":900,"label":" ","price":21.3},{"type":"A","date":"2018-05-03T06:19:10.000Z","volume":300,"label":" ","price":21.3},{"type":"A","date":"2018-05-03T06:19:10.000Z","volume":1500,"label":" ","price":21.3},{"type":"A","date":"2018-05-03T06:19:10.000Z","volume":1700,"label":" ","price":21.3},{"type":"A","date":"2018-05-03T06:19:10.000Z","volume":1400,"label":" ","price":21.3},{"type":"A","date":"2018-05-03T06:19:10.000Z","volume":1200,"label":" ","price":21.3},{"type":"A","date":"2018-05-03T06:19:10.000Z","volume":1000,"label":" ","price":21.3},{"type":"A","date":"2018-05-03T06:19:10.000Z","volume":900,"label":" ","price":21.3},{"type":"A","date":"2018-05-03T06:19:10.000Z","volume":3800,"label":" ","price":21.3},{"type":"A","date":"2018-05-03T06:19:16.000Z","volume":13200,"label":" ","price":21.35},{"type":"B","date":"2018-05-03T06:19:19.000Z","volume":1400,"label":" ","price":21.35},{"type":"B","date":"2018-05-03T06:19:25.000Z","volume":1400,"label":" ","price":21.35},{"type":"B","date":"2018-05-03T06:19:30.000Z","volume":1300,"label":" ","price":21.35},{"type":"B","date":"2018-05-03T06:19:33.000Z","volume":2400,"label":" ","price":21.35},{"type":"B","date":"2018-05-03T06:19:33.000Z","volume":9800,"label":" ","price":21.35},{"type":"B","date":"2018-05-03T06:19:33.000Z","volume":9200,"label":" ","price":21.35},{"type":"B","date":"2018-05-03T06:19:33.000Z","volume":7900,"label":" ","price":21.35},{"type":"B","date":"2018-05-03T06:19:33.000Z","volume":6900,"label":" ","price":21.35},{"type":"B","date":"2018-05-03T06:19:33.000Z","volume":6400,"label":" ","price":21.35},{"type":"B","date":"2018-05-03T06:19:33.000Z","volume":5500,"label":" ","price":21.35},{"type":"B","date":"2018-05-03T06:19:33.000Z","volume":4700,"label":" ","price":21.35},{"type":"B","date":"2018-05-03T06:19:33.000Z","volume":4000,"label":" ","price":21.35},{"type":"B","date":"2018-05-03T06:19:33.000Z","volume":3400,"label":" ","price":21.35},{"type":"B","date":"2018-05-03T06:19:33.000Z","volume":2900,"label":" ","price":21.35},{"type":"B","date":"2018-05-03T06:19:34.000Z","volume":2500,"label":" ","price":21.35},{"type":"B","date":"2018-05-03T06:19:34.000Z","volume":1800,"label":" ","price":21.35},{"type":"A","date":"2018-05-03T06:19:34.000Z","volume":10900,"label":" ","price":21.35},{"type":"B","date":"2018-05-03T06:19:43.000Z","volume":1400,"label":" ","price":21.35},{"type":"B","date":"2018-05-03T06:19:49.000Z","volume":1400,"label":" ","price":21.35},{"type":"B","date":"2018-05-03T06:20:01.000Z","volume":8500,"label":" ","price":21.35},{"type":"B","date":"2018-05-03T06:20:06.000Z","volume":700,"label":" ","price":21.35},{"type":"A","date":"2018-05-03T06:20:08.000Z","volume":1500,"label":"Y","price":21.4},{"type":"A","date":"2018-05-03T06:20:08.000Z","volume":24000,"label":" ","price":21.4},{"type":"B","date":"2018-05-03T06:20:08.000Z","volume":1100,"label":" ","price":21.4},{"type":"A","date":"2018-05-03T06:20:17.000Z","volume":36100,"label":" ","price":21.45},{"type":"B","date":"2018-05-03T06:20:18.000Z","volume":1000,"label":" ","price":21.45},{"type":"A","date":"2018-05-03T06:20:18.000Z","volume":6100,"label":" ","price":21.4},{"type":"A","date":"2018-05-03T06:20:18.000Z","volume":6100,"label":" ","price":21.4},{"type":"A","date":"2018-05-03T06:20:18.000Z","volume":5600,"label":" ","price":21.4},{"type":"A","date":"2018-05-03T06:20:18.000Z","volume":4800,"label":" ","price":21.4},{"type":"A","date":"2018-05-03T06:20:18.000Z","volume":4100,"label":" ","price":21.4},{"type":"A","date":"2018-05-03T06:20:18.000Z","volume":3500,"label":" ","price":21.4},{"type":"A","date":"2018-05-03T06:20:18.000Z","volume":3000,"label":" ","price":21.4},{"type":"A","date":"2018-05-03T06:20:18.000Z","volume":2600,"label":" ","price":21.4},{"type":"A","date":"2018-05-03T06:20:18.000Z","volume":2200,"label":" ","price":21.4},{"type":"A","date":"2018-05-03T06:20:18.000Z","volume":1900,"label":" ","price":21.4},{"type":"A","date":"2018-05-03T06:20:18.000Z","volume":1600,"label":" ","price":21.4},{"type":"A","date":"2018-05-03T06:20:18.000Z","volume":9900,"label":" ","price":21.4},{"type":"B","date":"2018-05-03T06:20:19.000Z","volume":4000,"label":" ","price":21.45},{"type":"A","date":"2018-05-03T06:20:19.000Z","volume":100,"label":" ","price":21.45},{"type":"A","date":"2018-05-03T06:20:19.000Z","volume":100,"label":" ","price":21.45},{"type":"A","date":"2018-05-03T06:20:19.000Z","volume":100,"label":" ","price":21.45},{"type":"A","date":"2018-05-03T06:20:19.000Z","volume":100,"label":" ","price":21.45},{"type":"A","date":"2018-05-03T06:20:19.000Z","volume":100,"label":" ","price":21.45},{"type":"A","date":"2018-05-03T06:20:19.000Z","volume":100,"label":" ","price":21.45},{"type":"A","date":"2018-05-03T06:20:19.000Z","volume":100,"label":" ","price":21.45},{"type":"A","date":"2018-05-03T06:20:19.000Z","volume":100,"label":" ","price":21.45},{"type":"B","date":"2018-05-03T06:20:23.000Z","volume":900,"label":" ","price":21.45},{"type":"B","date":"2018-05-03T06:20:27.000Z","volume":1400,"label":" ","price":21.45},{"type":"A","date":"2018-05-03T06:20:28.000Z","volume":2800,"label":" ","price":21.5},{"type":"B","date":"2018-05-03T06:20:31.000Z","volume":1400,"label":" ","price":21.45},{"type":"B","date":"2018-05-03T06:20:38.000Z","volume":400,"label":"Y","price":21.45},{"type":"B","date":"2018-05-03T06:20:38.000Z","volume":300,"label":"Y","price":21.45},{"type":"B","date":"2018-05-03T06:20:43.000Z","volume":1400,"label":" ","price":21.45},{"type":"B","date":"2018-05-03T06:20:46.000Z","volume":1200,"label":" ","price":21.45},{"type":"A","date":"2018-05-03T06:20:46.000Z","volume":6600,"label":" ","price":21.45},{"type":"A","date":"2018-05-03T06:20:46.000Z","volume":6000,"label":" ","price":21.45},{"type":"A","date":"2018-05-03T06:20:46.000Z","volume":5100,"label":" ","price":21.45},{"type":"A","date":"2018-05-03T06:20:46.000Z","volume":4400,"label":" ","price":21.45},{"type":"A","date":"2018-05-03T06:20:46.000Z","volume":3800,"label":" ","price":21.45},{"type":"A","date":"2018-05-03T06:20:46.000Z","volume":3200,"label":" ","price":21.45},{"type":"A","date":"2018-05-03T06:20:46.000Z","volume":2800,"label":" ","price":21.45},{"type":"A","date":"2018-05-03T06:20:46.000Z","volume":2400,"label":" ","price":21.45},{"type":"A","date":"2018-05-03T06:20:46.000Z","volume":2000,"label":" ","price":21.45},{"type":"A","date":"2018-05-03T06:20:46.000Z","volume":500,"label":" ","price":21.45},{"type":"A","date":"2018-05-03T06:20:46.000Z","volume":1700,"label":" ","price":21.45},{"type":"A","date":"2018-05-03T06:20:46.000Z","volume":1400,"label":" ","price":21.45},{"type":"A","date":"2018-05-03T06:20:46.000Z","volume":1200,"label":" ","price":21.45},{"type":"A","date":"2018-05-03T06:20:46.000Z","volume":7700,"label":" ","price":21.45},{"type":"B","date":"2018-05-03T06:20:47.000Z","volume":3400,"label":" ","price":21.45},{"type":"B","date":"2018-05-03T06:20:47.000Z","volume":1100,"label":" ","price":21.45},{"type":"B","date":"2018-05-03T06:20:47.000Z","volume":1000,"label":" ","price":21.45},{"type":"A","date":"2018-05-03T06:20:47.000Z","volume":800,"label":" ","price":21.45},{"type":"A","date":"2018-05-03T06:20:47.000Z","volume":800,"label":" ","price":21.45},{"type":"A","date":"2018-05-03T06:20:47.000Z","volume":600,"label":" ","price":21.45},{"type":"A","date":"2018-05-03T06:20:47.000Z","volume":500,"label":" ","price":21.45},{"type":"A","date":"2018-05-03T06:20:47.000Z","volume":500,"label":" ","price":21.45},{"type":"A","date":"2018-05-03T06:20:47.000Z","volume":400,"label":" ","price":21.45},{"type":"A","date":"2018-05-03T06:20:47.000Z","volume":300,"label":" ","price":21.45},{"type":"A","date":"2018-05-03T06:20:47.000Z","volume":300,"label":" ","price":21.45},{"type":"A","date":"2018-05-03T06:20:47.000Z","volume":200,"label":" ","price":21.45},{"type":"A","date":"2018-05-03T06:20:47.000Z","volume":1800,"label":" ","price":21.45},{"type":"A","date":"2018-05-03T06:20:48.000Z","volume":100,"label":"Y","price":21.5},{"type":"A","date":"2018-05-03T06:20:48.000Z","volume":700,"label":" ","price":21.5},{"type":"A","date":"2018-05-03T06:20:52.000Z","volume":7900,"label":" ","price":21.5},{"type":"B","date":"2018-05-03T06:21:08.000Z","volume":100,"label":" ","price":21.4},{"type":"B","date":"2018-05-03T06:21:48.000Z","volume":800,"label":" ","price":21.35},{"type":"B","date":"2018-05-03T06:22:04.000Z","volume":600,"label":" ","price":21.35},{"type":"B","date":"2018-05-03T06:22:34.000Z","volume":200,"label":" ","price":21.3},{"type":"B","date":"2018-05-03T06:22:34.000Z","volume":1800,"label":" ","price":21.3},{"type":"B","date":"2018-05-03T06:22:59.000Z","volume":3100,"label":" ","price":21.25},{"type":"A","date":"2018-05-03T06:23:20.000Z","volume":21700,"label":" ","price":21.3},{"type":"A","date":"2018-05-03T06:23:20.000Z","volume":7000,"label":" ","price":21.3},{"type":"A","date":"2018-05-03T06:23:20.000Z","volume":200,"label":" ","price":21.3},{"type":"B","date":"2018-05-03T06:23:20.000Z","volume":1100,"label":" ","price":21.3},{"type":"A","date":"2018-05-03T06:25:17.000Z","volume":100,"label":" ","price":21.35},{"type":"A","date":"2018-05-03T06:27:11.000Z","volume":30000,"label":" ","price":21.35},{"type":"B","date":"2018-05-03T06:27:17.000Z","volume":85200,"label":" ","price":21.2},{"type":"B","date":"2018-05-03T06:27:17.000Z","volume":200,"label":" ","price":21.2},{"type":"A","date":"2018-05-03T06:27:18.000Z","volume":700,"label":" ","price":21.25},{"type":"B","date":"2018-05-03T06:27:19.000Z","volume":900,"label":" ","price":21.2},{"type":"B","date":"2018-05-03T06:27:19.000Z","volume":100,"label":" ","price":21.2},{"type":"B","date":"2018-05-03T06:27:21.000Z","volume":11800,"label":" ","price":21.2},{"type":"B","date":"2018-05-03T06:27:21.000Z","volume":900,"label":"Y","price":21.2},{"type":"B","date":"2018-05-03T06:27:32.000Z","volume":4500,"label":" ","price":21.2},{"type":"B","date":"2018-05-03T06:27:32.000Z","volume":600,"label":" ","price":21.2},{"type":"B","date":"2018-05-03T06:27:43.000Z","volume":500,"label":" ","price":21.2},{"type":"B","date":"2018-05-03T06:27:44.000Z","volume":100,"label":" ","price":21.15},{"type":"A","date":"2018-05-03T06:27:57.000Z","volume":13700,"label":" ","price":21.2},{"type":"B","date":"2018-05-03T06:27:57.000Z","volume":8100,"label":" ","price":21.2},{"type":"B","date":"2018-05-03T06:28:03.000Z","volume":600,"label":" ","price":21.15},{"type":"A","date":"2018-05-03T06:28:18.000Z","volume":25400,"label":" ","price":21.2},{"type":"B","date":"2018-05-03T06:28:18.000Z","volume":7800,"label":" ","price":21.2},{"type":"B","date":"2018-05-03T06:28:25.000Z","volume":2300,"label":" ","price":21.2},{"type":"A","date":"2018-05-03T06:28:40.000Z","volume":200,"label":" ","price":21.25},{"type":"B","date":"2018-05-03T06:29:42.000Z","volume":6200,"label":" ","price":21.2}