[{"type":"U","date":"2018-03-21T01:00:28.000Z","volume":334,"label":"P","price":23},{"type":"U","date":"2018-03-21T01:02:09.000Z","volume":60,"label":"P","price":24.2},{"type":"U","date":"2018-03-21T01:20:00.000Z","volume":398000,"label":"U","price":23.25},{"type":"A","date":"2018-03-21T01:30:00.000Z","volume":5000,"label":" ","price":23.25},{"type":"A","date":"2018-03-21T01:30:01.000Z","volume":49000,"label":" ","price":23.25},{"type":"A","date":"2018-03-21T01:30:01.000Z","volume":144000,"label":" ","price":23.3},{"type":"A","date":"2018-03-21T01:30:01.000Z","volume":57000,"label":" ","price":23.35},{"type":"A","date":"2018-03-21T01:30:01.000Z","volume":12000,"label":" ","price":23.35},{"type":"A","date":"2018-03-21T01:30:01.000Z","volume":31000,"label":" ","price":23.4},{"type":"U","date":"2018-03-21T01:30:02.000Z","volume":1000,"label":" ","price":23.3},{"type":"A","date":"2018-03-21T01:30:03.000Z","volume":2000,"label":" ","price":23.35},{"type":"A","date":"2018-03-21T01:30:03.000Z","volume":7000,"label":" ","price":23.4},{"type":"A","date":"2018-03-21T01:30:03.000Z","volume":7000,"label":" ","price":23.4},{"type":"B","date":"2018-03-21T01:30:04.000Z","volume":1000,"label":" ","price":23.3},{"type":"B","date":"2018-03-21T01:30:04.000Z","volume":1000,"label":" ","price":23.3},{"type":"B","date":"2018-03-21T01:30:04.000Z","volume":10000,"label":" ","price":23.3},{"type":"B","date":"2018-03-21T01:30:04.000Z","volume":24000,"label":" ","price":23.3},{"type":"B","date":"2018-03-21T01:30:04.000Z","volume":9000,"label":" ","price":23.25},{"type":"B","date":"2018-03-21T01:30:04.000Z","volume":4000,"label":"Y","price":23.3},{"type":"B","date":"2018-03-21T01:30:05.000Z","volume":5000,"label":" ","price":23.3},{"type":"B","date":"2018-03-21T01:30:05.000Z","volume":10000,"label":" ","price":23.3},{"type":"B","date":"2018-03-21T01:30:05.000Z","volume":10000,"label":" ","price":23.25},{"type":"B","date":"2018-03-21T01:30:06.000Z","volume":10000,"label":" ","price":23.25},{"type":"B","date":"2018-03-21T01:30:06.000Z","volume":5000,"label":" ","price":23.25},{"type":"B","date":"2018-03-21T01:30:06.000Z","volume":10000,"label":" ","price":23.25},{"type":"B","date":"2018-03-21T01:30:06.000Z","volume":20000,"label":" ","price":23.25},{"type":"A","date":"2018-03-21T01:30:06.000Z","volume":23000,"label":" ","price":23.25},{"type":"A","date":"2018-03-21T01:30:06.000Z","volume":14000,"label":" ","price":23.25},{"type":"A","date":"2018-03-21T01:30:07.000Z","volume":24000,"label":" ","price":23.3},{"type":"B","date":"2018-03-21T01:30:09.000Z","volume":21000,"label":" ","price":23.3},{"type":"B","date":"2018-03-21T01:30:09.000Z","volume":14000,"label":" ","price":23.3},{"type":"B","date":"2018-03-21T01:30:09.000Z","volume":3000,"label":"Y","price":23.3},{"type":"B","date":"2018-03-21T01:30:10.000Z","volume":2000,"label":" ","price":23.3},{"type":"B","date":"2018-03-21T01:30:10.000Z","volume":1000,"label":" ","price":23.25},{"type":"A","date":"2018-03-21T01:30:10.000Z","volume":1000,"label":" ","price":23.3},{"type":"A","date":"2018-03-21T01:30:10.000Z","volume":2000,"label":" ","price":23.3},{"type":"A","date":"2018-03-21T01:30:10.000Z","volume":3000,"label":" ","price":23.3},{"type":"A","date":"2018-03-21T01:30:10.000Z","volume":2000,"label":" ","price":23.3},{"type":"B","date":"2018-03-21T01:30:10.000Z","volume":3000,"label":" ","price":23.25},{"type":"B","date":"2018-03-21T01:30:10.000Z","volume":1000,"label":" ","price":23.25},{"type":"B","date":"2018-03-21T01:30:10.000Z","volume":3000,"label":" ","price":23.2},{"type":"B","date":"2018-03-21T01:30:11.000Z","volume":2000,"label":" ","price":23.25},{"type":"B","date":"2018-03-21T01:30:12.000Z","volume":8000,"label":" ","price":23.25},{"type":"B","date":"2018-03-21T01:30:12.000Z","volume":20000,"label":" ","price":23.25},{"type":"B","date":"2018-03-21T01:30:13.000Z","volume":1000,"label":" ","price":23.25},{"type":"A","date":"2018-03-21T01:30:13.000Z","volume":1000,"label":" ","price":23.3},{"type":"B","date":"2018-03-21T01:30:14.000Z","volume":4000,"label":" ","price":23.25},{"type":"B","date":"2018-03-21T01:30:15.000Z","volume":5000,"label":" ","price":23.25},{"type":"B","date":"2018-03-21T01:30:16.000Z","volume":4000,"label":" ","price":23.25},{"type":"B","date":"2018-03-21T01:30:16.000Z","volume":20000,"label":" ","price":23.25},{"type":"B","date":"2018-03-21T01:30:16.000Z","volume":3000,"label":" ","price":23.2},{"type":"A","date":"2018-03-21T01:30:16.000Z","volume":5000,"label":" ","price":23.3},{"type":"B","date":"2018-03-21T01:30:19.000Z","volume":1000,"label":" ","price":23.2},{"type":"B","date":"2018-03-21T01:30:22.000Z","volume":2000,"label":" ","price":23.25},{"type":"B","date":"2018-03-21T01:30:23.000Z","volume":1000,"label":" ","price":23.25},{"type":"B","date":"2018-03-21T01:30:24.000Z","volume":2000,"label":" ","price":23.25},{"type":"B","date":"2018-03-21T01:30:25.000Z","volume":2000,"label":" ","price":23.25},{"type":"B","date":"2018-03-21T01:30:26.000Z","volume":1000,"label":" ","price":23.25},{"type":"B","date":"2018-03-21T01:30:28.000Z","volume":1000,"label":" ","price":23.25},{"type":"B","date":"2018-03-21T01:30:28.000Z","volume":5000,"label":" ","price":23.25},{"type":"B","date":"2018-03-21T01:30:28.000Z","volume":24000,"label":" ","price":23.25},{"type":"B","date":"2018-03-21T01:30:28.000Z","volume":2000,"label":" ","price":23.25},{"type":"A","date":"2018-03-21T01:30:29.000Z","volume":10000,"label":" ","price":23.25},{"type":"A","date":"2018-03-21T01:30:30.000Z","volume":2000,"label":" ","price":23.25},{"type":"B","date":"2018-03-21T01:30:30.000Z","volume":1000,"label":" ","price":23.2},{"type":"A","date":"2018-03-21T01:30:31.000Z","volume":1000,"label":" ","price":23.25},{"type":"A","date":"2018-03-21T01:30:33.000Z","volume":10000,"label":" ","price":23.25},{"type":"A","date":"2018-03-21T01:30:35.000Z","volume":3000,"label":"Y","price":23.25},{"type":"A","date":"2018-03-21T01:30:36.000Z","volume":2000,"label":" ","price":23.25},{"type":"B","date":"2018-03-21T01:30:36.000Z","volume":6000,"label":" ","price":23.2},{"type":"B","date":"2018-03-21T01:30:39.000Z","volume":50000,"label":" ","price":23.2},{"type":"B","date":"2018-03-21T01:30:39.000Z","volume":3000,"label":"Y","price":23.2},{"type":"B","date":"2018-03-21T01:30:39.000Z","volume":1000,"label":" ","price":23.2},{"type":"B","date":"2018-03-21T01:30:40.000Z","volume":3000,"label":" ","price":23.2},{"type":"B","date":"2018-03-21T01:30:51.000Z","volume":3000,"label":"Y","price":23.2},{"type":"B","date":"2018-03-21T01:31:01.000Z","volume":1000,"label":" ","price":23.2},{"type":"B","date":"2018-03-21T01:31:02.000Z","volume":5000,"label":" ","price":23.2},{"type":"B","date":"2018-03-21T01:31:03.000Z","volume":1000,"label":" ","price":23.2},{"type":"A","date":"2018-03-21T01:31:07.000Z","volume":1000,"label":" ","price":23.25},{"type":"U","date":"2018-03-21T01:31:07.000Z","volume":40,"label":"D","price":23.2},{"type":"A","date":"2018-03-21T01:31:08.000Z","volume":1000,"label":" ","price":23.25},{"type":"A","date":"2018-03-21T01:31:10.000Z","volume":2000,"label":" ","price":23.25},{"type":"A","date":"2018-03-21T01:31:12.000Z","volume":1000,"label":" ","price":23.25},{"type":"A","date":"2018-03-21T01:31:12.000Z","volume":1000,"label":" ","price":23.25},{"type":"B","date":"2018-03-21T01:31:13.000Z","volume":13000,"label":"Y","price":23.2},{"type":"B","date":"2018-03-21T01:31:13.000Z","volume":20000,"label":" ","price":23.2},{"type":"B","date":"2018-03-21T01:31:13.000Z","volume":24000,"label":" ","price":23.2},{"type":"B","date":"2018-03-21T01:31:14.000Z","volume":1000,"label":" ","price":23.2},{"type":"B","date":"2018-03-21T01:31:14.000Z","volume":1000,"label":" ","price":23.2},{"type":"U","date":"2018-03-21T01:31:15.000Z","volume":22000,"label":" ","price":23.2},{"type":"B","date":"2018-03-21T01:31:35.000Z","volume":32000,"label":" ","price":23.15},{"type":"B","date":"2018-03-21T01:31:51.000Z","volume":8000,"label":" ","price":23.15},{"type":"B","date":"2018-03-21T01:31:51.000Z","volume":3000,"label":" ","price":23.15},{"type":"A","date":"2018-03-21T01:32:02.000Z","volume":1000,"label":"Y","price":23.2},{"type":"B","date":"2018-03-21T01:32:05.000Z","volume":10000,"label":" ","price":23.15},{"type":"B","date":"2018-03-21T01:32:06.000Z","volume":3000,"label":" ","price":23.15},{"type":"A","date":"2018-03-21T01:32:19.000Z","volume":1000,"label":" ","price":23.2},{"type":"A","date":"2018-03-21T01:32:26.000Z","volume":2000,"label":" ","price":23.2},{"type":"A","date":"2018-03-21T01:32:28.000Z","volume":2000,"label":" ","price":23.2},{"type":"U","date":"2018-03-21T01:32:30.000Z","volume":1000,"label":"X","price":23.175},{"type":"A","date":"2018-03-21T01:32:34.000Z","volume":100000,"label":" ","price":23.2},{"type":"A","date":"2018-03-21T01:32:35.000Z","volume":25000,"label":" ","price":23.2},{"type":"A","date":"2018-03-21T01:32:35.000Z","volume":2000,"label":" ","price":23.2},{"type":"B","date":"2018-03-21T01:32:37.000Z","volume":7000,"label":" ","price":23.15},{"type":"B","date":"2018-03-21T01:32:37.000Z","volume":3000,"label":"Y","price":23.15},{"type":"B","date":"2018-03-21T01:32:37.000Z","volume":90000,"label":" ","price":23.15},{"type":"B","date":"2018-03-21T01:32:37.000Z","volume":17000,"label":" ","price":23.15},{"type":"B","date":"2018-03-21T01:32:42.000Z","volume":4000,"label":" ","price":23.15},{"type":"A","date":"2018-03-21T01:32:43.000Z","volume":37000,"label":" ","price":23.2},{"type":"A","date":"2018-03-21T01:32:46.000Z","volume":9000,"label":" ","price":23.2},{"type":"A","date":"2018-03-21T01:32:52.000Z","volume":1000,"label":" ","price":23.2},{"type":"A","date":"2018-03-21T01:32:52.000Z","volume":2000,"label":" ","price":23.2},{"type":"B","date":"2018-03-21T01:32:55.000Z","volume":3000,"label":" ","price":23.15},{"type":"A","date":"2018-03-21T01:32:59.000Z","volume":2000,"label":" ","price":23.2},{"type":"A","date":"2018-03-21T01:33:06.000Z","volume":10000,"label":" ","price":23.2},{"type":"B","date":"2018-03-21T01:33:08.000Z","volume":29000,"label":" ","price":23.15},{"type":"A","date":"2018-03-21T01:33:09.000Z","volume":1000,"label":" ","price":23.2},{"type":"A","date":"2018-03-21T01:33:19.000Z","volume":10000,"label":" ","price":23.2},{"type":"B","date":"2018-03-21T01:33:19.000Z","volume":1000,"label":" ","price":23.15},{"type":"A","date":"2018-03-21T01:33:34.000Z","volume":300000,"label":" ","price":23.2},{"type":"A","date":"2018-03-21T01:33:34.000Z","volume":35000,"label":" ","price":23.2},{"type":"B","date":"2018-03-21T01:33:36.000Z","volume":15000,"label":" ","price":23.2},{"type":"A","date":"2018-03-21T01:33:43.000Z","volume":2000,"label":" ","price":23.25},{"type":"B","date":"2018-03-21T01:33:45.000Z","volume":65000,"label":" ","price":23.2},{"type":"A","date":"2018-03-21T01:33:51.000Z","volume":2000,"label":" ","price":23.2},{"type":"A","date":"2018-03-21T01:33:51.000Z","volume":3000,"label":" ","price":23.2},{"type":"B","date":"2018-03-21T01:34:03.000Z","volume":72000,"label":" ","price":23.2},{"type":"B","date":"2018-03-21T01:34:04.000Z","volume":4000,"label":" ","price":23.2},{"type":"B","date":"2018-03-21T01:34:04.000Z","volume":1000,"label":" ","price":23.2},{"type":"B","date":"2018-03-21T01:34:04.000Z","volume":1000,"label":" ","price":23.2},{"type":"A","date":"2018-03-21T01:34:15.000Z","volume":5000,"label":" ","price":23.2},{"type":"A","date":"2018-03-21T01:34:18.000Z","volume":5000,"label":" ","price":23.2},{"type":"A","date":"2018-03-21T01:34:21.000Z","volume":3000,"label":" ","price":23.2},{"type":"A","date":"2018-03-21T01:34:39.000Z","volume":2000,"label":" ","price":23.2},{"type":"A","date":"2018-03-21T01:34:40.000Z","volume":5000,"label":" ","price":23.2},{"type":"A","date":"2018-03-21T01:34:44.000Z","volume":20000,"label":" ","price":23.2},{"type":"A","date":"2018-03-21T01:34:44.000Z","volume":23000,"label":" ","price":23.2},{"type":"B","date":"2018-03-21T01:35:03.000Z","volume":2000,"label":" ","price":23.2},{"type":"B","date":"2018-03-21T01:35:07.000Z","volume":7000,"label":" ","price":23.2},{"type":"B","date":"2018-03-21T01:35:24.000Z","volume":2000,"label":" ","price":23.2},{"type":"B","date":"2018-03-21T01:35:56.000Z","volume":50000,"label":" ","price":23.2},{"type":"B","date":"2018-03-21T01:35:56.000Z","volume":4000,"label":" ","price":23.2},{"type":"B","date":"2018-03-21T01:35:56.000Z","volume":4000,"label":" ","price":23.2},{"type":"U","date":"2018-03-21T01:36:01.000Z","volume":2000,"label":" ","price":23.2},{"type":"A","date":"2018-03-21T01:36:02.000Z","volume":5000,"label":" ","price":23.25},{"type":"B","date":"2018-03-21T01:36:22.000Z","volume":1000,"label":" ","price":23.15},{"type":"A","date":"2018-03-21T01:36:40.000Z","volume":2000,"label":" ","price":23.2},{"type":"A","date":"2018-03-21T01:36:50.000Z","volume":1000,"label":" ","price":23.2},{"type":"A","date":"2018-03-21T01:36:59.000Z","volume":1000,"label":" ","price":23.2},{"type":"A","date":"2018-03-21T01:37:03.000Z","volume":3000,"label":" ","price":23.2},{"type":"A","date":"2018-03-21T01:37:05.000Z","volume":1000,"label":" ","price":23.2},{"type":"A","date":"2018-03-21T01:37:06.000Z","volume":2000,"label":" ","price":23.2},{"type":"A","date":"2018-03-21T01:37:10.000Z","volume":10000,"label":" ","price":23.2},{"type":"A","date":"2018-03-21T01:37:16.000Z","volume":1000,"label":" ","price":23.2},{"type":"A","date":"2018-03-21T01:37:38.000Z","volume":3000,"label":" ","price":23.2},{"type":"A","date":"2018-03-21T01:37:54.000Z","volume":204000,"label":" ","price":23.2},{"type":"A","date":"2018-03-21T01:37:54.000Z","volume":8000,"label":" ","price":23.2},{"type":"A","date":"2018-03-21T01:37:54.000Z","volume":73000,"label":" ","price":23.2},{"type":"A","date":"2018-03-21T01:37:54.000Z","volume":1000,"label":" ","price":23.2},{"type":"B","date":"2018-03-21T01:37:54.000Z","volume":1000,"label":" ","price":23.2},{"type":"B","date":"2018-03-21T01:38:08.000Z","volume":1000,"label":" ","price":23.2},{"type":"B","date":"2018-03-21T01:38:11.000Z","volume":5000,"label":" ","price":23.2},{"type":"U","date":"2018-03-21T01:38:13.000Z","volume":155,"label":"D","price":22.8},{"type":"A","date":"2018-03-21T01:38:17.000Z","volume":10000,"label":" ","price":23.2},{"type":"B","date":"2018-03-21T01:38:26.000Z","volume":19000,"label":" ","price":23.2},{"type":"A","date":"2018-03-21T01:38:32.000Z","volume":5000,"label":" ","price":23.25},{"type":"B","date":"2018-03-21T01:38:33.000Z","volume":1000,"label":" ","price":23.2},{"type":"B","date":"2018-03-21T01:38:37.000Z","volume":1000,"label":" ","price":23.2},{"type":"A","date":"2018-03-21T01:38:39.000Z","volume":1000,"label":" ","price":23.25},{"type":"B","date":"2018-03-21T01:38:41.000Z","volume":2000,"label":"Y","price":23.2},{"type":"B","date":"2018-03-21T01:38:51.000Z","volume":4000,"label":"Y","price":23.2},{"type":"B","date":"2018-03-21T01:39:00.000Z","volume":3000,"label":" ","price":23.2},{"type":"A","date":"2018-03-21T01:39:03.000Z","volume":1000,"label":" ","price":23.25},{"type":"B","date":"2018-03-21T01:39:14.000Z","volume":10000,"label":" ","price":23.2},{"type":"U","date":"2018-03-21T01:39:33.000Z","volume":32,"label":"D","price":23.2},{"type":"U","date":"2018-03-21T01:39:40.000Z","volume":1000,"label":"X","price":23.2},{"type":"B","date":"2018-03-21T01:39:43.000Z","volume":15000,"label":" ","price":23.2},{"type":"B","date":"2018-03-21T01:39:46.000Z","volume":1000,"label":" ","price":23.2},{"type":"B","date":"2018-03-21T01:40:08.000Z","volume":27000,"label":" ","price":23.2},{"type":"B","date":"2018-03-21T01:40:08.000Z","volume":237000,"label":" ","price":23.2},{"type":"B","date":"2018-03-21T01:40:08.000Z","volume":6000,"label":" ","price":23.2},{"type":"B","date":"2018-03-21T01:40:08.000Z","volume":5000,"label":" ","price":23.2},{"type":"B","date":"2018-03-21T01:40:08.000Z","volume":12000,"label":" ","price":23.2},{"type":"A","date":"2018-03-21T01:40:11.000Z","volume":2000,"label":" ","price":23.2},{"type":"A","date":"2018-03-21T01:40:13.000Z","volume":1000,"label":" ","price":23.2},{"type":"A","date":"2018-03-21T01:40:13.000Z","volume":82000,"label":" ","price":23.2},{"type":"A","date":"2018-03-21T01:40:21.000Z","volume":102000,"label":" ","price":23.2},{"type":"A","date":"2018-03-21T01:40:21.000Z","volume":1000,"label":" ","price":23.2},{"type":"A","date":"2018-03-21T01:40:21.000Z","volume":28000,"label":" ","price":23.2},{"type":"A","date":"2018-03-21T01:40:21.000Z","volume":4000,"label":" ","price":23.2},{"type":"A","date":"2018-03-21T01:40:21.000Z","volume":2000,"label":" ","price":23.2},{"type":"A","date":"2018-03-21T01:40:22.000Z","volume":5000,"label":" ","price":23.2},{"type":"A","date":"2018-03-21T01:40:22.000Z","volume":1000,"label":" ","price":23.2},{"type":"A","date":"2018-03-21T01:40:24.000Z","volume":3000,"label":" ","price":23.2},{"type":"B","date":"2018-03-21T01:40:27.000Z","volume":5000,"label":" ","price":23.15},{"type":"B","date":"2018-03-21T01:40:28.000Z","volume":10000,"label":" ","price":23.15},{"type":"A","date":"2018-03-21T01:40:46.000Z","volume":21000,"label":" ","price":23.2},{"type":"U","date":"2018-03-21T01:40:46.000Z","volume":1000,"label":"X","price":23.2},{"type":"U","date":"2018-03-21T01:41:07.000Z","volume":155,"label":"D","price":22.95},{"type":"A","date":"2018-03-21T01:41:21.000Z","volume":1000,"label":" ","price":23.2},{"type":"B","date":"2018-03-21T01:41:28.000Z","volume":2000,"label":" ","price":23.15},{"type":"A","date":"2018-03-21T01:41:58.000Z","volume":3000,"label":" ","price":23.2},{"type":"A","date":"2018-03-21T01:42:01.000Z","volume":10000,"label":" ","price":23.2},{"type":"A","date":"2018-03-21T01:42:03.000Z","volume":1000,"label":" ","price":23.2},{"type":"B","date":"2018-03-21T01:42:06.000Z","volume":2000,"label":"Y","price":23.15},{"type":"A","date":"2018-03-21T01:42:14.000Z","volume":10000,"label":" ","price":23.2},{"type":"B","date":"2018-03-21T01:42:21.000Z","volume":5000,"label":" ","price":23.15},{"type":"A","date":"2018-03-21T01:42:25.000Z","volume":2000,"label":" ","price":23.2},{"type":"B","date":"2018-03-21T01:42:36.000Z","volume":2000,"label":" ","price":23.15},{"type":"B","date":"2018-03-21T01:43:09.000Z","volume":1000,"label":" ","price":23.15},{"type":"A","date":"2018-03-21T01:43:19.000Z","volume":10000,"label":" ","price":23.2},{"type":"A","date":"2018-03-21T01:44:10.000Z","volume":2000,"label":" ","price":23.2},{"type":"A","date":"2018-03-21T01:44:58.000Z","volume":20000,"label":" ","price":23.2},{"type":"B","date":"2018-03-21T01:45:07.000Z","volume":180000,"label":" ","price":23.15},{"type":"B","date":"2018-03-21T01:45:07.000Z","volume":173000,"label":" ","price":23.15},{"type":"B","date":"2018-03-21T01:45:07.000Z","volume":357000,"label":" ","price":23.15},{"type":"B","date":"2018-03-21T01:45:07.000Z","volume":7000,"label":" ","price":23.15},{"type":"B","date":"2018-03-21T01:45:07.000Z","volume":11000,"label":" ","price":23.15},{"type":"B","date":"2018-03-21T01:45:07.000Z","volume":1000,"label":" ","price":23.15},{"type":"B","date":"2018-03-21T01:45:07.000Z","volume":1000,"label":" ","price":23.15},{"type":"B","date":"2018-03-21T01:45:16.000Z","volume":1000,"label":" ","price":23.1},{"type":"B","date":"2018-03-21T01:45:24.000Z","volume":150000,"label":" ","price":23.1},{"type":"B","date":"2018-03-21T01:45:30.000Z","volume":150000,"label":" ","price":23.1},{"type":"B","date":"2018-03-21T01:45:30.000Z","volume":131000,"label":" ","price":23.1},{"type":"A","date":"2018-03-21T01:45:31.000Z","volume":4000,"label":" ","price":23.1},{"type":"U","date":"2018-03-21T01:45:36.000Z","volume":13000,"label":"X","price":23.1},{"type":"A","date":"2018-03-21T01:45:38.000Z","volume":93000,"label":" ","price":23.1},{"type":"A","date":"2018-03-21T01:45:40.000Z","volume":25000,"label":" ","price":23.1},{"type":"A","date":"2018-03-21T01:45:55.000Z","volume":1000,"label":" ","price":23.1},{"type":"U","date":"2018-03-21T01:46:09.000Z","volume":12000,"label":"X","price":23.1},{"type":"B","date":"2018-03-21T01:46:19.000Z","volume":3000,"label":" ","price":23.05},{"type":"A","date":"2018-03-21T01:46:54.000Z","volume":57000,"label":" ","price":23.1},{"type":"B","date":"2018-03-21T01:47:28.000Z","volume":2000,"label":" ","price":23.05},{"type":"A","date":"2018-03-21T01:47:57.000Z","volume":20000,"label":" ","price":23.1},{"type":"A","date":"2018-03-21T01:48:25.000Z","volume":1000,"label":" ","price":23.1},{"type":"A","date":"2018-03-21T01:48:26.000Z","volume":5000,"label":" ","price":23.1},{"type":"U","date":"2018-03-21T01:48:27.000Z","volume":23000,"label":"X","price":23.1},{"type":"A","date":"2018-03-21T01:48:27.000Z","volume":1000,"label":" ","price":23.1},{"type":"A","date":"2018-03-21T01:48:47.000Z","volume":2000,"label":" ","price":23.1},{"type":"A","date":"2018-03-21T01:48:49.000Z","volume":2000,"label":" ","price":23.1},{"type":"A","date":"2018-03-21T01:48:49.000Z","volume":2000,"label":" ","price":23.1},{"type":"A","date":"2018-03-21T01:49:30.000Z","volume":3000,"label":" ","price":23.1},{"type":"B","date":"2018-03-21T01:49:32.000Z","volume":300000,"label":" ","price":23.05},{"type":"B","date":"2018-03-21T01:49:32.000Z","volume":131000,"label":" ","price":23.05},{"type":"B","date":"2018-03-21T01:49:32.000Z","volume":24000,"label":" ","price":23.05},{"type":"A","date":"2018-03-21T01:49:35.000Z","volume":2000,"label":" ","price":23.05},{"type":"A","date":"2018-03-21T01:49:50.000Z","volume":100000,"label":" ","price":23.05},{"type":"A","date":"2018-03-21T01:50:47.000Z","volume":4000,"label":"Y","price":23.05},{"type":"A","date":"2018-03-21T01:50:47.000Z","volume":6000,"label":" ","price":23.05},{"type":"A","date":"2018-03-21T01:50:57.000Z","volume":1000,"label":"Y","price":23.05},{"type":"B","date":"2018-03-21T01:51:00.000Z","volume":3000,"label":" ","price":23},{"type":"A","date":"2018-03-21T01:51:07.000Z","volume":2000,"label":" ","price":23.05},{"type":"A","date":"2018-03-21T01:51:12.000Z","volume":12000,"label":" ","price":23.05},{"type":"A","date":"2018-03-21T01:51:34.000Z","volume":10000,"label":" ","price":23.05},{"type":"B","date":"2018-03-21T01:51:37.000Z","volume":1000,"label":" ","price":23},{"type":"A","date":"2018-03-21T01:51:53.000Z","volume":2000,"label":" ","price":23.05},{"type":"B","date":"2018-03-21T01:52:01.000Z","volume":3000,"label":" ","price":23},{"type":"B","date":"2018-03-21T01:52:34.000Z","volume":2000,"label":" ","price":23},{"type":"A","date":"2018-03-21T01:52:36.000Z","volume":1000,"label":" ","price":23.05},{"type":"B","date":"2018-03-21T01:52:55.000Z","volume":6000,"label":" ","price":23},{"type":"A","date":"2018-03-21T01:52:56.000Z","volume":10000,"label":" ","price":23.05},{"type":"A","date":"2018-03-21T01:52:58.000Z","volume":3000,"label":" ","price":23.05},{"type":"A","date":"2018-03-21T01:53:05.000Z","volume":2000,"label":" ","price":23.05},{"type":"A","date":"2018-03-21T01:53:12.000Z","volume":1000,"label":" ","price":23.05},{"type":"A","date":"2018-03-21T01:53:18.000Z","volume":5000,"label":" ","price":23.05},{"type":"A","date":"2018-03-21T01:53:19.000Z","volume":200000,"label":" ","price":23.05},{"type":"A","date":"2018-03-21T01:53:19.000Z","volume":78000,"label":" ","price":23.05},{"type":"A","date":"2018-03-21T01:53:19.000Z","volume":13000,"label":" ","price":23.05},{"type":"A","date":"2018-03-21T01:53:20.000Z","volume":1000,"label":" ","price":23.05},{"type":"A","date":"2018-03-21T01:53:51.000Z","volume":10000,"label":" ","price":23.1},{"type":"A","date":"2018-03-21T01:54:19.000Z","volume":1000,"label":" ","price":23.1},{"type":"B","date":"2018-03-21T01:54:27.000Z","volume":2000,"label":" ","price":23.05},{"type":"A","date":"2018-03-21T01:54:36.000Z","volume":1000,"label":" ","price":23.1},{"type":"B","date":"2018-03-21T01:54:41.000Z","volume":20000,"label":" ","price":23.05},{"type":"B","date":"2018-03-21T01:54:46.000Z","volume":50000,"label":" ","price":23.05},{"type":"B","date":"2018-03-21T01:55:11.000Z","volume":2000,"label":" ","price":23.05},{"type":"A","date":"2018-03-21T01:55:11.000Z","volume":30000,"label":" ","price":23.1},{"type":"A","date":"2018-03-21T01:55:17.000Z","volume":2000,"label":" ","price":23.1},{"type":"A","date":"2018-03-21T01:55:44.000Z","volume":2000,"label":" ","price":23.1},{"type":"A","date":"2018-03-21T01:56:08.000Z","volume":10000,"label":" ","price":23.1},{"type":"A","date":"2018-03-21T01:56:35.000Z","volume":150000,"label":" ","price":23.1},{"type":"A","date":"2018-03-21T01:57:04.000Z","volume":2000,"label":" ","price":23.1},{"type":"A","date":"2018-03-21T01:57:26.000Z","volume":8000,"label":" ","price":23.1},{"type":"A","date":"2018-03-21T01:57:38.000Z","volume":10000,"label":" ","price":23.1},{"type":"A","date":"2018-03-21T01:57:43.000Z","volume":10000,"label":" ","price":23.1},{"type":"A","date":"2018-03-21T01:57:44.000Z","volume":1000,"label":" ","price":23.1},{"type":"A","date":"2018-03-21T01:57:48.000Z","volume":9000,"label":" ","price":23.1},{"type":"A","date":"2018-03-21T01:57:50.000Z","volume":14000,"label":" ","price":23.1},{"type":"A","date":"2018-03-21T01:57:51.000Z","volume":4000,"label":" ","price":23.1},{"type":"U","date":"2018-03-21T01:57:56.000Z","volume":480,"label":"D","price":22.85},{"type":"A","date":"2018-03-21T01:58:30.000Z","volume":1000,"label":" ","price":23.1},{"type":"A","date":"2018-03-21T01:58:41.000Z","volume":224000,"label":" ","price":23.1},{"type":"B","date":"2018-03-21T01:58:41.000Z","volume":64000,"label":" ","price":23.1},{"type":"B","date":"2018-03-21T01:58:41.000Z","volume":1000,"label":" ","price":23.1},{"type":"B","date":"2018-03-21T01:58:45.000Z","volume":1000,"label":" ","price":23.1},{"type":"B","date":"2018-03-21T01:58:48.000Z","volume":24000,"label":" ","price":23.1},{"type":"B","date":"2018-03-21T01:58:50.000Z","volume":66000,"label":" ","price":23.1},{"type":"B","date":"2018-03-21T01:58:50.000Z","volume":3000,"label":" ","price":23.1},{"type":"A","date":"2018-03-21T01:58:50.000Z","volume":7000,"label":" ","price":23.1},{"type":"A","date":"2018-03-21T01:58:52.000Z","volume":100000,"label":" ","price":23.1},{"type":"A","date":"2018-03-21T01:59:12.000Z","volume":1000,"label":" ","price":23.1},{"type":"A","date":"2018-03-21T01:59:33.000Z","volume":1000,"label":" ","price":23.1},{"type":"B","date":"2018-03-21T01:59:34.000Z","volume":10000,"label":" ","price":23.05},{"type":"B","date":"2018-03-21T01:59:43.000Z","volume":2000,"label":" ","price":23.05},{"type":"B","date":"2018-03-21T01:59:50.000Z","volume":188000,"label":" ","price":23.05},{"type":"B","date":"2018-03-21T01:59:50.000Z","volume":10000,"label":" ","price":23.05},{"type":"B","date":"2018-03-21T01:59:50.000Z","volume":7000,"label":" ","price":23.05},{"type":"A","date":"2018-03-21T02:00:07.000Z","volume":3000,"label":" ","price":23.05},{"type":"A","date":"2018-03-21T02:00:17.000Z","volume":6000,"label":" ","price":23.05},{"type":"A","date":"2018-03-21T02:00:21.000Z","volume":6000,"label":" ","price":23.05},{"type":"A","date":"2018-03-21T02:00:22.000Z","volume":2000,"label":" ","price":23.05},{"type":"A","date":"2018-03-21T02:00:37.000Z","volume":1000,"label":"Y","price":23.05},{"type":"A","date":"2018-03-21T02:00:37.000Z","volume":132000,"label":" ","price":23.05},{"type":"B","date":"2018-03-21T02:01:05.000Z","volume":14000,"label":" ","price":23.05},{"type":"B","date":"2018-03-21T02:01:05.000Z","volume":17000,"label":" ","price":23.05},{"type":"A","date":"2018-03-21T02:01:05.000Z","volume":2000,"label":" ","price":23.05},{"type":"A","date":"2018-03-21T02:01:06.000Z","volume":23000,"label":" ","price":23.05},{"type":"B","date":"2018-03-21T02:01:15.000Z","volume":3000,"label":" ","price":23.05},{"type":"B","date":"2018-03-21T02:01:15.000Z","volume":1000,"label":" ","price":23.05},{"type":"A","date":"2018-03-21T02:01:21.000Z","volume":1000,"label":" ","price":23.05},{"type":"A","date":"2018-03-21T02:01:25.000Z","volume":1000,"label":" ","price":23.05},{"type":"B","date":"2018-03-21T02:01:28.000Z","volume":4000,"label":" ","price":23.05},{"type":"B","date":"2018-03-21T02:01:39.000Z","volume":3000,"label":" ","price":23.05},{"type":"B","date":"2018-03-21T02:01:39.000Z","volume":10000,"label":" ","price":23.05},{"type":"A","date":"2018-03-21T02:01:39.000Z","volume":6000,"label":" ","price":23.05},{"type":"A","date":"2018-03-21T02:01:48.000Z","volume":7000,"label":" ","price":23.05},{"type":"B","date":"2018-03-21T02:01:50.000Z","volume":1000,"label":" ","price":23.05},{"type":"B","date":"2018-03-21T02:01:59.000Z","volume":1000,"label":" ","price":23.05},{"type":"B","date":"2018-03-21T02:02:01.000Z","volume":5000,"label":" ","price":23.05},{"type":"A","date":"2018-03-21T02:02:07.000Z","volume":2000,"label":" ","price":23.05},{"type":"B","date":"2018-03-21T02:02:08.000Z","volume":5000,"label":" ","price":23.05},{"type":"A","date":"2018-03-21T02:02:37.000Z","volume":12000,"label":"Y","price":23.1},{"type":"A","date":"2018-03-21T02:02:37.000Z","volume":412000,"label":" ","price":23.1},{"type":"A","date":"2018-03-21T02:02:37.000Z","volume":74000,"label":" ","price":23.1},{"type":"A","date":"2018-03-21T02:02:37.000Z","volume":2000,"label":" ","price":23.1},{"type":"U","date":"2018-03-21T02:02:37.000Z","volume":12000,"label":" ","price":23.1},{"type":"U","date":"2018-03-21T02:02:37.000Z","volume":1000,"label":" ","price":23.1},{"type":"A","date":"2018-03-21T02:02:37.000Z","volume":5000,"label":" ","price":23.1},{"type":"U","date":"2018-03-21T02:02:43.000Z","volume":1000,"label":"X","price":23.1},{"type":"A","date":"2018-03-21T02:02:54.000Z","volume":12000,"label":"Y","price":23.1},{"type":"A","date":"2018-03-21T02:02:54.000Z","volume":121000,"label":" ","price":23.1},{"type":"B","date":"2018-03-21T02:03:00.000Z","volume":445000,"label":" ","price":23.1},{"type":"B","date":"2018-03-21T02:03:00.000Z","volume":111000,"label":" ","price":23.05},{"type":"B","date":"2018-03-21T02:03:00.000Z","volume":57000,"label":" ","price":23.05},{"type":"A","date":"2018-03-21T02:03:17.000Z","volume":23000,"label":" ","price":23.05},{"type":"A","date":"2018-03-21T02:03:19.000Z","volume":1000,"label":"Y","price":23.05},{"type":"A","date":"2018-03-21T02:03:19.000Z","volume":13000,"label":" ","price":23.05},{"type":"A","date":"2018-03-21T02:03:22.000Z","volume":40000,"label":" ","price":23.05},{"type":"U","date":"2018-03-21T02:03:22.000Z","volume":18000,"label":" ","price":23.05},{"type":"A","date":"2018-03-21T02:03:22.000Z","volume":9000,"label":" ","price":23.05},{"type":"U","date":"2018-03-21T02:03:28.000Z","volume":14000,"label":" ","price":23.05},{"type":"A","date":"2018-03-21T02:03:31.000Z","volume":10000,"label":" ","price":23.05},{"type":"A","date":"2018-03-21T02:03:37.000Z","volume":3000,"label":" ","price":23.05},{"type":"A","date":"2018-03-21T02:03:38.000Z","volume":4000,"label":" ","price":23.05},{"type":"B","date":"2018-03-21T02:03:42.000Z","volume":2000,"label":" ","price":23.05},{"type":"A","date":"2018-03-21T02:03:42.000Z","volume":18000,"label":" ","price":23.05},{"type":"A","date":"2018-03-21T02:03:43.000Z","volume":1000,"label":" ","price":23.05},{"type":"A","date":"2018-03-21T02:03:50.000Z","volume":10000,"label":" ","price":23.05},{"type":"A","date":"2018-03-21T02:04:16.000Z","volume":4000,"label":" ","price":23.05},{"type":"A","date":"2018-03-21T02:04:18.000Z","volume":10000,"label":" ","price":23.05},{"type":"A","date":"2018-03-21T02:04:29.000Z","volume":3000,"label":"Y","price":23.05},{"type":"A","date":"2018-03-21T02:04:31.000Z","volume":5000,"label":" ","price":23.05},{"type":"A","date":"2018-03-21T02:05:05.000Z","volume":1000,"label":" ","price":23.05},{"type":"A","date":"2018-03-21T02:05:11.000Z","volume":3000,"label":" ","price":23.05},{"type":"A","date":"2018-03-21T02:05:13.000Z","volume":85000,"label":" ","price":23.05},{"type":"A","date":"2018-03-21T02:05:13.000Z","volume":18000,"label":" ","price":23.05},{"type":"A","date":"2018-03-21T02:05:13.000Z","volume":13000,"label":" ","price":23.05},{"type":"B","date":"2018-03-21T02:05:15.000Z","volume":9000,"label":" ","price":23.05},{"type":"B","date":"2018-03-21T02:05:20.000Z","volume":20000,"label":" ","price":23.05},{"type":"B","date":"2018-03-21T02:05:23.000Z","volume":12000,"label":" ","price":23.05},{"type":"A","date":"2018-03-21T02:05:26.000Z","volume":4000,"label":" ","price":23.05},{"type":"A","date":"2018-03-21T02:05:32.000Z","volume":4000,"label":" ","price":23.05},{"type":"A","date":"2018-03-21T02:05:32.000Z","volume":1000,"label":" ","price":23.05},{"type":"U","date":"2018-03-21T02:05:36.000Z","volume":1000,"label":" ","price":23.05},{"type":"B","date":"2018-03-21T02:05:40.000Z","volume":10000,"label":" ","price":23.05},{"type":"U","date":"2018-03-21T02:05:42.000Z","volume":1000,"label":"X","price":23.05},{"type":"B","date":"2018-03-21T02:05:53.000Z","volume":2000,"label":" ","price":23},{"type":"A","date":"2018-03-21T02:05:55.000Z","volume":4000,"label":" ","price":23.05},{"type":"A","date":"2018-03-21T02:06:05.000Z","volume":2000,"label":" ","price":23.05},{"type":"A","date":"2018-03-21T02:06:09.000Z","volume":5000,"label":" ","price":23.05},{"type":"A","date":"2018-03-21T02:06:16.000Z","volume":3000,"label":"Y","price":23.05},{"type":"U","date":"2018-03-21T02:06:16.000Z","volume":3000,"label":"X","price":23.05},{"type":"A","date":"2018-03-21T02:06:17.000Z","volume":3000,"label":" ","price":23.05},{"type":"A","date":"2018-03-21T02:06:19.000Z","volume":1000,"label":" ","price":23.05},{"type":"A","date":"2018-03-21T02:06:27.000Z","volume":19000,"label":"Y","price":23.05},{"type":"A","date":"2018-03-21T02:06:32.000Z","volume":1000,"label":" ","price":23.05},{"type":"A","date":"2018-03-21T02:06:40.000Z","volume":3000,"label":" ","price":23.05},{"type":"B","date":"2018-03-21T02:06:59.000Z","volume":90000,"label":" ","price":23},{"type":"A","date":"2018-03-21T02:07:06.000Z","volume":4000,"label":" ","price":23.05},{"type":"U","date":"2018-03-21T02:07:06.000Z","volume":1000,"label":"X","price":23.05},{"type":"A","date":"2018-03-21T02:07:26.000Z","volume":3000,"label":" ","price":23.05},{"type":"A","date":"2018-03-21T02:07:29.000Z","volume":2000,"label":" ","price":23.05},{"type":"A","date":"2018-03-21T02:07:37.000Z","volume":3000,"label":" ","price":23.05},{"type":"A","date":"2018-03-21T02:07:39.000Z","volume":3000,"label":" ","price":23.05},{"type":"A","date":"2018-03-21T02:08:02.000Z","volume":4000,"label":"Y","price":23.05},{"type":"A","date":"2018-03-21T02:08:02.000Z","volume":1000,"label":" ","price":23.05},{"type":"A","date":"2018-03-21T02:08:02.000Z","volume":3000,"label":" ","price":23.05},{"type":"A","date":"2018-03-21T02:08:03.000Z","volume":4000,"label":" ","price":23.05},{"type":"A","date":"2018-03-21T02:08:03.000Z","volume":1000,"label":" ","price":23.05},{"type":"U","date":"2018-03-21T02:08:05.000Z","volume":1000,"label":"X","price":23.05},{"type":"A","date":"2018-03-21T02:08:06.000Z","volume":8000,"label":" ","price":23.05},{"type":"A","date":"2018-03-21T02:08:06.000Z","volume":1000,"label":" ","price":23.05},{"type":"A","date":"2018-03-21T02:08:06.000Z","volume":1000,"label":" ","price":23.05},{"type":"U","date":"2018-03-21T02:08:08.000Z","volume":10000,"label":" ","price":23.05},{"type":"U","date":"2018-03-21T02:08:08.000Z","volume":2000,"label":" ","price":23.05},{"type":"B","date":"2018-03-21T02:08:11.000Z","volume":5000,"label":" ","price":23.05},{"type":"B","date":"2018-03-21T02:08:12.000Z","volume":20000,"label":" ","price":23},{"type":"B","date":"2018-03-21T02:08:17.000Z","volume":1000,"label":" ","price":23},{"type":"A","date":"2018-03-21T02:08:19.000Z","volume":2000,"label":" ","price":23.05},{"type":"A","date":"2018-03-21T02:08:29.000Z","volume":9000,"label":" ","price":23.05},{"type":"A","date":"2018-03-21T02:08:37.000Z","volume":1000,"label":" ","price":23.05},{"type":"A","date":"2018-03-21T02:08:37.000Z","volume":2000,"label":" ","price":23.05},{"type":"A","date":"2018-03-21T02:08:39.000Z","volume":2000,"label":" ","price":23.05},{"type":"A","date":"2018-03-21T02:08:39.000Z","volume":18000,"label":" ","price":23.05},{"type":"B","date":"2018-03-21T02:08:41.000Z","volume":7000,"label":" ","price":23.05},{"type":"U","date":"2018-03-21T02:08:44.000Z","volume":22000,"label":"X","price":23.05},{"type":"A","date":"2018-03-21T02:08:49.000Z","volume":3000,"label":" ","price":23.1},{"type":"B","date":"2018-03-21T02:08:54.000Z","volume":2000,"label":" ","price":23.05},{"type":"B","date":"2018-03-21T02:09:01.000Z","volume":1000,"label":" ","price":23.05},{"type":"A","date":"2018-03-21T02:09:30.000Z","volume":2000,"label":" ","price":23.1},{"type":"A","date":"2018-03-21T02:09:32.000Z","volume":20000,"label":" ","price":23.1},{"type":"A","date":"2018-03-21T02:09:48.000Z","volume":1000,"label":" ","price":23.1},{"type":"B","date":"2018-03-21T02:09:51.000Z","volume":5000,"label":" ","price":23.05},{"type":"A","date":"2018-03-21T02:09:53.000Z","volume":280000,"label":" ","price":23.1},{"type":"A","date":"2018-03-21T02:09:53.000Z","volume":12000,"label":" ","price":23.1},{"type":"A","date":"2018-03-21T02:09:53.000Z","volume":18000,"label":" ","price":23.1},{"type":"A","date":"2018-03-21T02:09:53.000Z","volume":8000,"label":" ","price":23.1},{"type":"A","date":"2018-03-21T02:09:53.000Z","volume":1000,"label":" ","price":23.1},{"type":"A","date":"2018-03-21T02:09:53.000Z","volume":1000,"label":" ","price":23.1},{"type":"A","date":"2018-03-21T02:09:53.000Z","volume":1000,"label":" ","price":23.1},{"type":"A","date":"2018-03-21T02:10:02.000Z","volume":1000,"label":" ","price":23.1},{"type":"A","date":"2018-03-21T02:10:06.000Z","volume":3000,"label":" ","price":23.1},{"type":"A","date":"2018-03-21T02:10:07.000Z","volume":1000,"label":" ","price":23.1},{"type":"U","date":"2018-03-21T02:10:39.000Z","volume":1000,"label":"X","price":23.1},{"type":"A","date":"2018-03-21T02:10:44.000Z","volume":1000,"label":" ","price":23.1},{"type":"U","date":"2018-03-21T02:10:45.000Z","volume":950,"label":"D","price":22.85},{"type":"A","date":"2018-03-21T02:10:50.000Z","volume":5000,"label":" ","price":23.1},{"type":"A","date":"2018-03-21T02:11:03.000Z","volume":3000,"label":" ","price":23.1},{"type":"U","date":"2018-03-21T02:11:13.000Z","volume":6000,"label":"X","price":23.1},{"type":"A","date":"2018-03-21T02:11:13.000Z","volume":3000,"label":" ","price":23.1},{"type":"A","date":"2018-03-21T02:11:23.000Z","volume":1000,"label":" ","price":23.1},{"type":"A","date":"2018-03-21T02:11:26.000Z","volume":2000,"label":" ","price":23.1},{"type":"A","date":"2018-03-21T02:11:27.000Z","volume":10000,"label":" ","price":23.1},{"type":"A","date":"2018-03-21T02:11:27.000Z","volume":1000,"label":" ","price":23.1},{"type":"A","date":"2018-03-21T02:11:36.000Z","volume":1000,"label":" ","price":23.1},{"type":"A","date":"2018-03-21T02:11:37.000Z","volume":50000,"label":" ","price":23.1},{"type":"A","date":"2018-03-21T02:11:45.000Z","volume":1000,"label":" ","price":23.1},{"type":"U","date":"2018-03-21T02:11:54.000Z","volume":4000,"label":" ","price":23.1},{"type":"U","date":"2018-03-21T02:11:54.000Z","volume":6000,"label":" ","price":23.1},{"type":"A","date":"2018-03-21T02:11:54.000Z","volume":5000,"label":" ","price":23.1},{"type":"A","date":"2018-03-21T02:11:54.000Z","volume":1000,"label":" ","price":23.1},{"type":"A","date":"2018-03-21T02:11:56.000Z","volume":5000,"label":" ","price":23.1},{"type":"B","date":"2018-03-21T02:12:01.000Z","volume":14000,"label":" ","price":23.1},{"type":"A","date":"2018-03-21T02:12:08.000Z","volume":2000,"label":" ","price":23.1},{"type":"B","date":"2018-03-21T02:12:09.000Z","volume":3000,"label":" ","price":23.1},{"type":"B","date":"2018-03-21T02:12:10.000Z","volume":6000,"label":" ","price":23.1},{"type":"A","date":"2018-03-21T02:12:22.000Z","volume":3000,"label":" ","price":23.1},{"type":"A","date":"2018-03-21T02:12:24.000Z","volume":6000,"label":" ","price":23.1},{"type":"B","date":"2018-03-21T02:12:35.000Z","volume":1000,"label":" ","price":23.05},{"type":"A","date":"2018-03-21T02:12:39.000Z","volume":5000,"label":" ","price":23.1},{"type":"A","date":"2018-03-21T02:13:10.000Z","volume":2000,"label":" ","price":23.1},{"type":"A","date":"2018-03-21T02:13:11.000Z","volume":1000,"label":" ","price":23.1},{"type":"B","date":"2018-03-21T02:13:14.000Z","volume":10000,"label":" ","price":23.05},{"type":"B","date":"2018-03-21T02:13:30.000Z","volume":7000,"label":" ","price":23.05},{"type":"A","date":"2018-03-21T02:13:43.000Z","volume":2000,"label":" ","price":23.1},{"type":"A","date":"2018-03-21T02:13:44.000Z","volume":5000,"label":" ","price":23.1},{"type":"A","date":"2018-03-21T02:14:04.000Z","volume":6000,"label":" ","price":23.1},{"type":"A","date":"2018-03-21T02:14:06.000Z","volume":2000,"label":" ","price":23.1},{"type":"B","date":"2018-03-21T02:14:21.000Z","volume":9000,"label":" ","price":23.05},{"type":"U","date":"2018-03-21T02:14:30.000Z","volume":1000,"label":"X","price":23.1},{"type":"A","date":"2018-03-21T02:14:43.000Z","volume":2000,"label":" ","price":23.1},{"type":"A","date":"2018-03-21T02:14:46.000Z","volume":18000,"label":" ","price":23.1},{"type":"A","date":"2018-03-21T02:14:46.000Z","volume":6000,"label":" ","price":23.1},{"type":"B","date":"2018-03-21T02:14:49.000Z","volume":1000,"label":" ","price":23.05},{"type":"B","date":"2018-03-21T02:14:53.000Z","volume":106000,"label":" ","price":23.05},{"type":"B","date":"2018-03-21T02:15:17.000Z","volume":8000,"label":" ","price":23.05},{"type":"U","date":"2018-03-21T02:15:18.000Z","volume":6000,"label":"X","price":23.1},{"type":"A","date":"2018-03-21T02:15:22.000Z","volume":5000,"label":" ","price":23.1},{"type":"B","date":"2018-03-21T02:15:48.000Z","volume":2000,"label":" ","price":23.05},{"type":"A","date":"2018-03-21T02:15:52.000Z","volume":92000,"label":" ","price":23.1},{"type":"A","date":"2018-03-21T02:15:52.000Z","volume":8000,"label":" ","price":23.1},{"type":"A","date":"2018-03-21T02:15:52.000Z","volume":2000,"label":" ","price":23.1},{"type":"A","date":"2018-03-21T02:15:52.000Z","volume":2000,"label":" ","price":23.1},{"type":"U","date":"2018-03-21T02:15:58.000Z","volume":1000,"label":"X","price":23.1},{"type":"A","date":"2018-03-21T02:16:19.000Z","volume":15000,"label":" ","price":23.1},{"type":"A","date":"2018-03-21T02:16:19.000Z","volume":25000,"label":" ","price":23.1},{"type":"A","date":"2018-03-21T02:16:19.000Z","volume":2000,"label":" ","price":23.1},{"type":"A","date":"2018-03-21T02:16:19.000Z","volume":4000,"label":" ","price":23.1},{"type":"A","date":"2018-03-21T02:16:19.000Z","volume":3000,"label":" ","price":23.1},{"type":"A","date":"2018-03-21T02:16:52.000Z","volume":3000,"label":" ","price":23.1},{"type":"U","date":"2018-03-21T02:17:08.000Z","volume":1000,"label":"X","price":23.1},{"type":"A","date":"2018-03-21T02:17:10.000Z","volume":1000,"label":" ","price":23.1},{"type":"A","date":"2018-03-21T02:17:19.000Z","volume":1000,"label":" ","price":23.1},{"type":"B","date":"2018-03-21T02:17:20.000Z","volume":1000,"label":" ","price":23.05},{"type":"A","date":"2018-03-21T02:17:25.000Z","volume":45000,"label":" ","price":23.1},{"type":"A","date":"2018-03-21T02:17:25.000Z","volume":55000,"label":" ","price":23.1},{"type":"U","date":"2018-03-21T02:17:25.000Z","volume":1000,"label":"X","price":23.1},{"type":"A","date":"2018-03-21T02:17:35.000Z","volume":2000,"label":" ","price":23.1},{"type":"A","date":"2018-03-21T02:17:39.000Z","volume":41000,"label":" ","price":23.1},{"type":"U","date":"2018-03-21T02:17:39.000Z","volume":22000,"label":" ","price":23.1},{"type":"U","date":"2018-03-21T02:17:39.000Z","volume":11000,"label":" ","price":23.1},{"type":"B","date":"2018-03-21T02:17:40.000Z","volume":8000,"label":" ","price":23.1},{"type":"A","date":"2018-03-21T02:17:47.000Z","volume":16000,"label":" ","price":23.1},{"type":"U","date":"2018-03-21T02:17:47.000Z","volume":7000,"label":" ","price":23.1},{"type":"B","date":"2018-03-21T02:18:00.000Z","volume":8000,"label":" ","price":23.05},{"type":"A","date":"2018-03-21T02:18:09.000Z","volume":4000,"label":" ","price":23.1},{"type":"A","date":"2018-03-21T02:18:19.000Z","volume":2000,"label":" ","price":23.1},{"type":"U","date":"2018-03-21T02:18:25.000Z","volume":1000,"label":"X","price":23.1},{"type":"A","date":"2018-03-21T02:18:50.000Z","volume":10000,"label":" ","price":23.1},{"type":"B","date":"2018-03-21T02:19:07.000Z","volume":22000,"label":" ","price":23.05},{"type":"A","date":"2018-03-21T02:19:10.000Z","volume":1000,"label":" ","price":23.1},{"type":"U","date":"2018-03-21T02:19:26.000Z","volume":1000,"label":"X","price":23.1},{"type":"A","date":"2018-03-21T02:19:28.000Z","volume":2000,"label":" ","price":23.1},{"type":"B","date":"2018-03-21T02:19:46.000Z","volume":2000,"label":" ","price":23.05},{"type":"U","date":"2018-03-21T02:20:01.000Z","volume":5000,"label":"X","price":23.1},{"type":"B","date":"2018-03-21T02:20:06.000Z","volume":2000,"label":" ","price":23.05},{"type":"B","date":"2018-03-21T02:20:13.000Z","volume":8000,"label":" ","price":23.05},{"type":"A","date":"2018-03-21T02:20:14.000Z","volume":3000,"label":" ","price":23.1},{"type":"U","date":"2018-03-21T02:20:44.000Z","volume":1000,"label":"X","price":23.1},{"type":"A","date":"2018-03-21T02:21:05.000Z","volume":4000,"label":" ","price":23.1},{"type":"B","date":"2018-03-21T02:22:17.000Z","volume":8000,"label":" ","price":23.05},{"type":"A","date":"2018-03-21T02:23:01.000Z","volume":6000,"label":" ","price":23.1},{"type":"A","date":"2018-03-21T02:23:01.000Z","volume":6000,"label":" ","price":23.1},{"type":"B","date":"2018-03-21T02:23:26.000Z","volume":1000,"label":" ","price":23.05},{"type":"B","date":"2018-03-21T02:23:27.000Z","volume":9000,"label":" ","price":23.05},{"type":"B","date":"2018-03-21T02:23:31.000Z","volume":7000,"label":" ","price":23.05},{"type":"A","date":"2018-03-21T02:23:33.000Z","volume":5000,"label":" ","price":23.1},{"type":"A","date":"2018-03-21T02:23:35.000Z","volume":1000,"label":" ","price":23.1},{"type":"A","date":"2018-03-21T02:23:38.000Z","volume":1000,"label":" ","price":23.1},{"type":"U","date":"2018-03-21T02:23:39.000Z","volume":2000,"label":"X","price":23.1},{"type":"B","date":"2018-03-21T02:24:18.000Z","volume":8000,"label":" ","price":23.05},{"type":"A","date":"2018-03-21T02:24:39.000Z","volume":10000,"label":" ","price":23.1},{"type":"A","date":"2018-03-21T02:24:40.000Z","volume":1000,"label":" ","price":23.1},{"type":"B","date":"2018-03-21T02:24:43.000Z","volume":3000,"label":" ","price":23.05},{"type":"A","date":"2018-03-21T02:24:59.000Z","volume":1000,"label":" ","price":23.1},{"type":"B","date":"2018-03-21T02:25:27.000Z","volume":8000,"label":" ","price":23.05},{"type":"B","date":"2018-03-21T02:25:35.000Z","volume":6000,"label":" ","price":23.05},{"type":"U","date":"2018-03-21T02:25:36.000Z","volume":534,"label":"D","price":22.95},{"type":"U","date":"2018-03-21T02:25:36.000Z","volume":259,"label":"D","price":22.85},{"type":"U","date":"2018-03-21T02:25:39.000Z","volume":3000,"label":"X","price":23.1},{"type":"B","date":"2018-03-21T02:25:50.000Z","volume":15000,"label":" ","price":23.05},{"type":"B","date":"2018-03-21T02:26:11.000Z","volume":8000,"label":" ","price":23.05},{"type":"B","date":"2018-03-21T02:26:11.000Z","volume":61000,"label":" ","price":23.05},{"type":"B","date":"2018-03-21T02:26:11.000Z","volume":63000,"label":" ","price":23.05},{"type":"B","date":"2018-03-21T02:26:11.000Z","volume":25000,"label":" ","price":23.05},{"type":"U","date":"2018-03-21T02:26:12.000Z","volume":2000,"label":"X","price":23.1},{"type":"A","date":"2018-03-21T02:26:32.000Z","volume":1000,"label":" ","price":23.1},{"type":"B","date":"2018-03-21T02:26:49.000Z","volume":10000,"label":" ","price":23.05},{"type":"A","date":"2018-03-21T02:27:08.000Z","volume":4000,"label":" ","price":23.1},{"type":"A","date":"2018-03-21T02:27:16.000Z","volume":1000,"label":" ","price":23.1},{"type":"B","date":"2018-03-21T02:27:43.000Z","volume":1000,"label":" ","price":23.05},{"type":"B","date":"2018-03-21T02:27:46.000Z","volume":1000,"label":" ","price":23.05},{"type":"U","date":"2018-03-21T02:27:50.000Z","volume":872,"label":"D","price":23.1},{"type":"B","date":"2018-03-21T02:28:02.000Z","volume":8000,"label":" ","price":23.05},{"type":"B","date":"2018-03-21T02:28:52.000Z","volume":1000,"label":" ","price":23.05},{"type":"B","date":"2018-03-21T02:28:57.000Z","volume":3000,"label":" ","price":23.05},{"type":"U","date":"2018-03-21T02:29:01.000Z","volume":4000,"label":"X","price":23.1},{"type":"B","date":"2018-03-21T02:29:21.000Z","volume":200000,"label":" ","price":23.05},{"type":"B","date":"2018-03-21T02:29:21.000Z","volume":155000,"label":" ","price":23.05},{"type":"B","date":"2018-03-21T02:29:21.000Z","volume":67000,"label":" ","price":23.05},{"type":"B","date":"2018-03-21T02:29:21.000Z","volume":4000,"label":" ","price":23.05},{"type":"B","date":"2018-03-21T02:29:21.000Z","volume":2000,"label":" ","price":23.05},{"type":"B","date":"2018-03-21T02:29:21.000Z","volume":2000,"label":" ","price":23.05},{"type":"B","date":"2018-03-21T02:29:24.000Z","volume":1000,"label":" ","price":23},{"type":"A","date":"2018-03-21T02:29:28.000Z","volume":40000,"label":" ","price":23.05},{"type":"B","date":"2018-03-21T02:29:28.000Z","volume":9000,"label":" ","price":23},{"type":"A","date":"2018-03-21T02:29:29.000Z","volume":17000,"label":" ","price":23.05},{"type":"B","date":"2018-03-21T02:29:29.000Z","volume":1000,"label":" ","price":23.05},{"type":"B","date":"2018-03-21T02:29:31.000Z","volume":11000,"label":" ","price":23.05},{"type":"B","date":"2018-03-21T02:29:40.000Z","volume":5000,"label":" ","price":23.05},{"type":"A","date":"2018-03-21T02:29:42.000Z","volume":2000,"label":" ","price":23.1},{"type":"B","date":"2018-03-21T02:29:42.000Z","volume":2000,"label":"Y","price":23.05},{"type":"B","date":"2018-03-21T02:29:44.000Z","volume":26000,"label":" ","price":23.05},{"type":"A","date":"2018-03-21T02:29:44.000Z","volume":5000,"label":" ","price":23.05},{"type":"A","date":"2018-03-21T02:29:44.000Z","volume":1000,"label":" ","price":23.05},{"type":"A","date":"2018-03-21T02:29:44.000Z","volume":4000,"label":" ","price":23.05},{"type":"A","date":"2018-03-21T02:30:09.000Z","volume":4000,"label":" ","price":23.05},{"type":"B","date":"2018-03-21T02:30:15.000Z","volume":8000,"label":" ","price":23},{"type":"U","date":"2018-03-21T02:30:47.000Z","volume":500,"label":"D","price":22.8},{"type":"B","date":"2018-03-21T02:31:13.000Z","volume":92000,"label":" ","price":23},{"type":"A","date":"2018-03-21T02:31:56.000Z","volume":18000,"label":" ","price":23.05},{"type":"A","date":"2018-03-21T02:31:57.000Z","volume":18000,"label":" ","price":23.05},{"type":"A","date":"2018-03-21T02:31:58.000Z","volume":18000,"label":" ","price":23.05},{"type":"B","date":"2018-03-21T02:32:15.000Z","volume":8000,"label":" ","price":23},{"type":"B","date":"2018-03-21T02:33:00.000Z","volume":3000,"label":" ","price":23},{"type":"A","date":"2018-03-21T02:33:01.000Z","volume":3000,"label":" ","price":23.05},{"type":"A","date":"2018-03-21T02:33:58.000Z","volume":5000,"label":" ","price":23.05},{"type":"B","date":"2018-03-21T02:34:16.000Z","volume":8000,"label":" ","price":23},{"type":"A","date":"2018-03-21T02:34:26.000Z","volume":2000,"label":" ","price":23.05},{"type":"A","date":"2018-03-21T02:34:47.000Z","volume":10000,"label":" ","price":23.05},{"type":"A","date":"2018-03-21T02:34:53.000Z","volume":3000,"label":" ","price":23.05},{"type":"B","date":"2018-03-21T02:34:58.000Z","volume":1000,"label":" ","price":23},{"type":"A","date":"2018-03-21T02:35:02.000Z","volume":1000,"label":" ","price":23.05},{"type":"U","date":"2018-03-21T02:35:06.000Z","volume":1000,"label":"X","price":23.025},{"type":"A","date":"2018-03-21T02:35:53.000Z","volume":18000,"label":" ","price":23.05},{"type":"B","date":"2018-03-21T02:36:01.000Z","volume":1000,"label":" ","price":23},{"type":"B","date":"2018-03-21T02:36:17.000Z","volume":8000,"label":" ","price":23},{"type":"A","date":"2018-03-21T02:36:27.000Z","volume":5000,"label":" ","price":23.05},{"type":"A","date":"2018-03-21T02:36:40.000Z","volume":4000,"label":" ","price":23.05},{"type":"A","date":"2018-03-21T02:36:57.000Z","volume":11000,"label":" ","price":23.05},{"type":"A","date":"2018-03-21T02:37:09.000Z","volume":1000,"label":" ","price":23.05},{"type":"B","date":"2018-03-21T02:37:10.000Z","volume":1000,"label":" ","price":23},{"type":"A","date":"2018-03-21T02:37:10.000Z","volume":1000,"label":" ","price":23.05},{"type":"U","date":"2018-03-21T02:37:15.000Z","volume":2000,"label":"X","price":23.05},{"type":"A","date":"2018-03-21T02:37:20.000Z","volume":1000,"label":" ","price":23.05},{"type":"A","date":"2018-03-21T02:37:23.000Z","volume":100000,"label":" ","price":23.05},{"type":"U","date":"2018-03-21T02:37:30.000Z","volume":6000,"label":"X","price":23.05},{"type":"A","date":"2018-03-21T02:37:40.000Z","volume":2000,"label":" ","price":23.05},{"type":"U","date":"2018-03-21T02:37:44.000Z","volume":1000,"label":"X","price":23.05},{"type":"A","date":"2018-03-21T02:37:45.000Z","volume":39000,"label":"Y","price":23.05},{"type":"A","date":"2018-03-21T02:37:45.000Z","volume":21000,"label":" ","price":23.05},{"type":"A","date":"2018-03-21T02:37:45.000Z","volume":260000,"label":" ","price":23.05},{"type":"B","date":"2018-03-21T02:37:46.000Z","volume":5000,"label":" ","price":23.05},{"type":"B","date":"2018-03-21T02:38:00.000Z","volume":100000,"label":" ","price":23.05},{"type":"B","date":"2018-03-21T02:38:01.000Z","volume":1000,"label":" ","price":23.05},{"type":"B","date":"2018-03-21T02:38:50.000Z","volume":1000,"label":" ","price":23.05},{"type":"B","date":"2018-03-21T02:39:09.000Z","volume":8000,"label":" ","price":23.05},{"type":"B","date":"2018-03-21T02:39:10.000Z","volume":1000,"label":" ","price":23.05},{"type":"B","date":"2018-03-21T02:39:30.000Z","volume":1000,"label":" ","price":23.05},{"type":"U","date":"2018-03-21T02:39:36.000Z","volume":1000,"label":"X","price":23.1},{"type":"U","date":"2018-03-21T02:39:49.000Z","volume":3000,"label":"X","price":23.1},{"type":"B","date":"2018-03-21T02:40:00.000Z","volume":9000,"label":" ","price":23.05},{"type":"A","date":"2018-03-21T02:41:00.000Z","volume":2000,"label":"Y","price":23.1},{"type":"U","date":"2018-03-21T02:41:06.000Z","volume":1000,"label":"X","price":23.1},{"type":"B","date":"2018-03-21T02:41:29.000Z","volume":8000,"label":" ","price":23.05},{"type":"A","date":"2018-03-21T02:41:57.000Z","volume":1000,"label":" ","price":23.1},{"type":"U","date":"2018-03-21T02:42:32.000Z","volume":1000,"label":"X","price":23.1},{"type":"U","date":"2018-03-21T02:42:36.000Z","volume":1000,"label":"X","price":23.1},{"type":"B","date":"2018-03-21T02:43:39.000Z","volume":10000,"label":" ","price":23.05},{"type":"B","date":"2018-03-21T02:43:40.000Z","volume":8000,"label":" ","price":23.05},{"type":"B","date":"2018-03-21T02:43:41.000Z","volume":60000,"label":" ","price":23.05},{"type":"B","date":"2018-03-21T02:43:41.000Z","volume":64000,"label":" ","price":23.05},{"type":"A","date":"2018-03-21T02:43:41.000Z","volume":1000,"label":" ","price":23.1},{"type":"B","date":"2018-03-21T02:43:52.000Z","volume":200000,"label":" ","price":23.05},{"type":"B","date":"2018-03-21T02:43:52.000Z","volume":69000,"label":" ","price":23.05},{"type":"B","date":"2018-03-21T02:43:52.000Z","volume":9000,"label":" ","price":23.05},{"type":"B","date":"2018-03-21T02:43:52.000Z","volume":1000,"label":" ","price":23.05},{"type":"A","date":"2018-03-21T02:43:52.000Z","volume":7000,"label":" ","price":23.05},{"type":"B","date":"2018-03-21T02:43:52.000Z","volume":3000,"label":" ","price":23},{"type":"B","date":"2018-03-21T02:44:13.000Z","volume":2000,"label":" ","price":23},{"type":"A","date":"2018-03-21T02:44:20.000Z","volume":4000,"label":" ","price":23.05},{"type":"A","date":"2018-03-21T02:44:28.000Z","volume":6000,"label":" ","price":23.05},{"type":"B","date":"2018-03-21T02:44:31.000Z","volume":5000,"label":" ","price":23},{"type":"B","date":"2018-03-21T02:44:31.000Z","volume":1000,"label":" ","price":23},{"type":"A","date":"2018-03-21T02:44:42.000Z","volume":3000,"label":" ","price":23.05},{"type":"A","date":"2018-03-21T02:45:14.000Z","volume":2000,"label":" ","price":23.05},{"type":"B","date":"2018-03-21T02:45:31.000Z","volume":7000,"label":" ","price":23},{"type":"A","date":"2018-03-21T02:45:37.000Z","volume":3000,"label":" ","price":23.05},{"type":"B","date":"2018-03-21T02:46:00.000Z","volume":8000,"label":" ","price":23},{"type":"B","date":"2018-03-21T02:46:03.000Z","volume":1000,"label":" ","price":23},{"type":"B","date":"2018-03-21T02:46:22.000Z","volume":2000,"label":" ","price":23},{"type":"A","date":"2018-03-21T02:46:50.000Z","volume":1000,"label":" ","price":23.05},{"type":"A","date":"2018-03-21T02:47:03.000Z","volume":2000,"label":" ","price":23.05},{"type":"A","date":"2018-03-21T02:47:09.000Z","volume":1000,"label":" ","price":23.05},{"type":"U","date":"2018-03-21T02:47:37.000Z","volume":1000,"label":"X","price":23.05},{"type":"B","date":"2018-03-21T02:47:43.000Z","volume":10000,"label":" ","price":23},{"type":"A","date":"2018-03-21T02:48:00.000Z","volume":1000,"label":" ","price":23.05},{"type":"A","date":"2018-03-21T02:48:00.000Z","volume":2000,"label":" ","price":23.05},{"type":"A","date":"2018-03-21T02:48:04.000Z","volume":1000,"label":" ","price":23.05},{"type":"U","date":"2018-03-21T02:48:11.000Z","volume":2000,"label":"X","price":23.05},{"type":"U","date":"2018-03-21T02:48:13.000Z","volume":5000,"label":"X","price":23.05},{"type":"A","date":"2018-03-21T02:48:18.000Z","volume":1000,"label":" ","price":23.05},{"type":"B","date":"2018-03-21T02:48:21.000Z","volume":8000,"label":" ","price":23},{"type":"A","date":"2018-03-21T02:48:24.000Z","volume":5000,"label":" ","price":23.05},{"type":"A","date":"2018-03-21T02:48:31.000Z","volume":5000,"label":" ","price":23.05},{"type":"A","date":"2018-03-21T02:48:36.000Z","volume":15000,"label":" ","price":23.05},{"type":"A","date":"2018-03-21T02:48:42.000Z","volume":10000,"label":" ","price":23.05},{"type":"B","date":"2018-03-21T02:48:46.000Z","volume":1000,"label":" ","price":23},{"type":"B","date":"2018-03-21T02:48:50.000Z","volume":4000,"label":" ","price":23},{"type":"A","date":"2018-03-21T02:49:01.000Z","volume":2000,"label":" ","price":23.05},{"type":"U","date":"2018-03-21T02:49:07.000Z","volume":1000,"label":"X","price":23.05},{"type":"B","date":"2018-03-21T02:49:16.000Z","volume":10000,"label":" ","price":23},{"type":"B","date":"2018-03-21T02:49:18.000Z","volume":5000,"label":" ","price":23},{"type":"A","date":"2018-03-21T02:49:28.000Z","volume":2000,"label":" ","price":23.05},{"type":"B","date":"2018-03-21T02:49:38.000Z","volume":1000,"label":" ","price":23},{"type":"A","date":"2018-03-21T02:49:57.000Z","volume":2000,"label":" ","price":23.05},{"type":"B","date":"2018-03-21T02:50:15.000Z","volume":1000,"label":" ","price":23},{"type":"B","date":"2018-03-21T02:50:32.000Z","volume":3000,"label":" ","price":23},{"type":"B","date":"2018-03-21T02:50:32.000Z","volume":2000,"label":"Y","price":23},{"type":"B","date":"2018-03-21T02:50:32.000Z","volume":18000,"label":" ","price":23},{"type":"U","date":"2018-03-21T02:50:37.000Z","volume":1000,"label":"X","price":23.05},{"type":"A","date":"2018-03-21T02:50:46.000Z","volume":10000,"label":" ","price":23.05},{"type":"A","date":"2018-03-21T02:50:47.000Z","volume":3000,"label":" ","price":23.05},{"type":"B","date":"2018-03-21T02:50:54.000Z","volume":8000,"label":" ","price":23},{"type":"A","date":"2018-03-21T02:51:00.000Z","volume":26000,"label":" ","price":23.05},{"type":"U","date":"2018-03-21T02:51:09.000Z","volume":3000,"label":"X","price":23.05},{"type":"B","date":"2018-03-21T02:51:16.000Z","volume":1000,"label":" ","price":23},{"type":"A","date":"2018-03-21T02:51:17.000Z","volume":1000,"label":" ","price":23.05},{"type":"A","date":"2018-03-21T02:51:35.000Z","volume":239000,"label":" ","price":23.05},{"type":"B","date":"2018-03-21T02:51:35.000Z","volume":2000,"label":" ","price":23.05},{"type":"B","date":"2018-03-21T02:51:42.000Z","volume":14000,"label":" ","price":23.05},{"type":"A","date":"2018-03-21T02:51:45.000Z","volume":3000,"label":"Y","price":23.1},{"type":"A","date":"2018-03-21T02:51:45.000Z","volume":7000,"label":" ","price":23.1},{"type":"B","date":"2018-03-21T02:51:55.000Z","volume":6000,"label":" ","price":23.05},{"type":"B","date":"2018-03-21T02:53:10.000Z","volume":5000,"label":" ","price":23.05},{"type":"U","date":"2018-03-21T02:53:23.000Z","volume":640,"label":"D","price":23.05},{"type":"B","date":"2018-03-21T02:53:33.000Z","volume":2000,"label":" ","price":23.05},{"type":"B","date":"2018-03-21T02:53:35.000Z","volume":27000,"label":" ","price":23.05},{"type":"B","date":"2018-03-21T02:53:35.000Z","volume":195000,"label":" ","price":23.05},{"type":"A","date":"2018-03-21T02:53:35.000Z","volume":1000,"label":" ","price":23.05},{"type":"A","date":"2018-03-21T02:53:35.000Z","volume":3000,"label":" ","price":23.05},{"type":"A","date":"2018-03-21T02:53:35.000Z","volume":3000,"label":" ","price":23.05},{"type":"A","date":"2018-03-21T02:53:59.000Z","volume":20000,"label":" ","price":23.05},{"type":"A","date":"2018-03-21T02:54:08.000Z","volume":2000,"label":" ","price":23.05},{"type":"A","date":"2018-03-21T02:54:09.000Z","volume":1000,"label":" ","price":23.05},{"type":"B","date":"2018-03-21T02:54:14.000Z","volume":8000,"label":" ","price":23},{"type":"A","date":"2018-03-21T02:54:21.000Z","volume":10000,"label":" ","price":23.05},{"type":"A","date":"2018-03-21T02:54:52.000Z","volume":3000,"label":" ","price":23.05},{"type":"A","date":"2018-03-21T02:54:52.000Z","volume":5000,"label":" ","price":23.05},{"type":"A","date":"2018-03-21T02:55:24.000Z","volume":1000,"label":" ","price":23.05},{"type":"A","date":"2018-03-21T02:55:27.000Z","volume":10000,"label":" ","price":23.05},{"type":"A","date":"2018-03-21T02:55:41.000Z","volume":1000,"label":" ","price":23.05},{"type":"A","date":"2018-03-21T02:55:51.000Z","volume":2000,"label":" ","price":23.05},{"type":"A","date":"2018-03-21T02:55:57.000Z","volume":10000,"label":" ","price":23.05},{"type":"B","date":"2018-03-21T02:56:06.000Z","volume":2000,"label":" ","price":23},{"type":"U","date":"2018-03-21T02:56:38.000Z","volume":1000,"label":"X","price":23.05},{"type":"B","date":"2018-03-21T02:57:07.000Z","volume":8000,"label":" ","price":23},{"type":"B","date":"2018-03-21T02:57:11.000Z","volume":3000,"label":" ","price":23},{"type":"U","date":"2018-03-21T02:57:57.000Z","volume":1000,"label":"X","price":23.05},{"type":"A","date":"2018-03-21T02:57:59.000Z","volume":4000,"label":" ","price":23.05},{"type":"A","date":"2018-03-21T02:58:03.000Z","volume":12000,"label":" ","price":23.05},{"type":"U","date":"2018-03-21T02:58:13.000Z","volume":5000,"label":"X","price":23.05},{"type":"A","date":"2018-03-21T02:58:22.000Z","volume":3000,"label":" ","price":23.05},{"type":"A","date":"2018-03-21T02:58:23.000Z","volume":2000,"label":" ","price":23.05},{"type":"A","date":"2018-03-21T02:58:23.000Z","volume":3000,"label":" ","price":23.05},{"type":"A","date":"2018-03-21T02:58:41.000Z","volume":5000,"label":" ","price":23.05},{"type":"U","date":"2018-03-21T02:59:10.000Z","volume":2000,"label":"X","price":23.05},{"type":"A","date":"2018-03-21T02:59:11.000Z","volume":3000,"label":" ","price":23.05},{"type":"U","date":"2018-03-21T02:59:43.000Z","volume":5000,"label":"X","price":23.05},{"type":"B","date":"2018-03-21T02:59:48.000Z","volume":8000,"label":" ","price":23},{"type":"A","date":"2018-03-21T02:59:57.000Z","volume":10000,"label":" ","price":23.05},{"type":"A","date":"2018-03-21T03:00:01.000Z","volume":1000,"label":" ","price":23.05},{"type":"U","date":"2018-03-21T03:00:23.000Z","volume":300,"label":"D","price":22.75},{"type":"A","date":"2018-03-21T03:00:39.000Z","volume":1000,"label":" ","price":23.05},{"type":"A","date":"2018-03-21T03:01:00.000Z","volume":25000,"label":" ","price":23.05},{"type":"A","date":"2018-03-21T03:01:01.000Z","volume":10000,"label":" ","price":23.05},{"type":"A","date":"2018-03-21T03:01:07.000Z","volume":58000,"label":" ","price":23.05},{"type":"A","date":"2018-03-21T03:01:08.000Z","volume":2000,"label":" ","price":23.05},{"type":"B","date":"2018-03-21T03:01:12.000Z","volume":49000,"label":" ","price":23.05},{"type":"A","date":"2018-03-21T03:01:12.000Z","volume":2000,"label":" ","price":23.05},{"type":"A","date":"2018-03-21T03:01:13.000Z","volume":5000,"label":" ","price":23.05},{"type":"U","date":"2018-03-21T03:01:21.000Z","volume":1000,"label":"X","price":23.05},{"type":"U","date":"2018-03-21T03:01:23.000Z","volume":6000,"label":"X","price":23.05},{"type":"A","date":"2018-03-21T03:01:27.000Z","volume":6000,"label":" ","price":23.05},{"type":"B","date":"2018-03-21T03:01:38.000Z","volume":1000,"label":" ","price":23},{"type":"A","date":"2018-03-21T03:01:54.000Z","volume":5000,"label":" ","price":23.05},{"type":"A","date":"2018-03-21T03:01:54.000Z","volume":56000,"label":" ","price":23.05},{"type":"B","date":"2018-03-21T03:02:14.000Z","volume":145000,"label":" ","price":23.05},{"type":"B","date":"2018-03-21T03:02:14.000Z","volume":30000,"label":" ","price":23.05},{"type":"B","date":"2018-03-21T03:02:14.000Z","volume":12000,"label":" ","price":23.05},{"type":"A","date":"2018-03-21T03:02:19.000Z","volume":2000,"label":" ","price":23.1},{"type":"B","date":"2018-03-21T03:02:45.000Z","volume":10000,"label":" ","price":23.05},{"type":"U","date":"2018-03-21T03:03:14.000Z","volume":882,"label":"D","price":23.05},{"type":"B","date":"2018-03-21T03:03:31.000Z","volume":8000,"label":" ","price":23.05},{"type":"B","date":"2018-03-21T03:03:44.000Z","volume":2000,"label":" ","price":23.05},{"type":"B","date":"2018-03-21T03:03:46.000Z","volume":90000,"label":" ","price":23.05},{"type":"B","date":"2018-03-21T03:03:58.000Z","volume":5000,"label":" ","price":23.05},{"type":"B","date":"2018-03-21T03:04:13.000Z","volume":4000,"label":" ","price":23.05},{"type":"B","date":"2018-03-21T03:04:48.000Z","volume":1000,"label":" ","price":23.05},{"type":"B","date":"2018-03-21T03:05:26.000Z","volume":11000,"label":" ","price":23.05},{"type":"B","date":"2018-03-21T03:05:39.000Z","volume":1000,"label":" ","price":23.05},{"type":"B","date":"2018-03-21T03:05:49.000Z","volume":1000,"label":" ","price":23.05},{"type":"B","date":"2018-03-21T03:06:21.000Z","volume":8000,"label":" ","price":23.05},{"type":"A","date":"2018-03-21T03:06:38.000Z","volume":3000,"label":" ","price":23.1},{"type":"B","date":"2018-03-21T03:06:50.000Z","volume":15000,"label":" ","price":23.05},{"type":"B","date":"2018-03-21T03:06:52.000Z","volume":5000,"label":" ","price":23.05},{"type":"A","date":"2018-03-21T03:06:58.000Z","volume":1000,"label":" ","price":23.1},{"type":"A","date":"2018-03-21T03:06:59.000Z","volume":1000,"label":" ","price":23.1},{"type":"B","date":"2018-03-21T03:07:00.000Z","volume":350000,"label":" ","price":23.05},{"type":"B","date":"2018-03-21T03:07:00.000Z","volume":3000,"label":" ","price":23.05},{"type":"B","date":"2018-03-21T03:07:00.000Z","volume":4000,"label":" ","price":23.05},{"type":"B","date":"2018-03-21T03:07:00.000Z","volume":4000,"label":" ","price":23.05},{"type":"B","date":"2018-03-21T03:07:00.000Z","volume":8000,"label":" ","price":23.05},{"type":"B","date":"2018-03-21T03:07:00.000Z","volume":43000,"label":" ","price":23.05},{"type":"B","date":"2018-03-21T03:07:00.000Z","volume":36000,"label":" ","price":23.05},{"type":"B","date":"2018-03-21T03:07:00.000Z","volume":76000,"label":" ","price":23.05},{"type":"B","date":"2018-03-21T03:07:00.000Z","volume":43000,"label":" ","price":23.05},{"type":"B","date":"2018-03-21T03:07:00.000Z","volume":34000,"label":" ","price":23.05},{"type":"B","date":"2018-03-21T03:07:00.000Z","volume":13000,"label":" ","price":23.05},{"type":"U","date":"2018-03-21T03:07:05.000Z","volume":14000,"label":"X","price":23.05},{"type":"U","date":"2018-03-21T03:07:05.000Z","volume":29000,"label":"X","price":23.05},{"type":"U","date":"2018-03-21T03:07:05.000Z","volume":10000,"label":"X","price":23.05},{"type":"A","date":"2018-03-21T03:07:18.000Z","volume":1000,"label":" ","price":23.05},{"type":"A","date":"2018-03-21T03:07:43.000Z","volume":10000,"label":" ","price":23.05},{"type":"A","date":"2018-03-21T03:07:59.000Z","volume":10000,"label":" ","price":23.05},{"type":"B","date":"2018-03-21T03:08:07.000Z","volume":3000,"label":" ","price":23},{"type":"A","date":"2018-03-21T03:08:13.000Z","volume":1000,"label":" ","price":23.05},{"type":"A","date":"2018-03-21T03:08:18.000Z","volume":2000,"label":" ","price":23.05},{"type":"A","date":"2018-03-21T03:08:32.000Z","volume":5000,"label":" ","price":23.05},{"type":"A","date":"2018-03-21T03:08:38.000Z","volume":2000,"label":" ","price":23.05},{"type":"A","date":"2018-03-21T03:08:40.000Z","volume":3000,"label":" ","price":23.05},{"type":"U","date":"2018-03-21T03:08:43.000Z","volume":6000,"label":"X","price":23.05},{"type":"A","date":"2018-03-21T03:08:47.000Z","volume":4000,"label":" ","price":23.05},{"type":"B","date":"2018-03-21T03:08:55.000Z","volume":8000,"label":" ","price":23},{"type":"B","date":"2018-03-21T03:09:02.000Z","volume":1000,"label":" ","price":23},{"type":"A","date":"2018-03-21T03:09:03.000Z","volume":1000,"label":" ","price":23.05},{"type":"A","date":"2018-03-21T03:09:32.000Z","volume":1000,"label":"Y","price":23.05},{"type":"A","date":"2018-03-21T03:09:32.000Z","volume":199000,"label":" ","price":23.05},{"type":"A","date":"2018-03-21T03:09:32.000Z","volume":32000,"label":" ","price":23.05},{"type":"B","date":"2018-03-21T03:09:32.000Z","volume":2000,"label":" ","price":23.05},{"type":"U","date":"2018-03-21T03:09:35.000Z","volume":60,"label":"D","price":22.8},{"type":"B","date":"2018-03-21T03:09:35.000Z","volume":1000,"label":" ","price":23.05},{"type":"A","date":"2018-03-21T03:09:46.000Z","volume":3000,"label":" ","price":23.1},{"type":"U","date":"2018-03-21T03:09:58.000Z","volume":2000,"label":"X","price":23.1},{"type":"A","date":"2018-03-21T03:10:10.000Z","volume":15000,"label":" ","price":23.1},{"type":"B","date":"2018-03-21T03:10:26.000Z","volume":5000,"label":" ","price":23.05},{"type":"B","date":"2018-03-21T03:10:39.000Z","volume":1000,"label":" ","price":23.05},{"type":"A","date":"2018-03-21T03:10:41.000Z","volume":2000,"label":" ","price":23.1},{"type":"B","date":"2018-03-21T03:10:44.000Z","volume":10000,"label":" ","price":23.05},{"type":"A","date":"2018-03-21T03:10:57.000Z","volume":1000,"label":" ","price":23.1},{"type":"A","date":"2018-03-21T03:11:08.000Z","volume":3000,"label":" ","price":23.1},{"type":"B","date":"2018-03-21T03:11:17.000Z","volume":6000,"label":" ","price":23.05},{"type":"B","date":"2018-03-21T03:11:32.000Z","volume":1000,"label":" ","price":23.05},{"type":"B","date":"2018-03-21T03:11:34.000Z","volume":2000,"label":" ","price":23.05},{"type":"B","date":"2018-03-21T03:11:35.000Z","volume":5000,"label":" ","price":23.05},{"type":"B","date":"2018-03-21T03:12:07.000Z","volume":8000,"label":" ","price":23.05},{"type":"B","date":"2018-03-21T03:12:16.000Z","volume":1000,"label":" ","price":23.05},{"type":"U","date":"2018-03-21T03:12:32.000Z","volume":3000,"label":"X","price":23.1},{"type":"A","date":"2018-03-21T03:12:43.000Z","volume":2000,"label":" ","price":23.1},{"type":"B","date":"2018-03-21T03:13:21.000Z","volume":6000,"label":" ","price":23.05},{"type":"B","date":"2018-03-21T03:13:26.000Z","volume":6000,"label":" ","price":23.05},{"type":"B","date":"2018-03-21T03:14:02.000Z","volume":1000,"label":" ","price":23.05},{"type":"B","date":"2018-03-21T03:14:19.000Z","volume":1000,"label":" ","price":23.05},{"type":"A","date":"2018-03-21T03:14:24.000Z","volume":1000,"label":" ","price":23.1},{"type":"B","date":"2018-03-21T03:14:49.000Z","volume":8000,"label":" ","price":23.05},{"type":"U","date":"2018-03-21T03:15:32.000Z","volume":2000,"label":"X","price":23.1},{"type":"B","date":"2018-03-21T03:15:53.000Z","volume":1000,"label":" ","price":23.05},{"type":"B","date":"2018-03-21T03:16:07.000Z","volume":1000,"label":" ","price":23.05},{"type":"B","date":"2018-03-21T03:16:23.000Z","volume":2000,"label":" ","price":23.05},{"type":"A","date":"2018-03-21T03:16:25.000Z","volume":2000,"label":" ","price":23.1},{"type":"B","date":"2018-03-21T03:16:54.000Z","volume":5000,"label":" ","price":23.05},{"type":"A","date":"2018-03-21T03:16:55.000Z","volume":10000,"label":" ","price":23.1},{"type":"B","date":"2018-03-21T03:17:09.000Z","volume":20000,"label":" ","price":23.05},{"type":"B","date":"2018-03-21T03:17:23.000Z","volume":1000,"label":" ","price":23.05},{"type":"B","date":"2018-03-21T03:17:41.000Z","volume":8000,"label":" ","price":23.05},{"type":"B","date":"2018-03-21T03:18:01.000Z","volume":1000,"label":" ","price":23.05},{"type":"U","date":"2018-03-21T03:18:20.000Z","volume":2000,"label":"X","price":23.1},{"type":"B","date":"2018-03-21T03:18:48.000Z","volume":5000,"label":" ","price":23.05},{"type":"A","date":"2018-03-21T03:19:04.000Z","volume":2000,"label":" ","price":23.1},{"type":"A","date":"2018-03-21T03:19:04.000Z","volume":1000,"label":" ","price":23.1},{"type":"B","date":"2018-03-21T03:19:59.000Z","volume":5000,"label":" ","price":23.05},{"type":"A","date":"2018-03-21T03:19:59.000Z","volume":1000,"label":" ","price":23.1},{"type":"A","date":"2018-03-21T03:20:06.000Z","volume":2000,"label":" ","price":23.1},{"type":"A","date":"2018-03-21T03:20:16.000Z","volume":4000,"label":" ","price":23.1},{"type":"A","date":"2018-03-21T03:20:16.000Z","volume":1000,"label":" ","price":23.1},{"type":"A","date":"2018-03-21T03:20:21.000Z","volume":3000,"label":" ","price":23.1},{"type":"A","date":"2018-03-21T03:20:21.000Z","volume":1000,"label":" ","price":23.1},{"type":"B","date":"2018-03-21T03:20:32.000Z","volume":8000,"label":" ","price":23.05},{"type":"A","date":"2018-03-21T03:20:32.000Z","volume":2000,"label":" ","price":23.1},{"type":"A","date":"2018-03-21T03:20:35.000Z","volume":67000,"label":" ","price":23.1},{"type":"A","date":"2018-03-21T03:20:35.000Z","volume":15000,"label":" ","price":23.1},{"type":"U","date":"2018-03-21T03:20:35.000Z","volume":12000,"label":"X","price":23.075},{"type":"B","date":"2018-03-21T03:20:40.000Z","volume":1000,"label":" ","price":23.05},{"type":"U","date":"2018-03-21T03:20:54.000Z","volume":2000,"label":"X","price":23.1},{"type":"A","date":"2018-03-21T03:21:31.000Z","volume":10000,"label":" ","price":23.1},{"type":"A","date":"2018-03-21T03:21:52.000Z","volume":2000,"label":" ","price":23.1},{"type":"U","date":"2018-03-21T03:23:27.000Z","volume":2000,"label":"X","price":23.1},{"type":"A","date":"2018-03-21T03:23:31.000Z","volume":2000,"label":" ","price":23.1},{"type":"A","date":"2018-03-21T03:23:38.000Z","volume":1000,"label":" ","price":23.1},{"type":"B","date":"2018-03-21T03:23:42.000Z","volume":100000,"label":" ","price":23.05},{"type":"A","date":"2018-03-21T03:23:42.000Z","volume":11000,"label":" ","price":23.1},{"type":"B","date":"2018-03-21T03:23:42.000Z","volume":1000,"label":" ","price":23.05},{"type":"A","date":"2018-03-21T03:23:43.000Z","volume":1000,"label":" ","price":23.1},{"type":"B","date":"2018-03-21T03:23:43.000Z","volume":1000,"label":" ","price":23.05},{"type":"B","date":"2018-03-21T03:24:15.000Z","volume":2000,"label":" ","price":23.05},{"type":"B","date":"2018-03-21T03:24:26.000Z","volume":8000,"label":" ","price":23.05},{"type":"A","date":"2018-03-21T03:24:26.000Z","volume":2000,"label":" ","price":23.1},{"type":"B","date":"2018-03-21T03:24:39.000Z","volume":13000,"label":" ","price":23.05},{"type":"A","date":"2018-03-21T03:24:39.000Z","volume":3000,"label":" ","price":23.1},{"type":"B","date":"2018-03-21T03:24:50.000Z","volume":8000,"label":" ","price":23.05},{"type":"A","date":"2018-03-21T03:24:52.000Z","volume":2000,"label":" ","price":23.1},{"type":"A","date":"2018-03-21T03:24:53.000Z","volume":3000,"label":" ","price":23.1},{"type":"A","date":"2018-03-21T03:24:56.000Z","volume":1000,"label":" ","price":23.1},{"type":"A","date":"2018-03-21T03:25:08.000Z","volume":20000,"label":" ","price":23.1},{"type":"A","date":"2018-03-21T03:25:09.000Z","volume":4000,"label":" ","price":23.1},{"type":"A","date":"2018-03-21T03:25:40.000Z","volume":60000,"label":" ","price":23.1},{"type":"U","date":"2018-03-21T03:25:40.000Z","volume":33000,"label":"X","price":23.075},{"type":"B","date":"2018-03-21T03:25:45.000Z","volume":1000,"label":" ","price":23.05},{"type":"B","date":"2018-03-21T03:26:01.000Z","volume":1000,"label":" ","price":23.05},{"type":"B","date":"2018-03-21T03:26:01.000Z","volume":346000,"label":" ","price":23.05},{"type":"B","date":"2018-03-21T03:26:01.000Z","volume":35000,"label":" ","price":23.05},{"type":"B","date":"2018-03-21T03:26:01.000Z","volume":3000,"label":" ","price":23.05},{"type":"A","date":"2018-03-21T03:26:01.000Z","volume":8000,"label":" ","price":23.05},{"type":"A","date":"2018-03-21T03:26:01.000Z","volume":6000,"label":" ","price":23.05},{"type":"A","date":"2018-03-21T03:26:01.000Z","volume":14000,"label":" ","price":23.05},{"type":"A","date":"2018-03-21T03:26:01.000Z","volume":4000,"label":" ","price":23.05},{"type":"B","date":"2018-03-21T03:26:02.000Z","volume":2000,"label":" ","price":23},{"type":"B","date":"2018-03-21T03:26:11.000Z","volume":8000,"label":" ","price":23},{"type":"A","date":"2018-03-21T03:26:45.000Z","volume":2000,"label":" ","price":23.05},{"type":"A","date":"2018-03-21T03:26:50.000Z","volume":10000,"label":" ","price":23.05},{"type":"B","date":"2018-03-21T03:28:00.000Z","volume":8000,"label":" ","price":23},{"type":"B","date":"2018-03-21T03:28:23.000Z","volume":200000,"label":" ","price":23},{"type":"B","date":"2018-03-21T03:28:35.000Z","volume":200000,"label":" ","price":23},{"type":"B","date":"2018-03-21T03:28:35.000Z","volume":195000,"label":" ","price":23},{"type":"B","date":"2018-03-21T03:28:35.000Z","volume":325000,"label":" ","price":23},{"type":"B","date":"2018-03-21T03:28:35.000Z","volume":1000,"label":" ","price":23},{"type":"A","date":"2018-03-21T03:28:35.000Z","volume":9000,"label":" ","price":23},{"type":"A","date":"2018-03-21T03:28:35.000Z","volume":2000,"label":" ","price":23},{"type":"A","date":"2018-03-21T03:28:35.000Z","volume":8000,"label":" ","price":23},{"type":"B","date":"2018-03-21T03:28:38.000Z","volume":1000,"label":" ","price":22.95},{"type":"B","date":"2018-03-21T03:28:41.000Z","volume":5000,"label":" ","price":22.95},{"type":"B","date":"2018-03-21T03:28:41.000Z","volume":5000,"label":" ","price":22.95},{"type":"B","date":"2018-03-21T03:28:41.000Z","volume":5000,"label":" ","price":22.95},{"type":"B","date":"2018-03-21T03:28:41.000Z","volume":18000,"label":" ","price":22.95},{"type":"B","date":"2018-03-21T03:29:12.000Z","volume":2000,"label":" ","price":22.95},{"type":"A","date":"2018-03-21T03:29:14.000Z","volume":2000,"label":" ","price":23},{"type":"B","date":"2018-03-21T03:29:26.000Z","volume":5000,"label":" ","price":22.95},{"type":"B","date":"2018-03-21T03:29:28.000Z","volume":5000,"label":" ","price":22.95},{"type":"B","date":"2018-03-21T03:30:04.000Z","volume":1000,"label":" ","price":22.95},{"type":"B","date":"2018-03-21T03:30:21.000Z","volume":9000,"label":" ","price":22.95},{"type":"B","date":"2018-03-21T03:30:23.000Z","volume":80000,"label":" ","price":22.95},{"type":"B","date":"2018-03-21T03:30:23.000Z","volume":30000,"label":" ","price":22.95},{"type":"A","date":"2018-03-21T03:30:46.000Z","volume":5000,"label":" ","price":22.95},{"type":"A","date":"2018-03-21T03:31:11.000Z","volume":10000,"label":" ","price":22.95},{"type":"U","date":"2018-03-21T03:31:18.000Z","volume":1000,"label":"X","price":22.95},{"type":"A","date":"2018-03-21T03:31:21.000Z","volume":2000,"label":" ","price":22.95},{"type":"A","date":"2018-03-21T03:31:22.000Z","volume":3000,"label":" ","price":22.95},{"type":"A","date":"2018-03-21T03:31:32.000Z","volume":1000,"label":" ","price":22.95},{"type":"A","date":"2018-03-21T03:31:42.000Z","volume":10000,"label":" ","price":22.95},{"type":"A","date":"2018-03-21T03:31:47.000Z","volume":1000,"label":" ","price":22.95},{"type":"B","date":"2018-03-21T03:31:55.000Z","volume":8000,"label":" ","price":22.9},{"type":"B","date":"2018-03-21T03:32:14.000Z","volume":2000,"label":" ","price":22.9},{"type":"A","date":"2018-03-21T03:32:29.000Z","volume":10000,"label":" ","price":22.95},{"type":"A","date":"2018-03-21T03:32:40.000Z","volume":2000,"label":" ","price":22.95},{"type":"A","date":"2018-03-21T03:32:58.000Z","volume":5000,"label":" ","price":22.95},{"type":"A","date":"2018-03-21T03:33:17.000Z","volume":5000,"label":" ","price":22.95},{"type":"B","date":"2018-03-21T03:33:20.000Z","volume":5000,"label":" ","price":22.9},{"type":"B","date":"2018-03-21T03:33:24.000Z","volume":15000,"label":" ","price":22.9},{"type":"B","date":"2018-03-21T03:33:36.000Z","volume":1000,"label":" ","price":22.9},{"type":"U","date":"2018-03-21T03:33:52.000Z","volume":2000,"label":"X","price":22.95},{"type":"B","date":"2018-03-21T03:34:07.000Z","volume":10000,"label":" ","price":22.9},{"type":"A","date":"2018-03-21T03:34:09.000Z","volume":2000,"label":" ","price":22.95},{"type":"A","date":"2018-03-21T03:34:41.000Z","volume":2000,"label":" ","price":22.95},{"type":"B","date":"2018-03-21T03:34:59.000Z","volume":18000,"label":"Y","price":22.9},{"type":"B","date":"2018-03-21T03:34:59.000Z","volume":32000,"label":" ","price":22.9},{"type":"B","date":"2018-03-21T03:35:23.000Z","volume":1000,"label":" ","price":22.9},{"type":"U","date":"2018-03-21T03:35:23.000Z","volume":1000,"label":"X","price":22.925},{"type":"U","date":"2018-03-21T03:35:23.000Z","volume":1000,"label":"X","price":22.925},{"type":"U","date":"2018-03-21T03:35:23.000Z","volume":1000,"label":"X","price":22.925},{"type":"U","date":"2018-03-21T03:35:23.000Z","volume":4000,"label":"X","price":22.9},{"type":"U","date":"2018-03-21T03:35:23.000Z","volume":2000,"label":"X","price":22.9},{"type":"B","date":"2018-03-21T03:35:33.000Z","volume":2000,"label":" ","price":22.9},{"type":"B","date":"2018-03-21T03:35:45.000Z","volume":30000,"label":" ","price":22.9},{"type":"U","date":"2018-03-21T03:36:04.000Z","volume":450,"label":"D","price":22.7},{"type":"B","date":"2018-03-21T03:36:28.000Z","volume":9000,"label":" ","price":22.9},{"type":"A","date":"2018-03-21T03:36:32.000Z","volume":1000,"label":" ","price":22.95},{"type":"U","date":"2018-03-21T03:36:32.000Z","volume":2000,"label":"X","price":22.95},{"type":"B","date":"2018-03-21T03:36:38.000Z","volume":8000,"label":" ","price":22.9},{"type":"A","date":"2018-03-21T03:36:57.000Z","volume":2000,"label":" ","price":22.95},{"type":"A","date":"2018-03-21T03:37:09.000Z","volume":12000,"label":" ","price":22.95},{"type":"A","date":"2018-03-21T03:37:23.000Z","volume":3000,"label":" ","price":22.95},{"type":"B","date":"2018-03-21T03:37:29.000Z","volume":9000,"label":" ","price":22.9},{"type":"B","date":"2018-03-21T03:37:37.000Z","volume":2000,"label":" ","price":22.9},{"type":"B","date":"2018-03-21T03:37:39.000Z","volume":1000,"label":" ","price":22.9},{"type":"B","date":"2018-03-21T03:37:47.000Z","volume":6000,"label":" ","price":22.9},{"type":"B","date":"2018-03-21T03:37:52.000Z","volume":1000,"label":" ","price":22.9},{"type":"B","date":"2018-03-21T03:38:07.000Z","volume":5000,"label":" ","price":22.9},{"type":"A","date":"2018-03-21T03:38:14.000Z","volume":6000,"label":" ","price":22.95},{"type":"B","date":"2018-03-21T03:38:19.000Z","volume":1000,"label":" ","price":22.9},{"type":"A","date":"2018-03-21T03:38:29.000Z","volume":3000,"label":" ","price":22.95},{"type":"B","date":"2018-03-21T03:38:59.000Z","volume":1000,"label":" ","price":22.9},{"type":"B","date":"2018-03-21T03:39:02.000Z","volume":1000,"label":" ","price":22.9},{"type":"A","date":"2018-03-21T03:39:07.000Z","volume":2000,"label":" ","price":22.95},{"type":"U","date":"2018-03-21T03:39:07.000Z","volume":3000,"label":"X","price":22.95},{"type":"B","date":"2018-03-21T03:39:39.000Z","volume":1000,"label":" ","price":22.9},{"type":"B","date":"2018-03-21T03:39:52.000Z","volume":1000,"label":" ","price":22.9},{"type":"B","date":"2018-03-21T03:39:53.000Z","volume":1000,"label":" ","price":22.9},{"type":"A","date":"2018-03-21T03:39:58.000Z","volume":1000,"label":" ","price":22.95},{"type":"B","date":"2018-03-21T03:40:19.000Z","volume":1000,"label":" ","price":22.9},{"type":"B","date":"2018-03-21T03:40:59.000Z","volume":1000,"label":" ","price":22.9},{"type":"A","date":"2018-03-21T03:41:02.000Z","volume":10000,"label":" ","price":22.95},{"type":"B","date":"2018-03-21T03:41:30.000Z","volume":1000,"label":" ","price":22.9},{"type":"U","date":"2018-03-21T03:41:51.000Z","volume":472,"label":"D","price":22.7},{"type":"B","date":"2018-03-21T03:41:52.000Z","volume":1000,"label":" ","price":22.9},{"type":"B","date":"2018-03-21T03:41:58.000Z","volume":6000,"label":" ","price":22.9},{"type":"U","date":"2018-03-21T03:42:00.000Z","volume":2000,"label":"X","price":22.95},{"type":"B","date":"2018-03-21T03:42:10.000Z","volume":1000,"label":" ","price":22.9},{"type":"A","date":"2018-03-21T03:42:24.000Z","volume":2000,"label":" ","price":22.95},{"type":"B","date":"2018-03-21T03:42:29.000Z","volume":1000,"label":"Y","price":22.9},{"type":"B","date":"2018-03-21T03:42:32.000Z","volume":375000,"label":" ","price":22.9},{"type":"B","date":"2018-03-21T03:42:32.000Z","volume":21000,"label":" ","price":22.9},{"type":"B","date":"2018-03-21T03:42:32.000Z","volume":109000,"label":" ","price":22.9},{"type":"B","date":"2018-03-21T03:42:32.000Z","volume":165000,"label":" ","price":22.9},{"type":"B","date":"2018-03-21T03:42:32.000Z","volume":4000,"label":" ","price":22.9},{"type":"B","date":"2018-03-21T03:42:32.000Z","volume":1000,"label":" ","price":22.9},{"type":"B","date":"2018-03-21T03:42:32.000Z","volume":3000,"label":" ","price":22.9},{"type":"B","date":"2018-03-21T03:42:32.000Z","volume":5000,"label":" ","price":22.9},{"type":"B","date":"2018-03-21T03:42:32.000Z","volume":141000,"label":" ","price":22.9},{"type":"B","date":"2018-03-21T03:42:41.000Z","volume":1000,"label":" ","price":22.85},{"type":"A","date":"2018-03-21T03:42:44.000Z","volume":2000,"label":" ","price":22.9},{"type":"B","date":"2018-03-21T03:42:50.000Z","volume":1000,"label":" ","price":22.85},{"type":"A","date":"2018-03-21T03:42:50.000Z","volume":10000,"label":" ","price":22.9},{"type":"A","date":"2018-03-21T03:42:55.000Z","volume":1000,"label":" ","price":22.9},{"type":"B","date":"2018-03-21T03:43:12.000Z","volume":4000,"label":" ","price":22.85},{"type":"A","date":"2018-03-21T03:43:17.000Z","volume":10000,"label":" ","price":22.9},{"type":"A","date":"2018-03-21T03:43:23.000Z","volume":80000,"label":" ","price":22.9},{"type":"B","date":"2018-03-21T03:43:31.000Z","volume":1000,"label":" ","price":22.85},{"type":"B","date":"2018-03-21T03:43:40.000Z","volume":17000,"label":" ","price":22.85},{"type":"U","date":"2018-03-21T03:43:40.000Z","volume":3000,"label":"X","price":22.85},{"type":"A","date":"2018-03-21T03:43:42.000Z","volume":10000,"label":" ","price":22.9},{"type":"B","date":"2018-03-21T03:44:01.000Z","volume":1000,"label":" ","price":22.85},{"type":"B","date":"2018-03-21T03:44:12.000Z","volume":2000,"label":" ","price":22.85},{"type":"B","date":"2018-03-21T03:44:35.000Z","volume":1000,"label":" ","price":22.85},{"type":"B","date":"2018-03-21T03:44:41.000Z","volume":1000,"label":" ","price":22.85},{"type":"A","date":"2018-03-21T03:44:46.000Z","volume":1000,"label":" ","price":22.9},{"type":"A","date":"2018-03-21T03:44:50.000Z","volume":10000,"label":" ","price":22.9},{"type":"B","date":"2018-03-21T03:45:11.000Z","volume":1000,"label":" ","price":22.85},{"type":"B","date":"2018-03-21T03:45:51.000Z","volume":1000,"label":" ","price":22.85},{"type":"B","date":"2018-03-21T03:45:58.000Z","volume":5000,"label":" ","price":22.85},{"type":"A","date":"2018-03-21T03:46:14.000Z","volume":5000,"label":" ","price":22.9},{"type":"A","date":"2018-03-21T03:46:14.000Z","volume":432000,"label":" ","price":22.9},{"type":"A","date":"2018-03-21T03:46:14.000Z","volume":376000,"label":" ","price":22.9},{"type":"B","date":"2018-03-21T03:46:14.000Z","volume":2000,"label":" ","price":22.9},{"type":"B","date":"2018-03-21T03:46:14.000Z","volume":7000,"label":" ","price":22.9},{"type":"B","date":"2018-03-21T03:46:14.000Z","volume":8000,"label":" ","price":22.9},{"type":"A","date":"2018-03-21T03:46:14.000Z","volume":12000,"label":" ","price":22.95},{"type":"B","date":"2018-03-21T03:46:14.000Z","volume":1000,"label":" ","price":22.9},{"type":"A","date":"2018-03-21T03:46:17.000Z","volume":1000,"label":" ","price":22.95},{"type":"A","date":"2018-03-21T03:46:20.000Z","volume":4000,"label":"Y","price":22.95},{"type":"A","date":"2018-03-21T03:46:20.000Z","volume":8000,"label":" ","price":22.95},{"type":"B","date":"2018-03-21T03:46:28.000Z","volume":5000,"label":" ","price":22.9},{"type":"B","date":"2018-03-21T03:47:14.000Z","volume":2000,"label":" ","price":22.9},{"type":"A","date":"2018-03-21T03:47:18.000Z","volume":10000,"label":" ","price":22.95},{"type":"A","date":"2018-03-21T03:47:24.000Z","volume":13000,"label":" ","price":22.95},{"type":"A","date":"2018-03-21T03:47:24.000Z","volume":33000,"label":" ","price":22.95},{"type":"B","date":"2018-03-21T03:47:24.000Z","volume":1000,"label":" ","price":22.95},{"type":"U","date":"2018-03-21T03:47:40.000Z","volume":2000,"label":"X","price":23},{"type":"B","date":"2018-03-21T03:47:53.000Z","volume":200000,"label":" ","price":22.95},{"type":"B","date":"2018-03-21T03:47:53.000Z","volume":34000,"label":" ","price":22.95},{"type":"B","date":"2018-03-21T03:47:53.000Z","volume":30000,"label":" ","price":22.95},{"type":"B","date":"2018-03-21T03:47:53.000Z","volume":3000,"label":" ","price":22.95},{"type":"U","date":"2018-03-21T03:47:53.000Z","volume":1000,"label":"X","price":22.95},{"type":"A","date":"2018-03-21T03:48:00.000Z","volume":1000,"label":" ","price":22.95},{"type":"A","date":"2018-03-21T03:48:04.000Z","volume":8000,"label":" ","price":22.95},{"type":"A","date":"2018-03-21T03:48:17.000Z","volume":12000,"label":" ","price":22.95},{"type":"B","date":"2018-03-21T03:48:41.000Z","volume":2000,"label":" ","price":22.95},{"type":"B","date":"2018-03-21T03:48:41.000Z","volume":1000,"label":" ","price":22.95},{"type":"A","date":"2018-03-21T03:49:30.000Z","volume":2000,"label":" ","price":22.95},{"type":"A","date":"2018-03-21T03:49:34.000Z","volume":2000,"label":" ","price":22.95},{"type":"U","date":"2018-03-21T03:49:45.000Z","volume":6000,"label":"X","price":22.95},{"type":"A","date":"2018-03-21T03:50:30.000Z","volume":5000,"label":" ","price":22.95},{"type":"A","date":"2018-03-21T03:50:52.000Z","volume":1000,"label":" ","price":22.95},{"type":"A","date":"2018-03-21T03:51:10.000Z","volume":10000,"label":" ","price":22.95},{"type":"A","date":"2018-03-21T03:51:36.000Z","volume":10000,"label":" ","price":22.95},{"type":"A","date":"2018-03-21T03:51:40.000Z","volume":3000,"label":" ","price":22.95},{"type":"B","date":"2018-03-21T03:51:43.000Z","volume":1000,"label":" ","price":22.9},{"type":"A","date":"2018-03-21T03:51:44.000Z","volume":11000,"label":" ","price":22.95},{"type":"A","date":"2018-03-21T03:52:01.000Z","volume":4000,"label":" ","price":22.95},{"type":"B","date":"2018-03-21T03:52:16.000Z","volume":1000,"label":" ","price":22.95},{"type":"A","date":"2018-03-21T03:52:21.000Z","volume":2000,"label":" ","price":23},{"type":"B","date":"2018-03-21T03:52:22.000Z","volume":4000,"label":" ","price":22.95},{"type":"B","date":"2018-03-21T03:52:25.000Z","volume":2000,"label":" ","price":22.95},{"type":"U","date":"2018-03-21T03:52:32.000Z","volume":4,"label":"D","price":22.95},{"type":"B","date":"2018-03-21T03:52:33.000Z","volume":1000,"label":" ","price":22.95},{"type":"B","date":"2018-03-21T03:53:04.000Z","volume":1000,"label":" ","price":22.95},{"type":"U","date":"2018-03-21T03:53:05.000Z","volume":2000,"label":"X","price":23},{"type":"B","date":"2018-03-21T03:53:16.000Z","volume":4000,"label":" ","price":22.95},{"type":"B","date":"2018-03-21T03:53:25.000Z","volume":1000,"label":" ","price":22.95},{"type":"A","date":"2018-03-21T03:53:25.000Z","volume":2000,"label":" ","price":23},{"type":"B","date":"2018-03-21T03:53:28.000Z","volume":4000,"label":" ","price":22.95},{"type":"B","date":"2018-03-21T03:53:47.000Z","volume":1000,"label":" ","price":22.95},{"type":"B","date":"2018-03-21T03:53:55.000Z","volume":1000,"label":" ","price":22.95},{"type":"B","date":"2018-03-21T03:54:11.000Z","volume":1000,"label":" ","price":22.95},{"type":"B","date":"2018-03-21T03:54:25.000Z","volume":1000,"label":" ","price":22.95},{"type":"B","date":"2018-03-21T03:54:45.000Z","volume":1000,"label":" ","price":22.95},{"type":"B","date":"2018-03-21T03:55:09.000Z","volume":1000,"label":" ","price":22.95},{"type":"B","date":"2018-03-21T03:55:15.000Z","volume":1000,"label":" ","price":22.95},{"type":"B","date":"2018-03-21T03:55:35.000Z","volume":1000,"label":" ","price":22.95},{"type":"U","date":"2018-03-21T03:55:38.000Z","volume":1000,"label":"X","price":23},{"type":"B","date":"2018-03-21T03:55:45.000Z","volume":1000,"label":" ","price":22.95},{"type":"B","date":"2018-03-21T03:56:05.000Z","volume":1000,"label":" ","price":22.95},{"type":"B","date":"2018-03-21T03:56:34.000Z","volume":5000,"label":" ","price":22.95},{"type":"B","date":"2018-03-21T03:56:36.000Z","volume":1000,"label":" ","price":22.95},{"type":"U","date":"2018-03-21T03:56:45.000Z","volume":1000,"label":"X","price":23},{"type":"B","date":"2018-03-21T03:57:06.000Z","volume":1000,"label":" ","price":22.95},{"type":"A","date":"2018-03-21T03:57:11.000Z","volume":43000,"label":" ","price":23},{"type":"B","date":"2018-03-21T03:57:11.000Z","volume":1000,"label":" ","price":22.95},{"type":"B","date":"2018-03-21T03:57:37.000Z","volume":1000,"label":" ","price":22.95},{"type":"B","date":"2018-03-21T03:57:38.000Z","volume":3000,"label":" ","price":22.95},{"type":"B","date":"2018-03-21T03:57:46.000Z","volume":1000,"label":" ","price":22.95},{"type":"A","date":"2018-03-21T03:57:47.000Z","volume":1000,"label":" ","price":23},{"type":"U","date":"2018-03-21T03:57:48.000Z","volume":1000,"label":"X","price":23},{"type":"A","date":"2018-03-21T03:58:10.000Z","volume":2000,"label":" ","price":23},{"type":"B","date":"2018-03-21T03:58:16.000Z","volume":1000,"label":" ","price":22.95},{"type":"A","date":"2018-03-21T03:58:30.000Z","volume":1000,"label":" ","price":23},{"type":"U","date":"2018-03-21T03:58:50.000Z","volume":1000,"label":"X","price":23},{"type":"B","date":"2018-03-21T03:58:56.000Z","volume":1000,"label":" ","price":22.95},{"type":"B","date":"2018-03-21T03:59:08.000Z","volume":1000,"label":" ","price":22.95},{"type":"U","date":"2018-03-21T03:59:32.000Z","volume":2000,"label":"X","price":23},{"type":"A","date":"2018-03-21T05:00:01.000Z","volume":10000,"label":" ","price":23},{"type":"B","date":"2018-03-21T05:00:01.000Z","volume":2000,"label":" ","price":22.95},{"type":"A","date":"2018-03-21T05:00:01.000Z","volume":62000,"label":" ","price":23},{"type":"B","date":"2018-03-21T05:00:01.000Z","volume":1000,"label":" ","price":22.95},{"type":"B","date":"2018-03-21T05:00:02.000Z","volume":3000,"label":" ","price":22.95},{"type":"B","date":"2018-03-21T05:00:02.000Z","volume":2000,"label":" ","price":22.95},{"type":"A","date":"2018-03-21T05:00:09.000Z","volume":5000,"label":" ","price":23},{"type":"B","date":"2018-03-21T05:00:10.000Z","volume":30000,"label":" ","price":22.95},{"type":"B","date":"2018-03-21T05:00:15.000Z","volume":1000,"label":" ","price":22.95},{"type":"B","date":"2018-03-21T05:00:15.000Z","volume":1000,"label":" ","price":22.95},{"type":"B","date":"2018-03-21T05:00:17.000Z","volume":14000,"label":" ","price":22.95},{"type":"B","date":"2018-03-21T05:00:17.000Z","volume":1000,"label":" ","price":22.95},{"type":"B","date":"2018-03-21T05:00:19.000Z","volume":1000,"label":" ","price":22.95},{"type":"B","date":"2018-03-21T05:00:26.000Z","volume":1000,"label":" ","price":22.95},{"type":"B","date":"2018-03-21T05:00:29.000Z","volume":2000,"label":" ","price":22.95},{"type":"B","date":"2018-03-21T05:01:29.000Z","volume":1000,"label":" ","price":22.95},{"type":"B","date":"2018-03-21T05:01:56.000Z","volume":21000,"label":" ","price":22.95},{"type":"B","date":"2018-03-21T05:01:57.000Z","volume":4000,"label":" ","price":22.95},{"type":"B","date":"2018-03-21T05:02:28.000Z","volume":1000,"label":" ","price":22.95},{"type":"B","date":"2018-03-21T05:02:30.000Z","volume":1000,"label":" ","price":22.95},{"type":"B","date":"2018-03-21T05:02:42.000Z","volume":1000,"label":" ","price":22.95},{"type":"B","date":"2018-03-21T05:02:59.000Z","volume":1000,"label":" ","price":22.95},{"type":"A","date":"2018-03-21T05:03:06.000Z","volume":4000,"label":" ","price":23},{"type":"B","date":"2018-03-21T05:04:29.000Z","volume":1000,"label":" ","price":22.95},{"type":"B","date":"2018-03-21T05:04:33.000Z","volume":2000,"label":" ","price":22.95},{"type":"A","date":"2018-03-21T05:04:49.000Z","volume":1000,"label":" ","price":23},{"type":"U","date":"2018-03-21T05:05:16.000Z","volume":5000,"label":"X","price":23},{"type":"A","date":"2018-03-21T05:05:26.000Z","volume":5000,"label":" ","price":23},{"type":"A","date":"2018-03-21T05:05:38.000Z","volume":1000,"label":" ","price":23},{"type":"B","date":"2018-03-21T05:05:45.000Z","volume":2000,"label":" ","price":22.95},{"type":"A","date":"2018-03-21T05:06:10.000Z","volume":1000,"label":" ","price":23},{"type":"A","date":"2018-03-21T05:07:14.000Z","volume":5000,"label":" ","price":23},{"type":"B","date":"2018-03-21T05:07:46.000Z","volume":5000,"label":" ","price":22.95},{"type":"B","date":"2018-03-21T05:08:20.000Z","volume":10000,"label":" ","price":22.95},{"type":"B","date":"2018-03-21T05:08:56.000Z","volume":3000,"label":" ","price":22.95},{"type":"B","date":"2018-03-21T05:09:18.000Z","volume":80000,"label":" ","price":22.95},{"type":"B","date":"2018-03-21T05:09:18.000Z","volume":7000,"label":" ","price":22.95},{"type":"B","date":"2018-03-21T05:09:18.000Z","volume":6000,"label":" ","price":22.95},{"type":"B","date":"2018-03-21T05:09:19.000Z","volume":4000,"label":" ","price":22.95},{"type":"B","date":"2018-03-21T05:09:21.000Z","volume":1000,"label":" ","price":22.95},{"type":"B","date":"2018-03-21T05:09:23.000Z","volume":1000,"label":" ","price":22.95},{"type":"B","date":"2018-03-21T05:09:31.000Z","volume":21000,"label":" ","price":22.95},{"type":"B","date":"2018-03-21T05:09:32.000Z","volume":6000,"label":" ","price":22.95},{"type":"B","date":"2018-03-21T05:09:32.000Z","volume":40000,"label":" ","price":22.95},{"type":"B","date":"2018-03-21T05:09:32.000Z","volume":3000,"label":" ","price":22.95},{"type":"B","date":"2018-03-21T05:09:38.000Z","volume":5000,"label":" ","price":22.95},{"type":"B","date":"2018-03-21T05:09:40.000Z","volume":2000,"label":" ","price":22.95},{"type":"B","date":"2018-03-21T05:09:40.000Z","volume":8000,"label":" ","price":22.95},{"type":"B","date":"2018-03-21T05:09:40.000Z","volume":50000,"label":" ","price":22.95},{"type":"B","date":"2018-03-21T05:09:40.000Z","volume":2000,"label":" ","price":22.95},{"type":"B","date":"2018-03-21T05:09:41.000Z","volume":4000,"label":" ","price":22.9},{"type":"B","date":"2018-03-21T05:09:44.000Z","volume":2000,"label":" ","price":22.9},{"type":"A","date":"2018-03-21T05:09:49.000Z","volume":1000,"label":" ","price":22.95},{"type":"B","date":"2018-03-21T05:09:53.000Z","volume":2000,"label":" ","price":22.9},{"type":"B","date":"2018-03-21T05:10:55.000Z","volume":20000,"label":" ","price":22.9},{"type":"A","date":"2018-03-21T05:12:13.000Z","volume":4000,"label":" ","price":22.95},{"type":"A","date":"2018-03-21T05:12:36.000Z","volume":3000,"label":" ","price":22.95},{"type":"B","date":"2018-03-21T05:12:53.000Z","volume":20000,"label":" ","price":22.9},{"type":"B","date":"2018-03-21T05:12:57.000Z","volume":32000,"label":" ","price":22.9},{"type":"B","date":"2018-03-21T05:12:59.000Z","volume":1000,"label":" ","price":22.9},{"type":"B","date":"2018-03-21T05:12:59.000Z","volume":4000,"label":" ","price":22.9},{"type":"B","date":"2018-03-21T05:12:59.000Z","volume":4000,"label":" ","price":22.9},{"type":"A","date":"2018-03-21T05:13:16.000Z","volume":2000,"label":" ","price":22.95},{"type":"B","date":"2018-03-21T05:13:33.000Z","volume":10000,"label":" ","price":22.9}