[{"type":"B","date":"2018-03-29T01:30:10.000Z","volume":40000,"label":" ","price":2.36},{"type":"B","date":"2018-03-29T01:30:10.000Z","volume":80000,"label":" ","price":2.33},{"type":"B","date":"2018-03-29T01:30:10.000Z","volume":25000,"label":" ","price":2.32},{"type":"B","date":"2018-03-29T01:30:10.000Z","volume":60000,"label":" ","price":2.31},{"type":"B","date":"2018-03-29T01:30:10.000Z","volume":10000,"label":"Y","price":2.3},{"type":"A","date":"2018-03-29T01:30:19.000Z","volume":5000,"label":" ","price":2.35},{"type":"B","date":"2018-03-29T01:30:21.000Z","volume":5000,"label":" ","price":2.32},{"type":"B","date":"2018-03-29T01:30:21.000Z","volume":85000,"label":" ","price":2.31},{"type":"B","date":"2018-03-29T01:30:21.000Z","volume":15000,"label":" ","price":2.3},{"type":"B","date":"2018-03-29T01:30:22.000Z","volume":135000,"label":" ","price":2.3},{"type":"A","date":"2018-03-29T01:30:40.000Z","volume":20000,"label":" ","price":2.32},{"type":"U","date":"2018-03-29T01:30:54.000Z","volume":5000,"label":" ","price":2.32},{"type":"B","date":"2018-03-29T01:30:54.000Z","volume":20000,"label":" ","price":2.31},{"type":"A","date":"2018-03-29T01:31:01.000Z","volume":5000,"label":" ","price":2.33},{"type":"A","date":"2018-03-29T01:31:01.000Z","volume":55000,"label":" ","price":2.33},{"type":"A","date":"2018-03-29T01:31:01.000Z","volume":5000,"label":" ","price":2.33},{"type":"A","date":"2018-03-29T01:31:01.000Z","volume":75000,"label":" ","price":2.33},{"type":"A","date":"2018-03-29T01:31:08.000Z","volume":30000,"label":" ","price":2.34},{"type":"A","date":"2018-03-29T01:31:08.000Z","volume":75000,"label":" ","price":2.34},{"type":"A","date":"2018-03-29T01:31:15.000Z","volume":5000,"label":"Y","price":2.35},{"type":"A","date":"2018-03-29T01:31:15.000Z","volume":30000,"label":" ","price":2.35},{"type":"U","date":"2018-03-29T01:31:33.000Z","volume":15000,"label":" ","price":2.35},{"type":"U","date":"2018-03-29T01:31:43.000Z","volume":15000,"label":" ","price":2.35},{"type":"U","date":"2018-03-29T01:32:01.000Z","volume":10000,"label":" ","price":2.35},{"type":"A","date":"2018-03-29T01:32:01.000Z","volume":5000,"label":" ","price":2.36},{"type":"A","date":"2018-03-29T01:32:01.000Z","volume":15000,"label":" ","price":2.36},{"type":"U","date":"2018-03-29T01:33:13.000Z","volume":5000,"label":" ","price":2.36},{"type":"B","date":"2018-03-29T01:33:13.000Z","volume":15000,"label":" ","price":2.35},{"type":"B","date":"2018-03-29T01:34:12.000Z","volume":20000,"label":" ","price":2.36},{"type":"A","date":"2018-03-29T01:35:27.000Z","volume":20000,"label":" ","price":2.37},{"type":"A","date":"2018-03-29T01:35:27.000Z","volume":35000,"label":" ","price":2.37},{"type":"B","date":"2018-03-29T01:35:43.000Z","volume":50000,"label":" ","price":2.37},{"type":"B","date":"2018-03-29T01:36:46.000Z","volume":5000,"label":" ","price":2.37},{"type":"B","date":"2018-03-29T01:36:46.000Z","volume":5000,"label":" ","price":2.37},{"type":"B","date":"2018-03-29T01:36:46.000Z","volume":15000,"label":" ","price":2.37},{"type":"A","date":"2018-03-29T01:36:47.000Z","volume":5000,"label":" ","price":2.37},{"type":"B","date":"2018-03-29T01:37:33.000Z","volume":20000,"label":" ","price":2.36},{"type":"B","date":"2018-03-29T01:38:31.000Z","volume":10000,"label":" ","price":2.36},{"type":"B","date":"2018-03-29T01:39:11.000Z","volume":50000,"label":" ","price":2.36},{"type":"A","date":"2018-03-29T01:39:30.000Z","volume":5000,"label":" ","price":2.37},{"type":"B","date":"2018-03-29T01:40:22.000Z","volume":40000,"label":" ","price":2.36},{"type":"U","date":"2018-03-29T01:40:23.000Z","volume":5000,"label":" ","price":2.37},{"type":"U","date":"2018-03-29T01:40:23.000Z","volume":5000,"label":" ","price":2.37},{"type":"A","date":"2018-03-29T01:40:27.000Z","volume":15000,"label":" ","price":2.37},{"type":"U","date":"2018-03-29T01:40:53.000Z","volume":5000,"label":" ","price":2.36},{"type":"B","date":"2018-03-29T01:40:53.000Z","volume":30000,"label":" ","price":2.35},{"type":"B","date":"2018-03-29T01:41:13.000Z","volume":20000,"label":" ","price":2.35},{"type":"A","date":"2018-03-29T01:41:35.000Z","volume":55000,"label":" ","price":2.36},{"type":"A","date":"2018-03-29T01:41:35.000Z","volume":5000,"label":" ","price":2.36},{"type":"B","date":"2018-03-29T01:41:39.000Z","volume":10000,"label":" ","price":2.35},{"type":"B","date":"2018-03-29T01:41:45.000Z","volume":35000,"label":" ","price":2.35},{"type":"A","date":"2018-03-29T01:42:51.000Z","volume":5000,"label":" ","price":2.36},{"type":"B","date":"2018-03-29T01:43:40.000Z","volume":10000,"label":" ","price":2.35},{"type":"A","date":"2018-03-29T01:44:43.000Z","volume":40000,"label":" ","price":2.36},{"type":"A","date":"2018-03-29T01:44:43.000Z","volume":10000,"label":" ","price":2.36},{"type":"A","date":"2018-03-29T01:44:43.000Z","volume":15000,"label":" ","price":2.36},{"type":"A","date":"2018-03-29T01:44:43.000Z","volume":10000,"label":" ","price":2.36},{"type":"B","date":"2018-03-29T01:48:08.000Z","volume":15000,"label":" ","price":2.35},{"type":"U","date":"2018-03-29T01:48:08.000Z","volume":20000,"label":" ","price":2.36},{"type":"A","date":"2018-03-29T01:48:09.000Z","volume":15000,"label":" ","price":2.37},{"type":"A","date":"2018-03-29T01:49:04.000Z","volume":5000,"label":" ","price":2.36},{"type":"A","date":"2018-03-29T01:49:04.000Z","volume":5000,"label":" ","price":2.36},{"type":"A","date":"2018-03-29T01:50:19.000Z","volume":30000,"label":" ","price":2.36},{"type":"U","date":"2018-03-29T01:50:20.000Z","volume":10000,"label":" ","price":2.36},{"type":"B","date":"2018-03-29T01:50:29.000Z","volume":30000,"label":" ","price":2.35},{"type":"B","date":"2018-03-29T01:53:43.000Z","volume":5000,"label":" ","price":2.34},{"type":"A","date":"2018-03-29T01:53:43.000Z","volume":35000,"label":" ","price":2.35},{"type":"A","date":"2018-03-29T01:54:09.000Z","volume":40000,"label":" ","price":2.35},{"type":"B","date":"2018-03-29T01:54:13.000Z","volume":40000,"label":" ","price":2.35},{"type":"B","date":"2018-03-29T01:54:14.000Z","volume":20000,"label":" ","price":2.35},{"type":"B","date":"2018-03-29T01:54:35.000Z","volume":20000,"label":" ","price":2.34},{"type":"B","date":"2018-03-29T01:55:05.000Z","volume":5000,"label":" ","price":2.34},{"type":"A","date":"2018-03-29T01:55:36.000Z","volume":5000,"label":" ","price":2.35},{"type":"A","date":"2018-03-29T01:55:54.000Z","volume":15000,"label":" ","price":2.35},{"type":"A","date":"2018-03-29T01:55:55.000Z","volume":15000,"label":" ","price":2.36},{"type":"B","date":"2018-03-29T01:56:44.000Z","volume":5000,"label":"Y","price":2.35},{"type":"B","date":"2018-03-29T01:56:44.000Z","volume":75000,"label":" ","price":2.35},{"type":"B","date":"2018-03-29T01:56:44.000Z","volume":10000,"label":" ","price":2.35},{"type":"A","date":"2018-03-29T01:57:36.000Z","volume":15000,"label":" ","price":2.35},{"type":"A","date":"2018-03-29T01:58:05.000Z","volume":10000,"label":" ","price":2.36},{"type":"A","date":"2018-03-29T01:58:59.000Z","volume":30000,"label":" ","price":2.36},{"type":"A","date":"2018-03-29T01:59:01.000Z","volume":15000,"label":" ","price":2.36},{"type":"A","date":"2018-03-29T01:59:03.000Z","volume":15000,"label":" ","price":2.36},{"type":"B","date":"2018-03-29T01:59:36.000Z","volume":5000,"label":" ","price":2.36},{"type":"B","date":"2018-03-29T02:00:00.000Z","volume":5000,"label":" ","price":2.36},{"type":"B","date":"2018-03-29T02:00:06.000Z","volume":25000,"label":" ","price":2.36},{"type":"B","date":"2018-03-29T02:00:06.000Z","volume":5000,"label":" ","price":2.36},{"type":"B","date":"2018-03-29T02:00:06.000Z","volume":5000,"label":" ","price":2.36},{"type":"B","date":"2018-03-29T02:00:06.000Z","volume":5000,"label":" ","price":2.36},{"type":"B","date":"2018-03-29T02:00:07.000Z","volume":5000,"label":" ","price":2.36},{"type":"B","date":"2018-03-29T02:00:07.000Z","volume":5000,"label":" ","price":2.36},{"type":"A","date":"2018-03-29T02:00:43.000Z","volume":10000,"label":" ","price":2.36},{"type":"A","date":"2018-03-29T02:00:55.000Z","volume":10000,"label":" ","price":2.36},{"type":"A","date":"2018-03-29T02:01:13.000Z","volume":10000,"label":" ","price":2.36},{"type":"A","date":"2018-03-29T02:01:28.000Z","volume":45000,"label":" ","price":2.36},{"type":"B","date":"2018-03-29T02:02:32.000Z","volume":10000,"label":" ","price":2.35},{"type":"A","date":"2018-03-29T02:03:25.000Z","volume":50000,"label":" ","price":2.36},{"type":"A","date":"2018-03-29T02:03:27.000Z","volume":15000,"label":" ","price":2.36},{"type":"B","date":"2018-03-29T02:03:38.000Z","volume":20000,"label":"Y","price":2.35},{"type":"B","date":"2018-03-29T02:03:38.000Z","volume":30000,"label":" ","price":2.35},{"type":"A","date":"2018-03-29T02:03:41.000Z","volume":15000,"label":" ","price":2.36},{"type":"B","date":"2018-03-29T02:03:59.000Z","volume":10000,"label":" ","price":2.35},{"type":"U","date":"2018-03-29T02:04:05.000Z","volume":5000,"label":" ","price":2.36},{"type":"A","date":"2018-03-29T02:04:26.000Z","volume":40000,"label":" ","price":2.37},{"type":"U","date":"2018-03-29T02:04:37.000Z","volume":2000,"label":"D","price":2.32},{"type":"B","date":"2018-03-29T02:05:17.000Z","volume":10000,"label":" ","price":2.36},{"type":"B","date":"2018-03-29T02:05:37.000Z","volume":35000,"label":" ","price":2.36},{"type":"A","date":"2018-03-29T02:05:37.000Z","volume":5000,"label":" ","price":2.36},{"type":"B","date":"2018-03-29T02:06:08.000Z","volume":20000,"label":" ","price":2.35},{"type":"U","date":"2018-03-29T02:06:10.000Z","volume":10000,"label":" ","price":2.36},{"type":"B","date":"2018-03-29T02:06:17.000Z","volume":5000,"label":" ","price":2.35},{"type":"B","date":"2018-03-29T02:06:48.000Z","volume":5000,"label":" ","price":2.35},{"type":"B","date":"2018-03-29T02:08:04.000Z","volume":50000,"label":" ","price":2.35},{"type":"B","date":"2018-03-29T02:08:30.000Z","volume":100000,"label":" ","price":2.35},{"type":"B","date":"2018-03-29T02:08:30.000Z","volume":15000,"label":" ","price":2.35},{"type":"B","date":"2018-03-29T02:08:30.000Z","volume":10000,"label":" ","price":2.35},{"type":"A","date":"2018-03-29T02:08:31.000Z","volume":30000,"label":" ","price":2.36},{"type":"A","date":"2018-03-29T02:10:51.000Z","volume":30000,"label":" ","price":2.36},{"type":"A","date":"2018-03-29T02:11:01.000Z","volume":10000,"label":" ","price":2.36},{"type":"B","date":"2018-03-29T02:11:04.000Z","volume":5000,"label":" ","price":2.35},{"type":"B","date":"2018-03-29T02:11:04.000Z","volume":5000,"label":" ","price":2.35},{"type":"B","date":"2018-03-29T02:11:15.000Z","volume":10000,"label":" ","price":2.35},{"type":"A","date":"2018-03-29T02:11:21.000Z","volume":5000,"label":" ","price":2.35},{"type":"A","date":"2018-03-29T02:11:34.000Z","volume":5000,"label":" ","price":2.35},{"type":"A","date":"2018-03-29T02:12:12.000Z","volume":25000,"label":" ","price":2.35},{"type":"A","date":"2018-03-29T02:12:13.000Z","volume":5000,"label":" ","price":2.35},{"type":"B","date":"2018-03-29T02:12:16.000Z","volume":5000,"label":" ","price":2.35},{"type":"B","date":"2018-03-29T02:12:23.000Z","volume":5000,"label":" ","price":2.35},{"type":"B","date":"2018-03-29T02:12:29.000Z","volume":20000,"label":" ","price":2.35},{"type":"B","date":"2018-03-29T02:12:29.000Z","volume":5000,"label":" ","price":2.35},{"type":"A","date":"2018-03-29T02:12:29.000Z","volume":5000,"label":" ","price":2.35},{"type":"B","date":"2018-03-29T02:12:41.000Z","volume":150000,"label":" ","price":2.34},{"type":"B","date":"2018-03-29T02:12:41.000Z","volume":40000,"label":" ","price":2.34},{"type":"B","date":"2018-03-29T02:12:41.000Z","volume":10000,"label":" ","price":2.34},{"type":"A","date":"2018-03-29T02:12:42.000Z","volume":25000,"label":" ","price":2.36},{"type":"B","date":"2018-03-29T02:13:49.000Z","volume":5000,"label":" ","price":2.34},{"type":"B","date":"2018-03-29T02:13:49.000Z","volume":10000,"label":" ","price":2.34},{"type":"A","date":"2018-03-29T02:14:58.000Z","volume":15000,"label":" ","price":2.35},{"type":"B","date":"2018-03-29T02:15:21.000Z","volume":15000,"label":" ","price":2.34},{"type":"B","date":"2018-03-29T02:15:21.000Z","volume":5000,"label":" ","price":2.34},{"type":"B","date":"2018-03-29T02:15:21.000Z","volume":5000,"label":" ","price":2.34},{"type":"B","date":"2018-03-29T02:15:21.000Z","volume":20000,"label":" ","price":2.34},{"type":"B","date":"2018-03-29T02:15:21.000Z","volume":5000,"label":" ","price":2.34},{"type":"B","date":"2018-03-29T02:15:21.000Z","volume":5000,"label":" ","price":2.34},{"type":"A","date":"2018-03-29T02:15:24.000Z","volume":20000,"label":" ","price":2.34},{"type":"A","date":"2018-03-29T02:15:25.000Z","volume":35000,"label":" ","price":2.34},{"type":"B","date":"2018-03-29T02:17:20.000Z","volume":15000,"label":" ","price":2.33},{"type":"A","date":"2018-03-29T02:17:26.000Z","volume":20000,"label":" ","price":2.35},{"type":"B","date":"2018-03-29T02:18:00.000Z","volume":5000,"label":" ","price":2.34},{"type":"B","date":"2018-03-29T02:18:25.000Z","volume":5000,"label":" ","price":2.34},{"type":"B","date":"2018-03-29T02:19:47.000Z","volume":5000,"label":" ","price":2.34},{"type":"B","date":"2018-03-29T02:19:48.000Z","volume":5000,"label":" ","price":2.34},{"type":"A","date":"2018-03-29T02:20:45.000Z","volume":35000,"label":" ","price":2.35},{"type":"B","date":"2018-03-29T02:20:49.000Z","volume":10000,"label":" ","price":2.34},{"type":"A","date":"2018-03-29T02:22:05.000Z","volume":30000,"label":" ","price":2.35},{"type":"A","date":"2018-03-29T02:22:05.000Z","volume":50000,"label":" ","price":2.35},{"type":"A","date":"2018-03-29T02:22:20.000Z","volume":5000,"label":" ","price":2.36},{"type":"A","date":"2018-03-29T02:23:09.000Z","volume":45000,"label":" ","price":2.36},{"type":"A","date":"2018-03-29T02:23:09.000Z","volume":35000,"label":" ","price":2.37},{"type":"B","date":"2018-03-29T02:23:51.000Z","volume":15000,"label":" ","price":2.36},{"type":"B","date":"2018-03-29T02:24:23.000Z","volume":5000,"label":" ","price":2.36},{"type":"A","date":"2018-03-29T02:26:05.000Z","volume":25000,"label":" ","price":2.37},{"type":"A","date":"2018-03-29T02:26:15.000Z","volume":5000,"label":" ","price":2.37},{"type":"A","date":"2018-03-29T02:27:15.000Z","volume":20000,"label":" ","price":2.37},{"type":"B","date":"2018-03-29T02:27:27.000Z","volume":50000,"label":" ","price":2.36},{"type":"B","date":"2018-03-29T02:27:27.000Z","volume":30000,"label":" ","price":2.35},{"type":"A","date":"2018-03-29T02:27:31.000Z","volume":5000,"label":" ","price":2.35},{"type":"B","date":"2018-03-29T02:27:34.000Z","volume":5000,"label":" ","price":2.35},{"type":"A","date":"2018-03-29T02:29:10.000Z","volume":5000,"label":" ","price":2.35},{"type":"B","date":"2018-03-29T02:29:48.000Z","volume":40000,"label":" ","price":2.34},{"type":"A","date":"2018-03-29T02:29:50.000Z","volume":10000,"label":" ","price":2.36},{"type":"A","date":"2018-03-29T02:31:17.000Z","volume":15000,"label":" ","price":2.36},{"type":"A","date":"2018-03-29T02:31:20.000Z","volume":5000,"label":" ","price":2.36},{"type":"A","date":"2018-03-29T02:31:23.000Z","volume":40000,"label":" ","price":2.36},{"type":"B","date":"2018-03-29T02:33:24.000Z","volume":20000,"label":" ","price":2.36},{"type":"B","date":"2018-03-29T02:33:24.000Z","volume":15000,"label":" ","price":2.36},{"type":"B","date":"2018-03-29T02:34:24.000Z","volume":5000,"label":" ","price":2.35},{"type":"A","date":"2018-03-29T02:34:24.000Z","volume":15000,"label":" ","price":2.36},{"type":"A","date":"2018-03-29T02:37:10.000Z","volume":25000,"label":" ","price":2.37},{"type":"B","date":"2018-03-29T02:37:23.000Z","volume":5000,"label":" ","price":2.36},{"type":"A","date":"2018-03-29T02:41:01.000Z","volume":25000,"label":" ","price":2.37},{"type":"A","date":"2018-03-29T02:41:48.000Z","volume":10000,"label":" ","price":2.37},{"type":"A","date":"2018-03-29T02:41:58.000Z","volume":15000,"label":" ","price":2.37},{"type":"A","date":"2018-03-29T02:42:06.000Z","volume":5000,"label":" ","price":2.37},{"type":"A","date":"2018-03-29T02:42:06.000Z","volume":5000,"label":" ","price":2.38},{"type":"A","date":"2018-03-29T02:42:33.000Z","volume":50000,"label":" ","price":2.38},{"type":"A","date":"2018-03-29T02:42:33.000Z","volume":5000,"label":" ","price":2.38},{"type":"A","date":"2018-03-29T02:45:12.000Z","volume":50000,"label":" ","price":2.39},{"type":"B","date":"2018-03-29T02:45:14.000Z","volume":5000,"label":" ","price":2.38},{"type":"A","date":"2018-03-29T02:45:14.000Z","volume":20000,"label":" ","price":2.39},{"type":"A","date":"2018-03-29T02:46:00.000Z","volume":10000,"label":" ","price":2.39},{"type":"A","date":"2018-03-29T02:46:00.000Z","volume":25000,"label":" ","price":2.39},{"type":"B","date":"2018-03-29T02:46:28.000Z","volume":5000,"label":" ","price":2.38},{"type":"B","date":"2018-03-29T02:47:18.000Z","volume":5000,"label":" ","price":2.38},{"type":"A","date":"2018-03-29T02:47:31.000Z","volume":35000,"label":" ","price":2.39},{"type":"B","date":"2018-03-29T02:48:04.000Z","volume":55000,"label":" ","price":2.39},{"type":"A","date":"2018-03-29T02:48:04.000Z","volume":5000,"label":" ","price":2.39},{"type":"B","date":"2018-03-29T02:48:29.000Z","volume":10000,"label":" ","price":2.39},{"type":"A","date":"2018-03-29T02:49:14.000Z","volume":25000,"label":" ","price":2.39},{"type":"A","date":"2018-03-29T02:49:14.000Z","volume":15000,"label":" ","price":2.39},{"type":"B","date":"2018-03-29T02:51:34.000Z","volume":25000,"label":" ","price":2.39},{"type":"B","date":"2018-03-29T02:51:34.000Z","volume":10000,"label":" ","price":2.38},{"type":"A","date":"2018-03-29T02:51:34.000Z","volume":5000,"label":" ","price":2.39},{"type":"A","date":"2018-03-29T02:52:22.000Z","volume":5000,"label":"Y","price":2.39},{"type":"B","date":"2018-03-29T02:52:22.000Z","volume":5000,"label":" ","price":2.38},{"type":"A","date":"2018-03-29T02:52:45.000Z","volume":15000,"label":" ","price":2.39},{"type":"A","date":"2018-03-29T02:53:27.000Z","volume":10000,"label":" ","price":2.39},{"type":"A","date":"2018-03-29T02:53:27.000Z","volume":5000,"label":" ","price":2.39},{"type":"B","date":"2018-03-29T02:54:24.000Z","volume":25000,"label":" ","price":2.38},{"type":"A","date":"2018-03-29T02:54:41.000Z","volume":5000,"label":" ","price":2.39},{"type":"A","date":"2018-03-29T02:56:02.000Z","volume":50000,"label":" ","price":2.4},{"type":"B","date":"2018-03-29T02:56:10.000Z","volume":10000,"label":"Y","price":2.39},{"type":"A","date":"2018-03-29T02:56:10.000Z","volume":5000,"label":" ","price":2.4},{"type":"A","date":"2018-03-29T02:56:47.000Z","volume":5000,"label":" ","price":2.4},{"type":"A","date":"2018-03-29T02:56:55.000Z","volume":50000,"label":" ","price":2.4},{"type":"A","date":"2018-03-29T02:56:55.000Z","volume":10000,"label":" ","price":2.4},{"type":"B","date":"2018-03-29T02:57:09.000Z","volume":10000,"label":" ","price":2.4},{"type":"A","date":"2018-03-29T02:57:09.000Z","volume":10000,"label":" ","price":2.4},{"type":"A","date":"2018-03-29T02:57:19.000Z","volume":10000,"label":" ","price":2.4},{"type":"A","date":"2018-03-29T02:57:19.000Z","volume":70000,"label":" ","price":2.41},{"type":"A","date":"2018-03-29T02:57:19.000Z","volume":20000,"label":" ","price":2.42},{"type":"A","date":"2018-03-29T02:57:44.000Z","volume":10000,"label":" ","price":2.41},{"type":"A","date":"2018-03-29T02:57:50.000Z","volume":20000,"label":" ","price":2.41},{"type":"A","date":"2018-03-29T02:59:54.000Z","volume":10000,"label":" ","price":2.41},{"type":"A","date":"2018-03-29T02:59:58.000Z","volume":10000,"label":" ","price":2.41},{"type":"B","date":"2018-03-29T03:00:17.000Z","volume":10000,"label":" ","price":2.4},{"type":"B","date":"2018-03-29T03:00:17.000Z","volume":5000,"label":" ","price":2.4},{"type":"A","date":"2018-03-29T03:00:41.000Z","volume":70000,"label":" ","price":2.41},{"type":"B","date":"2018-03-29T03:00:45.000Z","volume":85000,"label":" ","price":2.41},{"type":"B","date":"2018-03-29T03:01:23.000Z","volume":10000,"label":" ","price":2.4},{"type":"B","date":"2018-03-29T03:01:40.000Z","volume":10000,"label":" ","price":2.4},{"type":"A","date":"2018-03-29T03:02:10.000Z","volume":10000,"label":" ","price":2.41},{"type":"A","date":"2018-03-29T03:02:22.000Z","volume":10000,"label":" ","price":2.41},{"type":"A","date":"2018-03-29T03:04:29.000Z","volume":25000,"label":" ","price":2.41},{"type":"A","date":"2018-03-29T03:04:33.000Z","volume":5000,"label":" ","price":2.41},{"type":"B","date":"2018-03-29T03:06:31.000Z","volume":5000,"label":" ","price":2.4},{"type":"A","date":"2018-03-29T03:07:26.000Z","volume":20000,"label":" ","price":2.41},{"type":"A","date":"2018-03-29T03:08:18.000Z","volume":20000,"label":" ","price":2.41},{"type":"B","date":"2018-03-29T03:09:42.000Z","volume":5000,"label":" ","price":2.4},{"type":"A","date":"2018-03-29T03:10:14.000Z","volume":15000,"label":" ","price":2.41},{"type":"B","date":"2018-03-29T03:10:14.000Z","volume":5000,"label":" ","price":2.41},{"type":"B","date":"2018-03-29T03:10:18.000Z","volume":35000,"label":" ","price":2.41},{"type":"A","date":"2018-03-29T03:11:57.000Z","volume":70000,"label":" ","price":2.41},{"type":"A","date":"2018-03-29T03:11:57.000Z","volume":5000,"label":" ","price":2.41},{"type":"U","date":"2018-03-29T03:12:10.000Z","volume":5000,"label":" ","price":2.41},{"type":"A","date":"2018-03-29T03:12:22.000Z","volume":35000,"label":" ","price":2.41},{"type":"B","date":"2018-03-29T03:12:27.000Z","volume":50000,"label":" ","price":2.41},{"type":"A","date":"2018-03-29T03:13:26.000Z","volume":10000,"label":" ","price":2.42},{"type":"B","date":"2018-03-29T03:13:38.000Z","volume":10000,"label":" ","price":2.41},{"type":"B","date":"2018-03-29T03:13:49.000Z","volume":5000,"label":" ","price":2.41},{"type":"B","date":"2018-03-29T03:13:49.000Z","volume":10000,"label":" ","price":2.41},{"type":"A","date":"2018-03-29T03:13:52.000Z","volume":10000,"label":" ","price":2.42},{"type":"B","date":"2018-03-29T03:13:53.000Z","volume":10000,"label":" ","price":2.41},{"type":"U","date":"2018-03-29T03:13:54.000Z","volume":100000,"label":"X","price":2.415},{"type":"A","date":"2018-03-29T03:15:29.000Z","volume":15000,"label":" ","price":2.41},{"type":"A","date":"2018-03-29T03:15:41.000Z","volume":45000,"label":" ","price":2.41},{"type":"B","date":"2018-03-29T03:15:41.000Z","volume":10000,"label":" ","price":2.41},{"type":"B","date":"2018-03-29T03:15:42.000Z","volume":10000,"label":" ","price":2.41},{"type":"B","date":"2018-03-29T03:15:43.000Z","volume":5000,"label":" ","price":2.41},{"type":"B","date":"2018-03-29T03:17:23.000Z","volume":20000,"label":" ","price":2.4},{"type":"B","date":"2018-03-29T03:17:28.000Z","volume":50000,"label":" ","price":2.4},{"type":"B","date":"2018-03-29T03:17:28.000Z","volume":5000,"label":"Y","price":2.4},{"type":"B","date":"2018-03-29T03:17:28.000Z","volume":40000,"label":" ","price":2.4},{"type":"B","date":"2018-03-29T03:17:28.000Z","volume":5000,"label":" ","price":2.4},{"type":"U","date":"2018-03-29T03:17:32.000Z","volume":20000,"label":"X","price":2.4},{"type":"U","date":"2018-03-29T03:17:33.000Z","volume":20000,"label":"X","price":2.4},{"type":"U","date":"2018-03-29T03:17:33.000Z","volume":80000,"label":"X","price":2.4},{"type":"A","date":"2018-03-29T03:19:20.000Z","volume":10000,"label":" ","price":2.4},{"type":"U","date":"2018-03-29T03:21:29.000Z","volume":1333,"label":"D","price":2.34},{"type":"B","date":"2018-03-29T03:21:44.000Z","volume":15000,"label":" ","price":2.39},{"type":"B","date":"2018-03-29T03:21:52.000Z","volume":50000,"label":" ","price":2.39},{"type":"A","date":"2018-03-29T03:24:28.000Z","volume":5000,"label":" ","price":2.4},{"type":"B","date":"2018-03-29T03:25:14.000Z","volume":10000,"label":" ","price":2.39},{"type":"A","date":"2018-03-29T03:27:22.000Z","volume":10000,"label":" ","price":2.4},{"type":"A","date":"2018-03-29T03:27:22.000Z","volume":25000,"label":"Y","price":2.4},{"type":"A","date":"2018-03-29T03:27:22.000Z","volume":30000,"label":" ","price":2.4},{"type":"A","date":"2018-03-29T03:28:21.000Z","volume":25000,"label":" ","price":2.4},{"type":"A","date":"2018-03-29T03:28:21.000Z","volume":40000,"label":" ","price":2.4},{"type":"A","date":"2018-03-29T03:29:54.000Z","volume":20000,"label":" ","price":2.41},{"type":"A","date":"2018-03-29T03:31:30.000Z","volume":10000,"label":" ","price":2.41},{"type":"A","date":"2018-03-29T03:31:30.000Z","volume":15000,"label":" ","price":2.41},{"type":"A","date":"2018-03-29T03:32:24.000Z","volume":15000,"label":" ","price":2.41},{"type":"A","date":"2018-03-29T03:33:11.000Z","volume":25000,"label":" ","price":2.41},{"type":"A","date":"2018-03-29T03:34:41.000Z","volume":30000,"label":" ","price":2.41},{"type":"B","date":"2018-03-29T03:34:46.000Z","volume":70000,"label":" ","price":2.41},{"type":"B","date":"2018-03-29T03:35:05.000Z","volume":50000,"label":" ","price":2.41},{"type":"B","date":"2018-03-29T03:35:05.000Z","volume":15000,"label":" ","price":2.41},{"type":"U","date":"2018-03-29T03:35:29.000Z","volume":10000,"label":" ","price":2.41},{"type":"U","date":"2018-03-29T03:35:29.000Z","volume":25000,"label":" ","price":2.41},{"type":"B","date":"2018-03-29T03:35:29.000Z","volume":15000,"label":" ","price":2.41},{"type":"B","date":"2018-03-29T03:40:34.000Z","volume":5000,"label":" ","price":2.4},{"type":"A","date":"2018-03-29T03:42:06.000Z","volume":5000,"label":" ","price":2.41},{"type":"A","date":"2018-03-29T03:42:06.000Z","volume":5000,"label":"Y","price":2.41},{"type":"A","date":"2018-03-29T03:42:06.000Z","volume":40000,"label":" ","price":2.41},{"type":"B","date":"2018-03-29T03:44:48.000Z","volume":20000,"label":" ","price":2.41},{"type":"A","date":"2018-03-29T03:49:45.000Z","volume":5000,"label":" ","price":2.42},{"type":"B","date":"2018-03-29T03:51:46.000Z","volume":5000,"label":" ","price":2.41},{"type":"A","date":"2018-03-29T03:52:28.000Z","volume":15000,"label":" ","price":2.42},{"type":"B","date":"2018-03-29T03:55:21.000Z","volume":70000,"label":" ","price":2.41},{"type":"B","date":"2018-03-29T03:55:21.000Z","volume":80000,"label":" ","price":2.41},{"type":"A","date":"2018-03-29T03:55:22.000Z","volume":5000,"label":" ","price":2.42},{"type":"A","date":"2018-03-29T03:56:54.000Z","volume":5000,"label":" ","price":2.42},{"type":"A","date":"2018-03-29T03:56:58.000Z","volume":30000,"label":" ","price":2.42},{"type":"B","date":"2018-03-29T03:57:28.000Z","volume":10000,"label":" ","price":2.41},{"type":"B","date":"2018-03-29T03:58:42.000Z","volume":5000,"label":" ","price":2.41},{"type":"A","date":"2018-03-29T03:58:42.000Z","volume":5000,"label":" ","price":2.42},{"type":"A","date":"2018-03-29T03:59:36.000Z","volume":10000,"label":" ","price":2.42},{"type":"A","date":"2018-03-29T05:00:04.000Z","volume":35000,"label":"Y","price":2.42},{"type":"A","date":"2018-03-29T05:00:04.000Z","volume":5000,"label":" ","price":2.42},{"type":"A","date":"2018-03-29T05:01:54.000Z","volume":75000,"label":" ","price":2.42},{"type":"A","date":"2018-03-29T05:02:42.000Z","volume":10000,"label":" ","price":2.42},{"type":"B","date":"2018-03-29T05:03:09.000Z","volume":5000,"label":" ","price":2.42},{"type":"B","date":"2018-03-29T05:05:05.000Z","volume":45000,"label":" ","price":2.42},{"type":"B","date":"2018-03-29T05:05:05.000Z","volume":10000,"label":" ","price":2.42},{"type":"B","date":"2018-03-29T05:05:47.000Z","volume":5000,"label":" ","price":2.42},{"type":"B","date":"2018-03-29T05:08:49.000Z","volume":50000,"label":" ","price":2.42},{"type":"A","date":"2018-03-29T05:09:16.000Z","volume":25000,"label":" ","price":2.42},{"type":"A","date":"2018-03-29T05:09:16.000Z","volume":35000,"label":" ","price":2.42},{"type":"A","date":"2018-03-29T05:10:35.000Z","volume":5000,"label":" ","price":2.43},{"type":"B","date":"2018-03-29T05:11:28.000Z","volume":5000,"label":" ","price":2.42},{"type":"B","date":"2018-03-29T05:11:28.000Z","volume":5000,"label":" ","price":2.42},{"type":"B","date":"2018-03-29T05:11:28.000Z","volume":5000,"label":" ","price":2.42},{"type":"B","date":"2018-03-29T05:11:29.000Z","volume":5000,"label":" ","price":2.42},{"type":"A","date":"2018-03-29T05:12:25.000Z","volume":100000,"label":" ","price":2.43},{"type":"A","date":"2018-03-29T05:12:26.000Z","volume":10000,"label":" ","price":2.43},{"type":"A","date":"2018-03-29T05:12:50.000Z","volume":5000,"label":" ","price":2.43},{"type":"A","date":"2018-03-29T05:13:37.000Z","volume":50000,"label":" ","price":2.43},{"type":"B","date":"2018-03-29T05:13:52.000Z","volume":5000,"label":" ","price":2.42},{"type":"A","date":"2018-03-29T05:14:23.000Z","volume":5000,"label":" ","price":2.43},{"type":"A","date":"2018-03-29T05:15:15.000Z","volume":10000,"label":" ","price":2.43},{"type":"A","date":"2018-03-29T05:15:31.000Z","volume":10000,"label":" ","price":2.43},{"type":"A","date":"2018-03-29T05:16:38.000Z","volume":35000,"label":" ","price":2.43},{"type":"B","date":"2018-03-29T05:18:05.000Z","volume":5000,"label":" ","price":2.43},{"type":"B","date":"2018-03-29T05:19:15.000Z","volume":15000,"label":" ","price":2.43},{"type":"A","date":"2018-03-29T05:19:35.000Z","volume":30000,"label":" ","price":2.44},{"type":"A","date":"2018-03-29T05:19:45.000Z","volume":10000,"label":" ","price":2.44},{"type":"A","date":"2018-03-29T05:19:48.000Z","volume":100000,"label":" ","price":2.44},{"type":"A","date":"2018-03-29T05:19:48.000Z","volume":85000,"label":" ","price":2.44},{"type":"B","date":"2018-03-29T05:20:04.000Z","volume":60000,"label":" ","price":2.44},{"type":"B","date":"2018-03-29T05:20:04.000Z","volume":10000,"label":" ","price":2.44},{"type":"A","date":"2018-03-29T05:20:22.000Z","volume":10000,"label":" ","price":2.44},{"type":"A","date":"2018-03-29T05:20:22.000Z","volume":10000,"label":" ","price":2.44},{"type":"A","date":"2018-03-29T05:22:19.000Z","volume":20000,"label":" ","price":2.44},{"type":"A","date":"2018-03-29T05:22:26.000Z","volume":5000,"label":" ","price":2.44},{"type":"A","date":"2018-03-29T05:25:58.000Z","volume":35000,"label":" ","price":2.44},{"type":"A","date":"2018-03-29T05:26:02.000Z","volume":20000,"label":" ","price":2.44},{"type":"A","date":"2018-03-29T05:26:04.000Z","volume":10000,"label":" ","price":2.44},{"type":"A","date":"2018-03-29T05:26:15.000Z","volume":5000,"label":" ","price":2.44},{"type":"A","date":"2018-03-29T05:30:51.000Z","volume":50000,"label":" ","price":2.44},{"type":"A","date":"2018-03-29T05:30:51.000Z","volume":30000,"label":" ","price":2.44},{"type":"A","date":"2018-03-29T05:30:56.000Z","volume":70000,"label":" ","price":2.44},{"type":"A","date":"2018-03-29T05:30:56.000Z","volume":5000,"label":" ","price":2.44},{"type":"A","date":"2018-03-29T05:31:00.000Z","volume":25000,"label":" ","price":2.44},{"type":"A","date":"2018-03-29T05:31:04.000Z","volume":20000,"label":" ","price":2.45},{"type":"B","date":"2018-03-29T05:31:04.000Z","volume":5000,"label":" ","price":2.44},{"type":"A","date":"2018-03-29T05:31:11.000Z","volume":15000,"label":" ","price":2.45},{"type":"A","date":"2018-03-29T05:31:20.000Z","volume":100000,"label":" ","price":2.45},{"type":"A","date":"2018-03-29T05:31:20.000Z","volume":135000,"label":" ","price":2.45},{"type":"U","date":"2018-03-29T05:31:20.000Z","volume":5000,"label":" ","price":2.45},{"type":"A","date":"2018-03-29T05:31:26.000Z","volume":60000,"label":" ","price":2.46},{"type":"A","date":"2018-03-29T05:31:34.000Z","volume":15000,"label":" ","price":2.46},{"type":"A","date":"2018-03-29T05:31:41.000Z","volume":10000,"label":" ","price":2.46},{"type":"A","date":"2018-03-29T05:31:41.000Z","volume":10000,"label":" ","price":2.46},{"type":"A","date":"2018-03-29T05:31:43.000Z","volume":100000,"label":" ","price":2.46},{"type":"A","date":"2018-03-29T05:31:43.000Z","volume":35000,"label":" ","price":2.46},{"type":"A","date":"2018-03-29T05:31:49.000Z","volume":40000,"label":" ","price":2.47},{"type":"B","date":"2018-03-29T05:31:49.000Z","volume":70000,"label":" ","price":2.46},{"type":"A","date":"2018-03-29T05:31:56.000Z","volume":25000,"label":" ","price":2.47},{"type":"A","date":"2018-03-29T05:31:56.000Z","volume":100000,"label":" ","price":2.47},{"type":"A","date":"2018-03-29T05:32:02.000Z","volume":100000,"label":" ","price":2.47},{"type":"A","date":"2018-03-29T05:32:04.000Z","volume":55000,"label":" ","price":2.47},{"type":"A","date":"2018-03-29T05:32:09.000Z","volume":5000,"label":" ","price":2.47},{"type":"A","date":"2018-03-29T05:32:15.000Z","volume":15000,"label":" ","price":2.48},{"type":"A","date":"2018-03-29T05:32:20.000Z","volume":20000,"label":" ","price":2.48},{"type":"B","date":"2018-03-29T05:32:20.000Z","volume":75000,"label":" ","price":2.47},{"type":"B","date":"2018-03-29T05:32:20.000Z","volume":30000,"label":" ","price":2.47},{"type":"A","date":"2018-03-29T05:32:20.000Z","volume":5000,"label":" ","price":2.47},{"type":"A","date":"2018-03-29T05:32:26.000Z","volume":15000,"label":" ","price":2.47},{"type":"A","date":"2018-03-29T05:32:27.000Z","volume":5000,"label":" ","price":2.47},{"type":"A","date":"2018-03-29T05:32:34.000Z","volume":5000,"label":" ","price":2.47},{"type":"B","date":"2018-03-29T05:32:43.000Z","volume":5000,"label":" ","price":2.46},{"type":"U","date":"2018-03-29T05:32:48.000Z","volume":70000,"label":"X","price":2.465},{"type":"U","date":"2018-03-29T05:32:48.000Z","volume":30000,"label":"X","price":2.465},{"type":"U","date":"2018-03-29T05:32:48.000Z","volume":70000,"label":"X","price":2.465},{"type":"B","date":"2018-03-29T05:33:05.000Z","volume":20000,"label":" ","price":2.46},{"type":"B","date":"2018-03-29T05:33:05.000Z","volume":20000,"label":" ","price":2.46},{"type":"B","date":"2018-03-29T05:33:05.000Z","volume":35000,"label":" ","price":2.46},{"type":"A","date":"2018-03-29T05:33:06.000Z","volume":5000,"label":" ","price":2.47},{"type":"B","date":"2018-03-29T05:33:07.000Z","volume":10000,"label":" ","price":2.46},{"type":"B","date":"2018-03-29T05:33:07.000Z","volume":30000,"label":" ","price":2.45},{"type":"A","date":"2018-03-29T05:33:13.000Z","volume":15000,"label":" ","price":2.46},{"type":"A","date":"2018-03-29T05:34:30.000Z","volume":10000,"label":" ","price":2.46},{"type":"A","date":"2018-03-29T05:34:36.000Z","volume":5000,"label":" ","price":2.46},{"type":"B","date":"2018-03-29T05:34:52.000Z","volume":15000,"label":" ","price":2.45},{"type":"A","date":"2018-03-29T05:35:00.000Z","volume":20000,"label":" ","price":2.46},{"type":"A","date":"2018-03-29T05:35:06.000Z","volume":5000,"label":" ","price":2.46},{"type":"A","date":"2018-03-29T05:35:21.000Z","volume":5000,"label":" ","price":2.46},{"type":"A","date":"2018-03-29T05:35:29.000Z","volume":10000,"label":" ","price":2.46},{"type":"A","date":"2018-03-29T05:35:36.000Z","volume":5000,"label":" ","price":2.46},{"type":"A","date":"2018-03-29T05:37:14.000Z","volume":20000,"label":" ","price":2.46},{"type":"A","date":"2018-03-29T05:37:54.000Z","volume":30000,"label":" ","price":2.46},{"type":"A","date":"2018-03-29T05:37:54.000Z","volume":15000,"label":" ","price":2.46},{"type":"B","date":"2018-03-29T05:38:09.000Z","volume":15000,"label":" ","price":2.46},{"type":"A","date":"2018-03-29T05:39:08.000Z","volume":15000,"label":" ","price":2.47},{"type":"B","date":"2018-03-29T05:39:32.000Z","volume":5000,"label":" ","price":2.46},{"type":"A","date":"2018-03-29T05:39:34.000Z","volume":5000,"label":" ","price":2.47},{"type":"B","date":"2018-03-29T05:41:40.000Z","volume":30000,"label":" ","price":2.46},{"type":"B","date":"2018-03-29T05:42:33.000Z","volume":10000,"label":" ","price":2.46},{"type":"A","date":"2018-03-29T05:44:52.000Z","volume":5000,"label":" ","price":2.47},{"type":"A","date":"2018-03-29T05:45:47.000Z","volume":20000,"label":" ","price":2.47},{"type":"A","date":"2018-03-29T05:46:08.000Z","volume":50000,"label":" ","price":2.47},{"type":"A","date":"2018-03-29T05:46:20.000Z","volume":25000,"label":" ","price":2.47},{"type":"A","date":"2018-03-29T05:48:05.000Z","volume":5000,"label":" ","price":2.47},{"type":"A","date":"2018-03-29T05:48:34.000Z","volume":15000,"label":" ","price":2.47},{"type":"A","date":"2018-03-29T05:48:39.000Z","volume":10000,"label":" ","price":2.47},{"type":"A","date":"2018-03-29T05:49:51.000Z","volume":50000,"label":" ","price":2.48},{"type":"B","date":"2018-03-29T05:50:21.000Z","volume":80000,"label":" ","price":2.47},{"type":"B","date":"2018-03-29T05:50:21.000Z","volume":50000,"label":" ","price":2.47},{"type":"B","date":"2018-03-29T05:50:34.000Z","volume":15000,"label":" ","price":2.46},{"type":"B","date":"2018-03-29T05:51:25.000Z","volume":10000,"label":" ","price":2.46},{"type":"B","date":"2018-03-29T05:51:30.000Z","volume":35000,"label":" ","price":2.46},{"type":"B","date":"2018-03-29T05:54:41.000Z","volume":10000,"label":" ","price":2.45},{"type":"A","date":"2018-03-29T05:55:00.000Z","volume":20000,"label":" ","price":2.46},{"type":"A","date":"2018-03-29T05:55:31.000Z","volume":10000,"label":" ","price":2.46},{"type":"B","date":"2018-03-29T05:56:35.000Z","volume":5000,"label":" ","price":2.45},{"type":"B","date":"2018-03-29T05:59:50.000Z","volume":15000,"label":" ","price":2.45},{"type":"B","date":"2018-03-29T06:01:27.000Z","volume":10000,"label":" ","price":2.45},{"type":"B","date":"2018-03-29T06:04:52.000Z","volume":5000,"label":" ","price":2.45},{"type":"A","date":"2018-03-29T06:04:57.000Z","volume":50000,"label":" ","price":2.46},{"type":"A","date":"2018-03-29T06:06:07.000Z","volume":10000,"label":" ","price":2.46},{"type":"A","date":"2018-03-29T06:07:07.000Z","volume":60000,"label":" ","price":2.46},{"type":"B","date":"2018-03-29T06:07:44.000Z","volume":25000,"label":" ","price":2.46},{"type":"B","date":"2018-03-29T06:10:10.000Z","volume":5000,"label":" ","price":2.46},{"type":"A","date":"2018-03-29T06:11:57.000Z","volume":20000,"label":" ","price":2.47},{"type":"A","date":"2018-03-29T06:12:44.000Z","volume":10000,"label":" ","price":2.47},{"type":"B","date":"2018-03-29T06:14:03.000Z","volume":5000,"label":" ","price":2.46},{"type":"A","date":"2018-03-29T06:15:50.000Z","volume":5000,"label":" ","price":2.47},{"type":"A","date":"2018-03-29T06:16:07.000Z","volume":10000,"label":" ","price":2.47},{"type":"A","date":"2018-03-29T06:17:19.000Z","volume":5000,"label":" ","price":2.47},{"type":"A","date":"2018-03-29T06:17:41.000Z","volume":10000,"label":" ","price":2.47},{"type":"A","date":"2018-03-29T06:18:46.000Z","volume":45000,"label":" ","price":2.47},{"type":"A","date":"2018-03-29T06:18:47.000Z","volume":10000,"label":" ","price":2.47},{"type":"A","date":"2018-03-29T06:19:27.000Z","volume":5000,"label":" ","price":2.47},{"type":"A","date":"2018-03-29T06:20:20.000Z","volume":10000,"label":" ","price":2.47},{"type":"B","date":"2018-03-29T06:21:29.000Z","volume":100000,"label":" ","price":2.46},{"type":"B","date":"2018-03-29T06:24:06.000Z","volume":5000,"label":" ","price":2.46},{"type":"B","date":"2018-03-29T06:24:19.000Z","volume":10000,"label":" ","price":2.46},{"type":"A","date":"2018-03-29T06:24:34.000Z","volume":50000,"label":" ","price":2.47},{"type":"A","date":"2018-03-29T06:24:48.000Z","volume":5000,"label":" ","price":2.47},{"type":"A","date":"2018-03-29T06:24:55.000Z","volume":5000,"label":" ","price":2.47},{"type":"A","date":"2018-03-29T06:25:02.000Z","volume":20000,"label":" ","price":2.47},{"type":"A","date":"2018-03-29T06:25:25.000Z","volume":20000,"label":" ","price":2.47},{"type":"A","date":"2018-03-29T06:25:41.000Z","volume":10000,"label":" ","price":2.47},{"type":"A","date":"2018-03-29T06:26:00.000Z","volume":30000,"label":" ","price":2.48},{"type":"B","date":"2018-03-29T06:27:29.000Z","volume":10000,"label":" ","price":2.47},{"type":"B","date":"2018-03-29T06:27:46.000Z","volume":10000,"label":" ","price":2.47},{"type":"U","date":"2018-03-29T06:27:47.000Z","volume":4666,"label":"D","price":2.43},{"type":"B","date":"2018-03-29T06:28:46.000Z","volume":10000,"label":" ","price":2.47},{"type":"B","date":"2018-03-29T06:29:02.000Z","volume":5000,"label":" ","price":2.47},{"type":"B","date":"2018-03-29T06:29:22.000Z","volume":5000,"label":" ","price":2.47},{"type":"A","date":"2018-03-29T06:30:15.000Z","volume":5000,"label":" ","price":2.48},{"type":"B","date":"2018-03-29T06:30:18.000Z","volume":5000,"label":" ","price":2.47},{"type":"B","date":"2018-03-29T06:31:01.000Z","volume":70000,"label":" ","price":2.47},{"type":"B","date":"2018-03-29T06:31:05.000Z","volume":80000,"label":" ","price":2.47},{"type":"B","date":"2018-03-29T06:31:05.000Z","volume":25000,"label":" ","price":2.47},{"type":"B","date":"2018-03-29T06:31:13.000Z","volume":5000,"label":" ","price":2.47},{"type":"B","date":"2018-03-29T06:31:17.000Z","volume":50000,"label":" ","price":2.47},{"type":"A","date":"2018-03-29T06:31:28.000Z","volume":10000,"label":" ","price":2.47},{"type":"A","date":"2018-03-29T06:31:32.000Z","volume":20000,"label":" ","price":2.47},{"type":"A","date":"2018-03-29T06:31:34.000Z","volume":50000,"label":" ","price":2.47},{"type":"B","date":"2018-03-29T06:32:02.000Z","volume":15000,"label":" ","price":2.46},{"type":"B","date":"2018-03-29T06:33:16.000Z","volume":10000,"label":" ","price":2.46},{"type":"A","date":"2018-03-29T06:35:32.000Z","volume":10000,"label":" ","price":2.47},{"type":"A","date":"2018-03-29T06:36:35.000Z","volume":45000,"label":" ","price":2.47},{"type":"A","date":"2018-03-29T06:36:35.000Z","volume":5000,"label":" ","price":2.47},{"type":"A","date":"2018-03-29T06:36:41.000Z","volume":40000,"label":" ","price":2.48},{"type":"A","date":"2018-03-29T06:37:13.000Z","volume":100000,"label":" ","price":2.48},{"type":"A","date":"2018-03-29T06:37:13.000Z","volume":65000,"label":" ","price":2.48},{"type":"A","date":"2018-03-29T06:37:44.000Z","volume":15000,"label":" ","price":2.48},{"type":"A","date":"2018-03-29T06:37:45.000Z","volume":10000,"label":" ","price":2.48},{"type":"A","date":"2018-03-29T06:37:45.000Z","volume":5000,"label":" ","price":2.48},{"type":"B","date":"2018-03-29T06:37:52.000Z","volume":30000,"label":" ","price":2.48},{"type":"A","date":"2018-03-29T06:38:09.000Z","volume":5000,"label":" ","price":2.49},{"type":"B","date":"2018-03-29T06:38:15.000Z","volume":55000,"label":" ","price":2.48},{"type":"B","date":"2018-03-29T06:40:27.000Z","volume":30000,"label":" ","price":2.47},{"type":"A","date":"2018-03-29T06:42:50.000Z","volume":5000,"label":" ","price":2.48},{"type":"A","date":"2018-03-29T06:43:41.000Z","volume":10000,"label":" ","price":2.48},{"type":"A","date":"2018-03-29T06:45:38.000Z","volume":15000,"label":" ","price":2.48},{"type":"A","date":"2018-03-29T06:45:48.000Z","volume":10000,"label":" ","price":2.48},{"type":"A","date":"2018-03-29T06:46:19.000Z","volume":5000,"label":" ","price":2.48},{"type":"B","date":"2018-03-29T06:47:17.000Z","volume":75000,"label":" ","price":2.47},{"type":"B","date":"2018-03-29T06:47:17.000Z","volume":10000,"label":" ","price":2.47},{"type":"A","date":"2018-03-29T06:47:17.000Z","volume":25000,"label":" ","price":2.47},{"type":"A","date":"2018-03-29T06:52:44.000Z","volume":5000,"label":" ","price":2.47},{"type":"B","date":"2018-03-29T06:55:32.000Z","volume":15000,"label":" ","price":2.46},{"type":"B","date":"2018-03-29T06:55:37.000Z","volume":100000,"label":" ","price":2.46},{"type":"B","date":"2018-03-29T06:55:41.000Z","volume":100000,"label":" ","price":2.46},{"type":"B","date":"2018-03-29T06:55:41.000Z","volume":15000,"label":" ","price":2.46},{"type":"B","date":"2018-03-29T06:55:41.000Z","volume":5000,"label":" ","price":2.46},{"type":"A","date":"2018-03-29T06:59:00.000Z","volume":100000,"label":" ","price":2.46},{"type":"A","date":"2018-03-29T06:59:00.000Z","volume":10000,"label":" ","price":2.46},{"type":"A","date":"2018-03-29T06:59:00.000Z","volume":5000,"label":" ","price":2.46},{"type":"A","date":"2018-03-29T06:59:00.000Z","volume":20000,"label":" ","price":2.46},{"type":"A","date":"2018-03-29T06:59:07.000Z","volume":5000,"label":" ","price":2.46},{"type":"B","date":"2018-03-29T07:01:23.000Z","volume":20000,"label":" ","price":2.46},{"type":"B","date":"2018-03-29T07:01:41.000Z","volume":15000,"label":" ","price":2.46},{"type":"U","date":"2018-03-29T07:02:49.000Z","volume":1667,"label":"D","price":2.44},{"type":"B","date":"2018-03-29T07:04:20.000Z","volume":5000,"label":" ","price":2.46},{"type":"B","date":"2018-03-29T07:05:22.000Z","volume":15000,"label":" ","price":2.46},{"type":"A","date":"2018-03-29T07:06:40.000Z","volume":5000,"label":" ","price":2.47},{"type":"A","date":"2018-03-29T07:10:05.000Z","volume":5000,"label":" ","price":2.47},{"type":"A","date":"2018-03-29T07:11:04.000Z","volume":10000,"label":" ","price":2.47},{"type":"B","date":"2018-03-29T07:11:08.000Z","volume":65000,"label":" ","price":2.46},{"type":"B","date":"2018-03-29T07:11:08.000Z","volume":40000,"label":" ","price":2.46},{"type":"B","date":"2018-03-29T07:11:09.000Z","volume":5000,"label":" ","price":2.45},{"type":"B","date":"2018-03-29T07:11:45.000Z","volume":5000,"label":" ","price":2.45},{"type":"A","date":"2018-03-29T07:11:59.000Z","volume":80000,"label":" ","price":2.46},{"type":"B","date":"2018-03-29T07:11:59.000Z","volume":10000,"label":" ","price":2.46},{"type":"B","date":"2018-03-29T07:11:59.000Z","volume":5000,"label":" ","price":2.46},{"type":"B","date":"2018-03-29T07:12:01.000Z","volume":10000,"label":" ","price":2.46},{"type":"B","date":"2018-03-29T07:12:41.000Z","volume":45000,"label":" ","price":2.46},{"type":"A","date":"2018-03-29T07:12:41.000Z","volume":5000,"label":" ","price":2.46},{"type":"B","date":"2018-03-29T07:12:41.000Z","volume":5000,"label":" ","price":2.45},{"type":"B","date":"2018-03-29T07:14:28.000Z","volume":5000,"label":" ","price":2.45},{"type":"B","date":"2018-03-29T07:15:35.000Z","volume":15000,"label":" ","price":2.45},{"type":"B","date":"2018-03-29T07:16:09.000Z","volume":30000,"label":" ","price":2.45},{"type":"B","date":"2018-03-29T07:16:10.000Z","volume":5000,"label":" ","price":2.45},{"type":"A","date":"2018-03-29T07:18:59.000Z","volume":5000,"label":" ","price":2.46},{"type":"A","date":"2018-03-29T07:20:03.000Z","volume":10000,"label":" ","price":2.46},{"type":"A","date":"2018-03-29T07:20:29.000Z","volume":10000,"label":" ","price":2.46},{"type":"B","date":"2018-03-29T07:21:18.000Z","volume":10000,"label":" ","price":2.45},{"type":"A","date":"2018-03-29T07:21:20.000Z","volume":10000,"label":" ","price":2.46},{"type":"A","date":"2018-03-29T07:22:15.000Z","volume":5000,"label":" ","price":2.46},{"type":"A","date":"2018-03-29T07:22:37.000Z","volume":10000,"label":" ","price":2.46},{"type":"B","date":"2018-03-29T07:22:58.000Z","volume":5000,"label":" ","price":2.45},{"type":"A","date":"2018-03-29T07:25:31.000Z","volume":5000,"label":" ","price":2.46},{"type":"A","date":"2018-03-29T07:27:23.000Z","volume":5000,"label":" ","price":2.46},{"type":"A","date":"2018-03-29T07:27:56.000Z","volume":5000,"label":" ","price":2.46},{"type":"A","date":"2018-03-29T07:28:34.000Z","volume":5000,"label":" ","price":2.46},{"type":"U","date":"2018-03-29T07:28:47.000Z","volume":667,"label":"D","price":2.41},{"type":"A","date":"2018-03-29T07:28:47.000Z","volume":5000,"label":" ","price":2.46},{"type":"A","date":"2018-03-29T07:29:02.000Z","volume":5000,"label":" ","price":2.46},{"type":"B","date":"2018-03-29T07:29:02.000Z","volume":5000,"label":" ","price":2.45},{"type":"A","date":"2018-03-29T07:29:36.000Z","volume":5000,"label":" ","price":2.46},{"type":"A","date":"2018-03-29T07:30:12.000Z","volume":5000,"label":" ","price":2.46},{"type":"B","date":"2018-03-29T07:30:15.000Z","volume":5000,"label":" ","price":2.45},{"type":"A","date":"2018-03-29T07:30:49.000Z","volume":5000,"label":" ","price":2.46},{"type":"A","date":"2018-03-29T07:31:29.000Z","volume":5000,"label":" ","price":2.46},{"type":"A","date":"2018-03-29T07:32:03.000Z","volume":5000,"label":" ","price":2.46},{"type":"A","date":"2018-03-29T07:32:09.000Z","volume":5000,"label":" ","price":2.46},{"type":"A","date":"2018-03-29T07:32:36.000Z","volume":20000,"label":" ","price":2.46},{"type":"A","date":"2018-03-29T07:32:49.000Z","volume":5000,"label":" ","price":2.46},{"type":"A","date":"2018-03-29T07:33:05.000Z","volume":5000,"label":" ","price":2.46},{"type":"A","date":"2018-03-29T07:33:09.000Z","volume":5000,"label":" ","price":2.46},{"type":"A","date":"2018-03-29T07:33:49.000Z","volume":5000,"label":" ","price":2.46},{"type":"A","date":"2018-03-29T07:34:26.000Z","volume":5000,"label":" ","price":2.46},{"type":"A","date":"2018-03-29T07:34:29.000Z","volume":5000,"label":" ","price":2.46},{"type":"A","date":"2018-03-29T07:35:09.000Z","volume":5000,"label":" ","price":2.46},{"type":"A","date":"2018-03-29T07:35:18.000Z","volume":5000,"label":" ","price":2.46},{"type":"B","date":"2018-03-29T07:35:19.000Z","volume":5000,"label":" ","price":2.45},{"type":"A","date":"2018-03-29T07:35:29.000Z","volume":5000,"label":" ","price":2.46},{"type":"B","date":"2018-03-29T07:35:39.000Z","volume":20000,"label":" ","price":2.45},{"type":"B","date":"2018-03-29T07:35:44.000Z","volume":200000,"label":" ","price":2.45},{"type":"B","date":"2018-03-29T07:35:44.000Z","volume":50000,"label":" ","price":2.45},{"type":"B","date":"2018-03-29T07:35:44.000Z","volume":10000,"label":" ","price":2.45},{"type":"B","date":"2018-03-29T07:36:34.000Z","volume":10000,"label":" ","price":2.45},{"type":"B","date":"2018-03-29T07:36:35.000Z","volume":5000,"label":" ","price":2.45},{"type":"B","date":"2018-03-29T07:37:11.000Z","volume":10000,"label":" ","price":2.45},{"type":"B","date":"2018-03-29T07:37:42.000Z","volume":5000,"label":" ","price":2.45},{"type":"B","date":"2018-03-29T07:37:56.000Z","volume":5000,"label":" ","price":2.45},{"type":"B","date":"2018-03-29T07:38:53.000Z","volume":125000,"label":" ","price":2.45},{"type":"B","date":"2018-03-29T07:38:53.000Z","volume":5000,"label":" ","price":2.45},{"type":"B","date":"2018-03-29T07:38:53.000Z","volume":15000,"label":" ","price":2.45},{"type":"B","date":"2018-03-29T07:39:32.000Z","volume":35000,"label":" ","price":2.45},{"type":"B","date":"2018-03-29T07:39:33.000Z","volume":5000,"label":" ","price":2.45},{"type":"U","date":"2018-03-29T07:40:42.000Z","volume":3000,"label":"D","price":2.4},{"type":"B","date":"2018-03-29T07:40:50.000Z","volume":10000,"label":"Y","price":2.45},{"type":"B","date":"2018-03-29T07:40:50.000Z","volume":30000,"label":" ","price":2.45},{"type":"B","date":"2018-03-29T07:40:51.000Z","volume":10000,"label":" ","price":2.45},{"type":"B","date":"2018-03-29T07:42:23.000Z","volume":20000,"label":" ","price":2.45},{"type":"B","date":"2018-03-29T07:42:38.000Z","volume":5000,"label":" ","price":2.45},{"type":"A","date":"2018-03-29T07:45:21.000Z","volume":5000,"label":" ","price":2.46},{"type":"B","date":"2018-03-29T07:45:39.000Z","volume":5000,"label":" ","price":2.45},{"type":"A","date":"2018-03-29T07:47:07.000Z","volume":5000,"label":" ","price":2.46},{"type":"B","date":"2018-03-29T07:47:07.000Z","volume":5000,"label":" ","price":2.45},{"type":"A","date":"2018-03-29T07:48:47.000Z","volume":20000,"label":" ","price":2.46},{"type":"A","date":"2018-03-29T07:48:47.000Z","volume":5000,"label":" ","price":2.46},{"type":"B","date":"2018-03-29T07:49:09.000Z","volume":95000,"label":" ","price":2.45},{"type":"B","date":"2018-03-29T07:49:09.000Z","volume":15000,"label":" ","price":2.45},{"type":"B","date":"2018-03-29T07:49:09.000Z","volume":5000,"label":" ","price":2.45},{"type":"B","date":"2018-03-29T07:50:34.000Z","volume":5000,"label":" ","price":2.45},{"type":"A","date":"2018-03-29T07:51:53.000Z","volume":20000,"label":" ","price":2.46},{"type":"A","date":"2018-03-29T07:52:05.000Z","volume":5000,"label":" ","price":2.46},{"type":"A","date":"2018-03-29T07:52:08.000Z","volume":5000,"label":" ","price":2.46},{"type":"A","date":"2018-03-29T07:52:17.000Z","volume":15000,"label":" ","price":2.46},{"type":"A","date":"2018-03-29T07:53:14.000Z","volume":5000,"label":"Y","price":2.46},{"type":"A","date":"2018-03-29T07:53:39.000Z","volume":5000,"label":" ","price":2.46},{"type":"A","date":"2018-03-29T07:53:54.000Z","volume":5000,"label":" ","price":2.46},{"type":"A","date":"2018-03-29T07:53:58.000Z","volume":5000,"label":" ","price":2.46},{"type":"A","date":"2018-03-29T07:54:10.000Z","volume":5000,"label":" ","price":2.46},{"type":"B","date":"2018-03-29T07:54:14.000Z","volume":5000,"label":" ","price":2.45},{"type":"A","date":"2018-03-29T07:54:40.000Z","volume":5000,"label":" ","price":2.46},{"type":"A","date":"2018-03-29T07:54:54.000Z","volume":5000,"label":" ","price":2.46},{"type":"A","date":"2018-03-29T07:55:06.000Z","volume":5000,"label":" ","price":2.46},{"type":"A","date":"2018-03-29T07:55:16.000Z","volume":5000,"label":" ","price":2.46},{"type":"A","date":"2018-03-29T07:55:27.000Z","volume":5000,"label":" ","price":2.46},{"type":"A","date":"2018-03-29T07:55:39.000Z","volume":5000,"label":" ","price":2.46},{"type":"A","date":"2018-03-29T07:55:40.000Z","volume":5000,"label":" ","price":2.46},{"type":"A","date":"2018-03-29T07:55:52.000Z","volume":5000,"label":" ","price":2.46},{"type":"A","date":"2018-03-29T07:56:03.000Z","volume":5000,"label":" ","price":2.46},{"type":"A","date":"2018-03-29T07:56:15.000Z","volume":5000,"label":" ","price":2.46},{"type":"B","date":"2018-03-29T07:56:24.000Z","volume":20000,"label":" ","price":2.45},{"type":"B","date":"2018-03-29T07:56:53.000Z","volume":20000,"label":" ","price":2.45},{"type":"A","date":"2018-03-29T07:57:25.000Z","volume":5000,"label":" ","price":2.46},{"type":"B","date":"2018-03-29T07:57:33.000Z","volume":5000,"label":" ","price":2.45},{"type":"A","date":"2018-03-29T07:57:34.000Z","volume":5000,"label":" ","price":2.46},{"type":"B","date":"2018-03-29T07:57:46.000Z","volume":50000,"label":" ","price":2.45},{"type":"B","date":"2018-03-29T07:57:46.000Z","volume":10000,"label":" ","price":2.45},{"type":"B","date":"2018-03-29T07:57:52.000Z","volume":90000,"label":" ","price":2.45},{"type":"B","date":"2018-03-29T07:57:52.000Z","volume":5000,"label":" ","price":2.45},{"type":"B","date":"2018-03-29T07:57:52.000Z","volume":25000,"label":" ","price":2.44},{"type":"U","date":"2018-03-29T07:57:52.000Z","volume":5000,"label":" ","price":2.45},{"type":"B","date":"2018-03-29T07:57:52.000Z","volume":10000,"label":" ","price":2.44},{"type":"A","date":"2018-03-29T07:57:53.000Z","volume":5000,"label":" ","price":2.45},{"type":"A","date":"2018-03-29T07:57:58.000Z","volume":5000,"label":" ","price":2.45},{"type":"A","date":"2018-03-29T07:58:19.000Z","volume":10000,"label":" ","price":2.45},{"type":"A","date":"2018-03-29T07:58:39.000Z","volume":15000,"label":" ","price":2.45},{"type":"A","date":"2018-03-29T07:58:49.000Z","volume":5000,"label":" ","price":2.45},{"type":"A","date":"2018-03-29T07:58:53.000Z","volume":10000,"label":" ","price":2.45},{"type":"A","date":"2018-03-29T07:58:56.000Z","volume":5000,"label":" ","price":2.45},{"type":"A","date":"2018-03-29T07:58:59.000Z","volume":5000,"label":" ","price":2.45},{"type":"A","date":"2018-03-29T07:59:01.000Z","volume":5000,"label":" ","price":2.45},{"type":"B","date":"2018-03-29T07:59:02.000Z","volume":5000,"label":" ","price":2.44},{"type":"A","date":"2018-03-29T07:59:05.000Z","volume":5000,"label":" ","price":2.45},{"type":"B","date":"2018-03-29T07:59:06.000Z","volume":5000,"label":" ","price":2.44},{"type":"A","date":"2018-03-29T07:59:23.000Z","volume":10000,"label":" ","price":2.45},{"type":"A","date":"2018-03-29T07:59:30.000Z","volume":5000,"label":" ","price":2.45},{"type":"A","date":"2018-03-29T07:59:31.000Z","volume":15000,"label":" ","price":2.45},{"type":"B","date":"2018-03-29T07:59:33.000Z","volume":5000,"label":" ","price":2.44},{"type":"A","date":"2018-03-29T07:59:38.000Z","volume":15000,"label":" ","price":2.45},{"type":"A","date":"2018-03-29T07:59:46.000Z","volume":10000,"label":" ","price":2.45},{"type":"A","date":"2018-03-29T07:59:53.000Z","volume":15000,"label":" ","price":2.45},{"type":"U","date":"2018-03-29T08:08:11.000Z","volume":140000,"label":"U","price":2.45}]