[{"type":"A","date":"2018-03-21T07:59:38.000Z","volume":50000,"price":2.87,"category":"ubbull"},{"type":"A","date":"2018-03-21T07:58:25.000Z","volume":90000,"price":2.87,"category":"ubbull"},{"type":"A","date":"2018-03-21T07:58:23.000Z","volume":50000,"price":2.87,"category":"ubbull"},{"type":"A","date":"2018-03-21T07:57:50.000Z","volume":100000,"price":2.88,"category":"ubbull"},{"type":"A","date":"2018-03-21T07:57:23.000Z","volume":100000,"price":2.88,"category":"ubbull"},{"type":"A","date":"2018-03-21T07:57:13.000Z","volume":160000,"price":2.88,"category":"ubbull"},{"type":"A","date":"2018-03-21T07:57:09.000Z","volume":55000,"price":2.87,"category":"ubbull"},{"type":"A","date":"2018-03-21T07:55:15.000Z","volume":150000,"price":2.88,"category":"ubbull"},{"type":"A","date":"2018-03-21T07:54:40.000Z","volume":45000,"price":2.9,"category":"ubbull"},{"type":"A","date":"2018-03-21T07:54:18.000Z","volume":145000,"price":2.9,"category":"ubbull"},{"type":"A","date":"2018-03-21T07:54:16.000Z","volume":45000,"price":2.9,"category":"ubbull"},{"type":"A","date":"2018-03-21T07:53:22.000Z","volume":170000,"price":2.9,"category":"ubbull"},{"type":"A","date":"2018-03-21T07:41:42.000Z","volume":50000,"price":2.95,"category":"ubbull"},{"type":"A","date":"2018-03-21T07:41:09.000Z","volume":45000,"price":2.94,"category":"ubbull"},{"type":"A","date":"2018-03-21T07:32:31.000Z","volume":50000,"price":2.94,"category":"ubbull"},{"type":"A","date":"2018-03-21T07:03:02.000Z","volume":50000,"price":2.96,"category":"ubbull"},{"type":"A","date":"2018-03-21T06:50:29.000Z","volume":55000,"price":2.94,"category":"ubbull"},{"type":"A","date":"2018-03-21T06:48:27.000Z","volume":100000,"price":2.92,"category":"ubbull"},{"type":"A","date":"2018-03-21T06:45:05.000Z","volume":90000,"price":2.91,"category":"ubbull"},{"type":"A","date":"2018-03-21T06:39:41.000Z","volume":125000,"price":2.93,"category":"ubbull"},{"type":"A","date":"2018-03-21T06:23:31.000Z","volume":45000,"price":2.98,"category":"ubbull"},{"type":"A","date":"2018-03-21T06:23:31.000Z","volume":55000,"price":2.98,"category":"ubbull"},{"type":"A","date":"2018-03-21T06:07:47.000Z","volume":85000,"price":3.01,"category":"ubbull"},{"type":"A","date":"2018-03-21T05:27:59.000Z","volume":45000,"price":3.01,"category":"ubbull"},{"type":"A","date":"2018-03-21T03:45:39.000Z","volume":50000,"price":3.01,"category":"ubbull"},{"type":"A","date":"2018-03-21T03:29:50.000Z","volume":50000,"price":2.99,"category":"ubbull"},{"type":"A","date":"2018-03-21T03:15:43.000Z","volume":60000,"price":3.01,"category":"ubbull"},{"type":"A","date":"2018-03-21T03:15:17.000Z","volume":50000,"price":3.01,"category":"ubbull"},{"type":"A","date":"2018-03-21T02:52:51.000Z","volume":80000,"price":3.02,"category":"ubbull"},{"type":"A","date":"2018-03-21T02:38:54.000Z","volume":70000,"price":3.02,"category":"ubbull"},{"type":"A","date":"2018-03-21T02:38:39.000Z","volume":50000,"price":3.01,"category":"ubbull"},{"type":"A","date":"2018-03-21T02:21:01.000Z","volume":50000,"price":3.02,"category":"ubbull"},{"type":"A","date":"2018-03-21T02:19:31.000Z","volume":85000,"price":3.02,"category":"ubbull"},{"type":"A","date":"2018-03-21T02:09:24.000Z","volume":75000,"price":3.04,"category":"ubbull"},{"type":"A","date":"2018-03-21T02:06:13.000Z","volume":70000,"price":3.04,"category":"ubbull"},{"type":"A","date":"2018-03-21T02:02:20.000Z","volume":60000,"price":3.04,"category":"ubbull"},{"type":"A","date":"2018-03-21T01:57:55.000Z","volume":50000,"price":3.04,"category":"ubbull"},{"type":"A","date":"2018-03-21T01:56:25.000Z","volume":65000,"price":3.03,"category":"ubbull"},{"type":"A","date":"2018-03-21T01:56:11.000Z","volume":100000,"price":3.04,"category":"ubbull"},{"type":"A","date":"2018-03-21T01:55:58.000Z","volume":60000,"price":3.03,"category":"ubbull"},{"type":"A","date":"2018-03-21T01:54:54.000Z","volume":400000,"price":3.03,"category":"ubbull"},{"type":"A","date":"2018-03-21T01:54:52.000Z","volume":90000,"price":3.02,"category":"ubbull"},{"type":"A","date":"2018-03-21T01:54:52.000Z","volume":60000,"price":3.02,"category":"ubbull"},{"type":"A","date":"2018-03-21T01:54:44.000Z","volume":55000,"price":3.01,"category":"ubbull"},{"type":"A","date":"2018-03-21T01:54:44.000Z","volume":100000,"price":3.01,"category":"ubbull"},{"type":"A","date":"2018-03-21T01:54:34.000Z","volume":75000,"price":3.01,"category":"ubbull"},{"type":"A","date":"2018-03-21T01:53:46.000Z","volume":45000,"price":3.01,"category":"ubbull"},{"type":"A","date":"2018-03-21T01:51:33.000Z","volume":100000,"price":3,"category":"ubbull"},{"type":"A","date":"2018-03-21T01:48:03.000Z","volume":100000,"price":3,"category":"ubbull"},{"type":"A","date":"2018-03-21T01:47:59.000Z","volume":100000,"price":3,"category":"ubbull"},{"type":"A","date":"2018-03-21T01:46:17.000Z","volume":80000,"price":3,"category":"ubbull"},{"type":"A","date":"2018-03-21T01:39:09.000Z","volume":200000,"price":3,"category":"ubbull"},{"type":"A","date":"2018-03-21T07:59:44.000Z","volume":25000,"price":2.87,"category":"bbull"},{"type":"A","date":"2018-03-21T07:58:52.000Z","volume":20000,"price":2.88,"category":"bbull"},{"type":"A","date":"2018-03-21T07:58:35.000Z","volume":20000,"price":2.88,"category":"bbull"},{"type":"A","date":"2018-03-21T07:58:26.000Z","volume":20000,"price":2.88,"category":"bbull"},{"type":"A","date":"2018-03-21T07:57:51.000Z","volume":25000,"price":2.88,"category":"bbull"},{"type":"A","date":"2018-03-21T07:57:48.000Z","volume":20000,"price":2.88,"category":"bbull"},{"type":"A","date":"2018-03-21T07:57:26.000Z","volume":30000,"price":2.88,"category":"bbull"},{"type":"A","date":"2018-03-21T07:57:19.000Z","volume":20000,"price":2.88,"category":"bbull"},{"type":"A","date":"2018-03-21T07:57:14.000Z","volume":30000,"price":2.88,"category":"bbull"},{"type":"A","date":"2018-03-21T07:56:57.000Z","volume":25000,"price":2.89,"category":"bbull"},{"type":"A","date":"2018-03-21T07:55:29.000Z","volume":20000,"price":2.9,"category":"bbull"},{"type":"A","date":"2018-03-21T07:55:16.000Z","volume":20000,"price":2.9,"category":"bbull"},{"type":"A","date":"2018-03-21T07:54:19.000Z","volume":30000,"price":2.92,"category":"bbull"},{"type":"A","date":"2018-03-21T07:53:23.000Z","volume":30000,"price":2.92,"category":"bbull"},{"type":"A","date":"2018-03-21T07:53:02.000Z","volume":30000,"price":2.92,"category":"bbull"},{"type":"A","date":"2018-03-21T07:49:51.000Z","volume":25000,"price":2.95,"category":"bbull"},{"type":"A","date":"2018-03-21T07:41:17.000Z","volume":20000,"price":2.94,"category":"bbull"},{"type":"A","date":"2018-03-21T07:41:17.000Z","volume":20000,"price":2.94,"category":"bbull"},{"type":"A","date":"2018-03-21T07:41:09.000Z","volume":20000,"price":2.94,"category":"bbull"},{"type":"A","date":"2018-03-21T07:39:32.000Z","volume":20000,"price":2.94,"category":"bbull"},{"type":"A","date":"2018-03-21T07:32:49.000Z","volume":30000,"price":2.94,"category":"bbull"},{"type":"A","date":"2018-03-21T07:19:14.000Z","volume":20000,"price":2.94,"category":"bbull"},{"type":"A","date":"2018-03-21T06:56:00.000Z","volume":25000,"price":2.96,"category":"bbull"},{"type":"A","date":"2018-03-21T06:54:07.000Z","volume":20000,"price":2.96,"category":"bbull"},{"type":"A","date":"2018-03-21T06:48:33.000Z","volume":20000,"price":2.92,"category":"bbull"},{"type":"A","date":"2018-03-21T06:47:03.000Z","volume":20000,"price":2.92,"category":"bbull"},{"type":"A","date":"2018-03-21T06:45:54.000Z","volume":20000,"price":2.92,"category":"bbull"},{"type":"A","date":"2018-03-21T06:38:20.000Z","volume":35000,"price":2.94,"category":"bbull"},{"type":"A","date":"2018-03-21T06:38:14.000Z","volume":30000,"price":2.93,"category":"bbull"},{"type":"A","date":"2018-03-21T06:37:42.000Z","volume":40000,"price":2.92,"category":"bbull"},{"type":"A","date":"2018-03-21T06:37:08.000Z","volume":20000,"price":2.92,"category":"bbull"},{"type":"A","date":"2018-03-21T06:36:03.000Z","volume":25000,"price":2.97,"category":"bbull"},{"type":"A","date":"2018-03-21T06:30:18.000Z","volume":20000,"price":3,"category":"bbull"},{"type":"A","date":"2018-03-21T06:16:36.000Z","volume":30000,"price":3,"category":"bbull"},{"type":"A","date":"2018-03-21T06:07:58.000Z","volume":20000,"price":3.02,"category":"bbull"},{"type":"A","date":"2018-03-21T06:07:57.000Z","volume":40000,"price":3.02,"category":"bbull"},{"type":"A","date":"2018-03-21T06:07:03.000Z","volume":30000,"price":3.01,"category":"bbull"},{"type":"A","date":"2018-03-21T06:03:53.000Z","volume":25000,"price":3.01,"category":"bbull"},{"type":"A","date":"2018-03-21T06:03:18.000Z","volume":20000,"price":3.01,"category":"bbull"},{"type":"A","date":"2018-03-21T05:27:46.000Z","volume":20000,"price":3.01,"category":"bbull"},{"type":"A","date":"2018-03-21T05:27:44.000Z","volume":25000,"price":3.01,"category":"bbull"},{"type":"A","date":"2018-03-21T05:18:26.000Z","volume":20000,"price":3.01,"category":"bbull"},{"type":"A","date":"2018-03-21T05:02:02.000Z","volume":35000,"price":3.01,"category":"bbull"},{"type":"A","date":"2018-03-21T03:54:41.000Z","volume":30000,"price":3.01,"category":"bbull"},{"type":"A","date":"2018-03-21T03:43:05.000Z","volume":35000,"price":3,"category":"bbull"},{"type":"A","date":"2018-03-21T03:37:14.000Z","volume":40000,"price":3,"category":"bbull"},{"type":"A","date":"2018-03-21T03:33:31.000Z","volume":30000,"price":3,"category":"bbull"},{"type":"A","date":"2018-03-21T03:29:50.000Z","volume":20000,"price":3,"category":"bbull"},{"type":"A","date":"2018-03-21T03:28:40.000Z","volume":30000,"price":3,"category":"bbull"},{"type":"A","date":"2018-03-21T03:24:28.000Z","volume":20000,"price":3,"category":"bbull"},{"type":"A","date":"2018-03-21T03:22:46.000Z","volume":30000,"price":3,"category":"bbull"},{"type":"A","date":"2018-03-21T03:14:44.000Z","volume":20000,"price":3.01,"category":"bbull"},{"type":"A","date":"2018-03-21T02:59:39.000Z","volume":20000,"price":3.02,"category":"bbull"},{"type":"A","date":"2018-03-21T02:50:54.000Z","volume":20000,"price":3.02,"category":"bbull"},{"type":"A","date":"2018-03-21T02:45:16.000Z","volume":20000,"price":3.01,"category":"bbull"},{"type":"A","date":"2018-03-21T02:42:36.000Z","volume":25000,"price":3.01,"category":"bbull"},{"type":"A","date":"2018-03-21T02:41:40.000Z","volume":30000,"price":3.02,"category":"bbull"},{"type":"A","date":"2018-03-21T02:40:35.000Z","volume":20000,"price":3.02,"category":"bbull"},{"type":"A","date":"2018-03-21T02:39:56.000Z","volume":35000,"price":3.02,"category":"bbull"},{"type":"A","date":"2018-03-21T02:38:54.000Z","volume":30000,"price":3.01,"category":"bbull"},{"type":"A","date":"2018-03-21T02:20:34.000Z","volume":20000,"price":3.02,"category":"bbull"},{"type":"A","date":"2018-03-21T02:10:20.000Z","volume":25000,"price":3.04,"category":"bbull"},{"type":"A","date":"2018-03-21T02:10:20.000Z","volume":35000,"price":3.04,"category":"bbull"},{"type":"A","date":"2018-03-21T02:02:40.000Z","volume":20000,"price":3.04,"category":"bbull"},{"type":"A","date":"2018-03-21T01:56:13.000Z","volume":35000,"price":3.04,"category":"bbull"},{"type":"A","date":"2018-03-21T01:55:10.000Z","volume":40000,"price":3.03,"category":"bbull"},{"type":"A","date":"2018-03-21T01:54:59.000Z","volume":20000,"price":3.03,"category":"bbull"},{"type":"A","date":"2018-03-21T01:54:56.000Z","volume":20000,"price":3.03,"category":"bbull"},{"type":"A","date":"2018-03-21T01:54:45.000Z","volume":40000,"price":3.02,"category":"bbull"},{"type":"A","date":"2018-03-21T01:51:34.000Z","volume":20000,"price":3.01,"category":"bbull"},{"type":"A","date":"2018-03-21T01:48:00.000Z","volume":20000,"price":3,"category":"bbull"},{"type":"A","date":"2018-03-21T01:39:10.000Z","volume":35000,"price":3.01,"category":"bbull"},{"type":"A","date":"2018-03-21T07:59:51.000Z","volume":5000,"price":2.88,"category":"rbull"},{"type":"A","date":"2018-03-21T07:59:45.000Z","volume":5000,"price":2.88,"category":"rbull"},{"type":"A","date":"2018-03-21T07:59:14.000Z","volume":5000,"price":2.88,"category":"rbull"},{"type":"A","date":"2018-03-21T07:59:04.000Z","volume":5000,"price":2.87,"category":"rbull"},{"type":"A","date":"2018-03-21T07:58:48.000Z","volume":5000,"price":2.88,"category":"rbull"},{"type":"A","date":"2018-03-21T07:58:26.000Z","volume":5000,"price":2.88,"category":"rbull"},{"type":"A","date":"2018-03-21T07:58:26.000Z","volume":5000,"price":2.88,"category":"rbull"},{"type":"A","date":"2018-03-21T07:58:01.000Z","volume":5000,"price":2.88,"category":"rbull"},{"type":"A","date":"2018-03-21T07:57:48.000Z","volume":5000,"price":2.88,"category":"rbull"},{"type":"A","date":"2018-03-21T07:57:47.000Z","volume":5000,"price":2.88,"category":"rbull"},{"type":"A","date":"2018-03-21T07:57:43.000Z","volume":5000,"price":2.88,"category":"rbull"},{"type":"A","date":"2018-03-21T07:57:39.000Z","volume":5000,"price":2.88,"category":"rbull"},{"type":"A","date":"2018-03-21T07:57:35.000Z","volume":5000,"price":2.88,"category":"rbull"},{"type":"A","date":"2018-03-21T07:57:31.000Z","volume":5000,"price":2.88,"category":"rbull"},{"type":"A","date":"2018-03-21T07:57:24.000Z","volume":5000,"price":2.88,"category":"rbull"},{"type":"A","date":"2018-03-21T07:57:24.000Z","volume":5000,"price":2.88,"category":"rbull"},{"type":"A","date":"2018-03-21T07:57:14.000Z","volume":5000,"price":2.88,"category":"rbull"},{"type":"A","date":"2018-03-21T07:57:09.000Z","volume":5000,"price":2.87,"category":"rbull"},{"type":"A","date":"2018-03-21T07:57:08.000Z","volume":5000,"price":2.88,"category":"rbull"},{"type":"A","date":"2018-03-21T07:56:58.000Z","volume":5000,"price":2.89,"category":"rbull"},{"type":"A","date":"2018-03-21T07:56:15.000Z","volume":5000,"price":2.9,"category":"rbull"},{"type":"A","date":"2018-03-21T07:56:14.000Z","volume":5000,"price":2.9,"category":"rbull"},{"type":"A","date":"2018-03-21T07:55:30.000Z","volume":5000,"price":2.9,"category":"rbull"},{"type":"A","date":"2018-03-21T07:55:24.000Z","volume":5000,"price":2.9,"category":"rbull"},{"type":"A","date":"2018-03-21T07:55:16.000Z","volume":5000,"price":2.89,"category":"rbull"},{"type":"A","date":"2018-03-21T07:55:13.000Z","volume":5000,"price":2.89,"category":"rbull"},{"type":"A","date":"2018-03-21T07:55:09.000Z","volume":5000,"price":2.89,"category":"rbull"},{"type":"A","date":"2018-03-21T07:50:00.000Z","volume":5000,"price":2.95,"category":"rbull"},{"type":"A","date":"2018-03-21T07:42:19.000Z","volume":5000,"price":2.95,"category":"rbull"},{"type":"A","date":"2018-03-21T07:41:17.000Z","volume":5000,"price":2.94,"category":"rbull"},{"type":"A","date":"2018-03-21T07:25:51.000Z","volume":5000,"price":2.94,"category":"rbull"},{"type":"A","date":"2018-03-21T07:19:14.000Z","volume":5000,"price":2.94,"category":"rbull"},{"type":"A","date":"2018-03-21T07:12:32.000Z","volume":5000,"price":2.94,"category":"rbull"},{"type":"A","date":"2018-03-21T06:55:02.000Z","volume":5000,"price":2.96,"category":"rbull"},{"type":"A","date":"2018-03-21T06:53:51.000Z","volume":5000,"price":2.96,"category":"rbull"},{"type":"A","date":"2018-03-21T06:52:06.000Z","volume":5000,"price":2.95,"category":"rbull"},{"type":"A","date":"2018-03-21T06:48:33.000Z","volume":5000,"price":2.92,"category":"rbull"},{"type":"A","date":"2018-03-21T06:46:28.000Z","volume":5000,"price":2.92,"category":"rbull"},{"type":"A","date":"2018-03-21T06:38:43.000Z","volume":5000,"price":2.93,"category":"rbull"},{"type":"A","date":"2018-03-21T06:38:40.000Z","volume":5000,"price":2.93,"category":"rbull"},{"type":"A","date":"2018-03-21T06:38:14.000Z","volume":5000,"price":2.93,"category":"rbull"},{"type":"A","date":"2018-03-21T06:37:08.000Z","volume":5000,"price":2.92,"category":"rbull"},{"type":"A","date":"2018-03-21T06:32:32.000Z","volume":5000,"price":2.98,"category":"rbull"},{"type":"A","date":"2018-03-21T06:24:21.000Z","volume":5000,"price":2.99,"category":"rbull"},{"type":"A","date":"2018-03-21T06:23:35.000Z","volume":5000,"price":2.99,"category":"rbull"},{"type":"A","date":"2018-03-21T06:23:32.000Z","volume":5000,"price":2.98,"category":"rbull"},{"type":"A","date":"2018-03-21T06:23:32.000Z","volume":5000,"price":2.98,"category":"rbull"},{"type":"A","date":"2018-03-21T06:22:02.000Z","volume":5000,"price":2.98,"category":"rbull"},{"type":"A","date":"2018-03-21T06:14:53.000Z","volume":5000,"price":3.01,"category":"rbull"},{"type":"A","date":"2018-03-21T06:14:47.000Z","volume":5000,"price":3.01,"category":"rbull"},{"type":"A","date":"2018-03-21T06:07:20.000Z","volume":5000,"price":3.01,"category":"rbull"},{"type":"A","date":"2018-03-21T06:07:20.000Z","volume":5000,"price":3.01,"category":"rbull"},{"type":"A","date":"2018-03-21T06:07:17.000Z","volume":5000,"price":3.01,"category":"rbull"},{"type":"A","date":"2018-03-21T06:07:17.000Z","volume":5000,"price":3.01,"category":"rbull"},{"type":"A","date":"2018-03-21T06:05:47.000Z","volume":5000,"price":3.01,"category":"rbull"},{"type":"A","date":"2018-03-21T06:05:47.000Z","volume":5000,"price":3.01,"category":"rbull"},{"type":"A","date":"2018-03-21T06:03:53.000Z","volume":5000,"price":3.01,"category":"rbull"},{"type":"A","date":"2018-03-21T05:56:32.000Z","volume":5000,"price":3.01,"category":"rbull"},{"type":"A","date":"2018-03-21T05:52:47.000Z","volume":5000,"price":3.01,"category":"rbull"},{"type":"A","date":"2018-03-21T05:51:17.000Z","volume":5000,"price":3.01,"category":"rbull"},{"type":"A","date":"2018-03-21T05:46:32.000Z","volume":5000,"price":3.01,"category":"rbull"},{"type":"A","date":"2018-03-21T05:44:47.000Z","volume":5000,"price":3.01,"category":"rbull"},{"type":"A","date":"2018-03-21T05:44:06.000Z","volume":5000,"price":3.01,"category":"rbull"},{"type":"A","date":"2018-03-21T05:39:16.000Z","volume":5000,"price":3.01,"category":"rbull"},{"type":"A","date":"2018-03-21T05:28:12.000Z","volume":5000,"price":3.01,"category":"rbull"},{"type":"A","date":"2018-03-21T05:28:11.000Z","volume":5000,"price":3.01,"category":"rbull"},{"type":"A","date":"2018-03-21T05:27:47.000Z","volume":5000,"price":3.01,"category":"rbull"},{"type":"A","date":"2018-03-21T05:25:02.000Z","volume":5000,"price":3.01,"category":"rbull"},{"type":"A","date":"2018-03-21T05:25:02.000Z","volume":5000,"price":3.01,"category":"rbull"},{"type":"A","date":"2018-03-21T05:25:02.000Z","volume":5000,"price":3.01,"category":"rbull"},{"type":"A","date":"2018-03-21T05:25:02.000Z","volume":5000,"price":3.01,"category":"rbull"},{"type":"A","date":"2018-03-21T05:21:47.000Z","volume":5000,"price":3.01,"category":"rbull"},{"type":"A","date":"2018-03-21T05:21:24.000Z","volume":5000,"price":3.01,"category":"rbull"},{"type":"A","date":"2018-03-21T05:18:21.000Z","volume":5000,"price":3.01,"category":"rbull"},{"type":"A","date":"2018-03-21T05:11:00.000Z","volume":5000,"price":3.02,"category":"rbull"},{"type":"A","date":"2018-03-21T05:09:58.000Z","volume":5000,"price":3.02,"category":"rbull"},{"type":"A","date":"2018-03-21T05:09:51.000Z","volume":5000,"price":3.02,"category":"rbull"},{"type":"A","date":"2018-03-21T05:08:17.000Z","volume":5000,"price":3.02,"category":"rbull"},{"type":"A","date":"2018-03-21T05:05:02.000Z","volume":5000,"price":3.02,"category":"rbull"},{"type":"A","date":"2018-03-21T05:04:32.000Z","volume":5000,"price":3.02,"category":"rbull"},{"type":"A","date":"2018-03-21T05:02:21.000Z","volume":5000,"price":3.01,"category":"rbull"},{"type":"A","date":"2018-03-21T05:02:11.000Z","volume":5000,"price":3.01,"category":"rbull"},{"type":"A","date":"2018-03-21T05:02:06.000Z","volume":5000,"price":3.01,"category":"rbull"},{"type":"A","date":"2018-03-21T05:02:05.000Z","volume":5000,"price":3.01,"category":"rbull"},{"type":"A","date":"2018-03-21T05:02:02.000Z","volume":5000,"price":3.01,"category":"rbull"},{"type":"A","date":"2018-03-21T05:01:54.000Z","volume":5000,"price":3.01,"category":"rbull"},{"type":"A","date":"2018-03-21T03:46:39.000Z","volume":5000,"price":3.01,"category":"rbull"},{"type":"A","date":"2018-03-21T03:45:40.000Z","volume":5000,"price":3.01,"category":"rbull"},{"type":"A","date":"2018-03-21T03:43:05.000Z","volume":5000,"price":3,"category":"rbull"},{"type":"A","date":"2018-03-21T03:40:22.000Z","volume":5000,"price":3,"category":"rbull"},{"type":"A","date":"2018-03-21T03:40:21.000Z","volume":5000,"price":3,"category":"rbull"},{"type":"A","date":"2018-03-21T03:40:07.000Z","volume":5000,"price":3,"category":"rbull"},{"type":"A","date":"2018-03-21T03:28:00.000Z","volume":5000,"price":3,"category":"rbull"},{"type":"A","date":"2018-03-21T03:22:46.000Z","volume":5000,"price":3,"category":"rbull"},{"type":"A","date":"2018-03-21T03:20:51.000Z","volume":5000,"price":3.01,"category":"rbull"},{"type":"A","date":"2018-03-21T03:11:44.000Z","volume":5000,"price":3.02,"category":"rbull"},{"type":"A","date":"2018-03-21T03:09:20.000Z","volume":5000,"price":3.02,"category":"rbull"},{"type":"A","date":"2018-03-21T03:06:39.000Z","volume":5000,"price":3.02,"category":"rbull"},{"type":"A","date":"2018-03-21T02:42:36.000Z","volume":5000,"price":3.01,"category":"rbull"},{"type":"A","date":"2018-03-21T02:40:26.000Z","volume":5000,"price":3.02,"category":"rbull"},{"type":"A","date":"2018-03-21T02:38:54.000Z","volume":5000,"price":3.02,"category":"rbull"},{"type":"A","date":"2018-03-21T02:36:26.000Z","volume":5000,"price":3.01,"category":"rbull"},{"type":"A","date":"2018-03-21T02:35:24.000Z","volume":5000,"price":3.01,"category":"rbull"},{"type":"A","date":"2018-03-21T02:16:25.000Z","volume":5000,"price":3.03,"category":"rbull"},{"type":"A","date":"2018-03-21T02:09:15.000Z","volume":5000,"price":3.04,"category":"rbull"},{"type":"A","date":"2018-03-21T02:03:15.000Z","volume":5000,"price":3.03,"category":"rbull"},{"type":"A","date":"2018-03-21T01:58:52.000Z","volume":5000,"price":3.05,"category":"rbull"},{"type":"A","date":"2018-03-21T01:56:45.000Z","volume":5000,"price":3.04,"category":"rbull"},{"type":"A","date":"2018-03-21T01:56:44.000Z","volume":5000,"price":3.04,"category":"rbull"},{"type":"A","date":"2018-03-21T01:55:02.000Z","volume":5000,"price":3.03,"category":"rbull"},{"type":"A","date":"2018-03-21T01:55:02.000Z","volume":5000,"price":3.03,"category":"rbull"},{"type":"A","date":"2018-03-21T01:55:02.000Z","volume":5000,"price":3.03,"category":"rbull"},{"type":"A","date":"2018-03-21T01:55:02.000Z","volume":5000,"price":3.03,"category":"rbull"},{"type":"A","date":"2018-03-21T01:55:02.000Z","volume":5000,"price":3.03,"category":"rbull"},{"type":"A","date":"2018-03-21T01:54:59.000Z","volume":5000,"price":3.03,"category":"rbull"},{"type":"A","date":"2018-03-21T01:54:45.000Z","volume":5000,"price":3.02,"category":"rbull"},{"type":"A","date":"2018-03-21T01:54:45.000Z","volume":5000,"price":3.02,"category":"rbull"},{"type":"A","date":"2018-03-21T01:53:46.000Z","volume":5000,"price":3.01,"category":"rbull"},{"type":"A","date":"2018-03-21T01:51:35.000Z","volume":5000,"price":3.01,"category":"rbull"},{"type":"A","date":"2018-03-21T01:51:34.000Z","volume":5000,"price":3,"category":"rbull"},{"type":"A","date":"2018-03-21T01:48:59.000Z","volume":5000,"price":3,"category":"rbull"},{"type":"A","date":"2018-03-21T01:46:55.000Z","volume":5000,"price":3,"category":"rbull"},{"type":"A","date":"2018-03-21T01:46:17.000Z","volume":5000,"price":3,"category":"rbull"},{"type":"A","date":"2018-03-21T01:46:17.000Z","volume":5000,"price":3,"category":"rbull"},{"type":"A","date":"2018-03-21T01:44:23.000Z","volume":5000,"price":3,"category":"rbull"},{"type":"A","date":"2018-03-21T01:42:43.000Z","volume":5000,"price":3.01,"category":"rbull"},{"type":"A","date":"2018-03-21T01:42:32.000Z","volume":5000,"price":3,"category":"rbull"},{"type":"A","date":"2018-03-21T01:41:30.000Z","volume":5000,"price":3,"category":"rbull"},{"type":"A","date":"2018-03-21T01:41:22.000Z","volume":5000,"price":3,"category":"rbull"},{"type":"A","date":"2018-03-21T01:39:48.000Z","volume":5000,"price":3.01,"category":"rbull"},{"type":"A","date":"2018-03-21T01:38:57.000Z","volume":5000,"price":3,"category":"rbull"},{"type":"A","date":"2018-03-21T01:38:18.000Z","volume":5000,"price":3,"category":"rbull"},{"type":"A","date":"2018-03-21T01:37:56.000Z","volume":5000,"price":3,"category":"rbull"},{"type":"A","date":"2018-03-21T01:36:38.000Z","volume":5000,"price":2.99,"category":"rbull"},{"type":"A","date":"2018-03-21T01:35:00.000Z","volume":5000,"price":3,"category":"rbull"},{"type":"A","date":"2018-03-21T01:34:38.000Z","volume":5000,"price":3,"category":"rbull"},{"type":"A","date":"2018-03-21T01:32:17.000Z","volume":5000,"price":3,"category":"rbull"},{"type":"B","date":"2018-03-21T07:59:05.000Z","volume":5000,"price":2.86,"category":"rbear"},{"type":"B","date":"2018-03-21T07:59:01.000Z","volume":5000,"price":2.86,"category":"rbear"},{"type":"B","date":"2018-03-21T07:57:29.000Z","volume":5000,"price":2.87,"category":"rbear"},{"type":"B","date":"2018-03-21T07:55:13.000Z","volume":5000,"price":2.88,"category":"rbear"},{"type":"B","date":"2018-03-21T07:52:45.000Z","volume":5000,"price":2.91,"category":"rbear"},{"type":"B","date":"2018-03-21T07:29:53.000Z","volume":5000,"price":2.94,"category":"rbear"},{"type":"B","date":"2018-03-21T07:28:45.000Z","volume":5000,"price":2.94,"category":"rbear"},{"type":"B","date":"2018-03-21T07:10:47.000Z","volume":5000,"price":2.94,"category":"rbear"},{"type":"B","date":"2018-03-21T06:56:53.000Z","volume":5000,"price":2.96,"category":"rbear"},{"type":"B","date":"2018-03-21T06:48:21.000Z","volume":5000,"price":2.91,"category":"rbear"},{"type":"B","date":"2018-03-21T06:44:54.000Z","volume":5000,"price":2.91,"category":"rbear"},{"type":"B","date":"2018-03-21T06:42:53.000Z","volume":5000,"price":2.92,"category":"rbear"},{"type":"B","date":"2018-03-21T06:41:35.000Z","volume":5000,"price":2.92,"category":"rbear"},{"type":"B","date":"2018-03-21T06:37:26.000Z","volume":5000,"price":2.91,"category":"rbear"},{"type":"B","date":"2018-03-21T06:37:12.000Z","volume":5000,"price":2.92,"category":"rbear"},{"type":"B","date":"2018-03-21T06:36:33.000Z","volume":5000,"price":2.95,"category":"rbear"},{"type":"B","date":"2018-03-21T06:33:31.000Z","volume":5000,"price":2.97,"category":"rbear"},{"type":"B","date":"2018-03-21T06:28:02.000Z","volume":5000,"price":2.99,"category":"rbear"},{"type":"B","date":"2018-03-21T06:16:39.000Z","volume":5000,"price":2.99,"category":"rbear"},{"type":"B","date":"2018-03-21T06:15:27.000Z","volume":5000,"price":2.99,"category":"rbear"},{"type":"B","date":"2018-03-21T06:05:09.000Z","volume":5000,"price":3,"category":"rbear"},{"type":"B","date":"2018-03-21T06:00:45.000Z","volume":5000,"price":3,"category":"rbear"},{"type":"B","date":"2018-03-21T05:58:38.000Z","volume":5000,"price":3,"category":"rbear"},{"type":"B","date":"2018-03-21T05:55:23.000Z","volume":5000,"price":3,"category":"rbear"},{"type":"B","date":"2018-03-21T05:33:16.000Z","volume":5000,"price":3.01,"category":"rbear"},{"type":"B","date":"2018-03-21T05:32:05.000Z","volume":5000,"price":3.01,"category":"rbear"},{"type":"B","date":"2018-03-21T05:16:18.000Z","volume":5000,"price":3.01,"category":"rbear"},{"type":"B","date":"2018-03-21T05:07:49.000Z","volume":5000,"price":3.01,"category":"rbear"},{"type":"B","date":"2018-03-21T05:00:04.000Z","volume":5000,"price":3,"category":"rbear"},{"type":"B","date":"2018-03-21T03:59:40.000Z","volume":5000,"price":3,"category":"rbear"},{"type":"B","date":"2018-03-21T03:53:19.000Z","volume":5000,"price":3,"category":"rbear"},{"type":"B","date":"2018-03-21T03:40:17.000Z","volume":5000,"price":2.99,"category":"rbear"},{"type":"B","date":"2018-03-21T03:30:06.000Z","volume":5000,"price":2.99,"category":"rbear"},{"type":"B","date":"2018-03-21T03:29:51.000Z","volume":5000,"price":2.99,"category":"rbear"},{"type":"B","date":"2018-03-21T03:25:00.000Z","volume":5000,"price":2.99,"category":"rbear"},{"type":"B","date":"2018-03-21T03:10:58.000Z","volume":5000,"price":3.01,"category":"rbear"},{"type":"B","date":"2018-03-21T03:10:58.000Z","volume":5000,"price":3.01,"category":"rbear"},{"type":"B","date":"2018-03-21T03:07:10.000Z","volume":5000,"price":3.01,"category":"rbear"},{"type":"B","date":"2018-03-21T03:07:10.000Z","volume":5000,"price":3.01,"category":"rbear"},{"type":"B","date":"2018-03-21T02:35:25.000Z","volume":5000,"price":3,"category":"rbear"},{"type":"B","date":"2018-03-21T02:35:11.000Z","volume":5000,"price":3,"category":"rbear"},{"type":"B","date":"2018-03-21T02:31:56.000Z","volume":5000,"price":3.01,"category":"rbear"},{"type":"B","date":"2018-03-21T02:31:53.000Z","volume":5000,"price":3.01,"category":"rbear"},{"type":"B","date":"2018-03-21T02:21:36.000Z","volume":5000,"price":3.02,"category":"rbear"},{"type":"B","date":"2018-03-21T02:20:02.000Z","volume":5000,"price":3.02,"category":"rbear"},{"type":"B","date":"2018-03-21T02:19:18.000Z","volume":5000,"price":3.01,"category":"rbear"},{"type":"B","date":"2018-03-21T02:18:51.000Z","volume":5000,"price":3.01,"category":"rbear"},{"type":"B","date":"2018-03-21T02:16:14.000Z","volume":5000,"price":3.02,"category":"rbear"},{"type":"B","date":"2018-03-21T02:16:13.000Z","volume":5000,"price":3.03,"category":"rbear"},{"type":"B","date":"2018-03-21T02:15:36.000Z","volume":5000,"price":3.03,"category":"rbear"},{"type":"B","date":"2018-03-21T02:14:59.000Z","volume":5000,"price":3.03,"category":"rbear"},{"type":"B","date":"2018-03-21T02:11:31.000Z","volume":5000,"price":3.03,"category":"rbear"},{"type":"B","date":"2018-03-21T02:09:06.000Z","volume":5000,"price":3.03,"category":"rbear"},{"type":"B","date":"2018-03-21T02:09:05.000Z","volume":5000,"price":3.03,"category":"rbear"},{"type":"B","date":"2018-03-21T02:06:19.000Z","volume":5000,"price":3.03,"category":"rbear"},{"type":"B","date":"2018-03-21T01:59:52.000Z","volume":5000,"price":3.04,"category":"rbear"},{"type":"B","date":"2018-03-21T01:59:00.000Z","volume":5000,"price":3.04,"category":"rbear"},{"type":"B","date":"2018-03-21T01:56:01.000Z","volume":5000,"price":3.03,"category":"rbear"},{"type":"B","date":"2018-03-21T01:49:37.000Z","volume":5000,"price":3,"category":"rbear"},{"type":"B","date":"2018-03-21T01:46:17.000Z","volume":5000,"price":2.98,"category":"rbear"},{"type":"B","date":"2018-03-21T01:43:01.000Z","volume":5000,"price":3,"category":"rbear"},{"type":"B","date":"2018-03-21T01:41:16.000Z","volume":5000,"price":3,"category":"rbear"},{"type":"B","date":"2018-03-21T01:33:15.000Z","volume":5000,"price":2.97,"category":"rbear"},{"type":"B","date":"2018-03-21T01:30:04.000Z","volume":5000,"price":2.96,"category":"rbear"},{"type":"B","date":"2018-03-21T07:59:22.000Z","volume":35000,"price":2.87,"category":"bbear"},{"type":"B","date":"2018-03-21T07:58:23.000Z","volume":25000,"price":2.87,"category":"bbear"},{"type":"B","date":"2018-03-21T07:58:18.000Z","volume":20000,"price":2.87,"category":"bbear"},{"type":"B","date":"2018-03-21T07:57:09.000Z","volume":20000,"price":2.87,"category":"bbear"},{"type":"B","date":"2018-03-21T07:55:23.000Z","volume":35000,"price":2.89,"category":"bbear"},{"type":"B","date":"2018-03-21T07:55:13.000Z","volume":25000,"price":2.88,"category":"bbear"},{"type":"B","date":"2018-03-21T07:55:13.000Z","volume":35000,"price":2.88,"category":"bbear"},{"type":"B","date":"2018-03-21T07:53:19.000Z","volume":25000,"price":2.9,"category":"bbear"},{"type":"B","date":"2018-03-21T07:52:06.000Z","volume":20000,"price":2.92,"category":"bbear"},{"type":"B","date":"2018-03-21T07:50:19.000Z","volume":20000,"price":2.93,"category":"bbear"},{"type":"B","date":"2018-03-21T07:49:57.000Z","volume":25000,"price":2.94,"category":"bbear"},{"type":"B","date":"2018-03-21T07:45:28.000Z","volume":40000,"price":2.94,"category":"bbear"},{"type":"B","date":"2018-03-21T07:43:57.000Z","volume":35000,"price":2.94,"category":"bbear"},{"type":"B","date":"2018-03-21T07:43:57.000Z","volume":25000,"price":2.94,"category":"bbear"},{"type":"B","date":"2018-03-21T07:33:31.000Z","volume":25000,"price":2.94,"category":"bbear"},{"type":"B","date":"2018-03-21T07:30:00.000Z","volume":30000,"price":2.94,"category":"bbear"},{"type":"B","date":"2018-03-21T07:27:14.000Z","volume":40000,"price":2.93,"category":"bbear"},{"type":"B","date":"2018-03-21T07:14:45.000Z","volume":20000,"price":2.94,"category":"bbear"},{"type":"B","date":"2018-03-21T07:10:09.000Z","volume":35000,"price":2.94,"category":"bbear"},{"type":"B","date":"2018-03-21T07:09:20.000Z","volume":30000,"price":2.95,"category":"bbear"},{"type":"B","date":"2018-03-21T06:59:11.000Z","volume":20000,"price":2.95,"category":"bbear"},{"type":"B","date":"2018-03-21T06:56:44.000Z","volume":35000,"price":2.96,"category":"bbear"},{"type":"B","date":"2018-03-21T06:49:24.000Z","volume":20000,"price":2.93,"category":"bbear"},{"type":"B","date":"2018-03-21T06:47:48.000Z","volume":20000,"price":2.91,"category":"bbear"},{"type":"B","date":"2018-03-21T06:47:48.000Z","volume":25000,"price":2.91,"category":"bbear"},{"type":"B","date":"2018-03-21T06:43:05.000Z","volume":20000,"price":2.92,"category":"bbear"},{"type":"B","date":"2018-03-21T06:42:00.000Z","volume":20000,"price":2.92,"category":"bbear"},{"type":"B","date":"2018-03-21T06:39:29.000Z","volume":25000,"price":2.93,"category":"bbear"},{"type":"B","date":"2018-03-21T06:36:57.000Z","volume":30000,"price":2.93,"category":"bbear"},{"type":"B","date":"2018-03-21T06:36:39.000Z","volume":20000,"price":2.94,"category":"bbear"},{"type":"B","date":"2018-03-21T06:36:00.000Z","volume":35000,"price":2.96,"category":"bbear"},{"type":"B","date":"2018-03-21T06:32:12.000Z","volume":40000,"price":2.98,"category":"bbear"},{"type":"B","date":"2018-03-21T06:20:55.000Z","volume":20000,"price":2.97,"category":"bbear"},{"type":"B","date":"2018-03-21T06:17:25.000Z","volume":30000,"price":2.98,"category":"bbear"},{"type":"B","date":"2018-03-21T06:16:41.000Z","volume":40000,"price":2.99,"category":"bbear"},{"type":"B","date":"2018-03-21T06:16:35.000Z","volume":30000,"price":2.99,"category":"bbear"},{"type":"B","date":"2018-03-21T06:15:19.000Z","volume":40000,"price":2.99,"category":"bbear"},{"type":"B","date":"2018-03-21T06:15:15.000Z","volume":20000,"price":2.99,"category":"bbear"},{"type":"B","date":"2018-03-21T06:10:12.000Z","volume":30000,"price":3.01,"category":"bbear"},{"type":"B","date":"2018-03-21T05:59:36.000Z","volume":40000,"price":3,"category":"bbear"},{"type":"B","date":"2018-03-21T05:58:27.000Z","volume":20000,"price":3,"category":"bbear"},{"type":"B","date":"2018-03-21T05:51:57.000Z","volume":20000,"price":3,"category":"bbear"},{"type":"B","date":"2018-03-21T05:36:08.000Z","volume":20000,"price":3,"category":"bbear"},{"type":"B","date":"2018-03-21T05:31:53.000Z","volume":30000,"price":3.01,"category":"bbear"},{"type":"B","date":"2018-03-21T05:18:28.000Z","volume":20000,"price":3.01,"category":"bbear"},{"type":"B","date":"2018-03-21T05:17:05.000Z","volume":30000,"price":3.01,"category":"bbear"},{"type":"B","date":"2018-03-21T05:03:09.000Z","volume":20000,"price":3,"category":"bbear"},{"type":"B","date":"2018-03-21T03:36:33.000Z","volume":20000,"price":2.99,"category":"bbear"},{"type":"B","date":"2018-03-21T03:29:51.000Z","volume":30000,"price":2.99,"category":"bbear"},{"type":"B","date":"2018-03-21T02:52:56.000Z","volume":20000,"price":3.02,"category":"bbear"},{"type":"B","date":"2018-03-21T02:35:52.000Z","volume":30000,"price":3,"category":"bbear"},{"type":"B","date":"2018-03-21T02:35:40.000Z","volume":20000,"price":3,"category":"bbear"},{"type":"B","date":"2018-03-21T02:34:54.000Z","volume":20000,"price":3,"category":"bbear"},{"type":"B","date":"2018-03-21T02:31:07.000Z","volume":30000,"price":3.01,"category":"bbear"},{"type":"B","date":"2018-03-21T02:24:54.000Z","volume":20000,"price":3.02,"category":"bbear"},{"type":"B","date":"2018-03-21T02:24:34.000Z","volume":30000,"price":3.02,"category":"bbear"},{"type":"B","date":"2018-03-21T02:06:18.000Z","volume":30000,"price":3.03,"category":"bbear"},{"type":"B","date":"2018-03-21T01:59:00.000Z","volume":30000,"price":3.04,"category":"bbear"},{"type":"B","date":"2018-03-21T01:58:53.000Z","volume":20000,"price":3.04,"category":"bbear"},{"type":"B","date":"2018-03-21T01:49:37.000Z","volume":20000,"price":3,"category":"bbear"},{"type":"B","date":"2018-03-21T01:41:16.000Z","volume":20000,"price":3,"category":"bbear"},{"type":"B","date":"2018-03-21T01:39:07.000Z","volume":20000,"price":2.99,"category":"bbear"},{"type":"B","date":"2018-03-21T07:59:23.000Z","volume":170000,"price":2.86,"category":"ubbear"},{"type":"B","date":"2018-03-21T07:59:03.000Z","volume":65000,"price":2.86,"category":"ubbear"},{"type":"B","date":"2018-03-21T07:59:03.000Z","volume":50000,"price":2.86,"category":"ubbear"},{"type":"B","date":"2018-03-21T07:59:03.000Z","volume":140000,"price":2.86,"category":"ubbear"},{"type":"B","date":"2018-03-21T07:58:58.000Z","volume":70000,"price":2.87,"category":"ubbear"},{"type":"B","date":"2018-03-21T07:58:58.000Z","volume":90000,"price":2.87,"category":"ubbear"},{"type":"B","date":"2018-03-21T07:58:01.000Z","volume":150000,"price":2.87,"category":"ubbear"},{"type":"B","date":"2018-03-21T07:57:09.000Z","volume":250000,"price":2.87,"category":"ubbear"},{"type":"B","date":"2018-03-21T07:57:08.000Z","volume":95000,"price":2.88,"category":"ubbear"},{"type":"B","date":"2018-03-21T07:56:43.000Z","volume":85000,"price":2.89,"category":"ubbear"},{"type":"B","date":"2018-03-21T07:54:40.000Z","volume":200000,"price":2.88,"category":"ubbear"},{"type":"B","date":"2018-03-21T07:54:40.000Z","volume":45000,"price":2.89,"category":"ubbear"},{"type":"B","date":"2018-03-21T07:54:25.000Z","volume":55000,"price":2.9,"category":"ubbear"},{"type":"B","date":"2018-03-21T07:53:38.000Z","volume":45000,"price":2.89,"category":"ubbear"},{"type":"B","date":"2018-03-21T07:53:02.000Z","volume":465000,"price":2.9,"category":"ubbear"},{"type":"B","date":"2018-03-21T07:53:02.000Z","volume":225000,"price":2.91,"category":"ubbear"},{"type":"B","date":"2018-03-21T07:52:21.000Z","volume":60000,"price":2.92,"category":"ubbear"},{"type":"B","date":"2018-03-21T07:50:03.000Z","volume":155000,"price":2.92,"category":"ubbear"},{"type":"B","date":"2018-03-21T07:50:03.000Z","volume":60000,"price":2.93,"category":"ubbear"},{"type":"B","date":"2018-03-21T07:50:03.000Z","volume":85000,"price":2.94,"category":"ubbear"},{"type":"B","date":"2018-03-21T07:29:34.000Z","volume":50000,"price":2.94,"category":"ubbear"},{"type":"B","date":"2018-03-21T07:27:14.000Z","volume":60000,"price":2.94,"category":"ubbear"},{"type":"B","date":"2018-03-21T07:09:59.000Z","volume":100000,"price":2.94,"category":"ubbear"},{"type":"B","date":"2018-03-21T06:47:48.000Z","volume":85000,"price":2.91,"category":"ubbear"},{"type":"B","date":"2018-03-21T06:44:20.000Z","volume":45000,"price":2.92,"category":"ubbear"},{"type":"B","date":"2018-03-21T06:37:43.000Z","volume":50000,"price":2.91,"category":"ubbear"},{"type":"B","date":"2018-03-21T06:37:12.000Z","volume":100000,"price":2.9,"category":"ubbear"},{"type":"B","date":"2018-03-21T06:37:12.000Z","volume":65000,"price":2.91,"category":"ubbear"},{"type":"B","date":"2018-03-21T06:37:05.000Z","volume":110000,"price":2.92,"category":"ubbear"},{"type":"B","date":"2018-03-21T06:36:18.000Z","volume":110000,"price":2.95,"category":"ubbear"},{"type":"B","date":"2018-03-21T06:36:18.000Z","volume":45000,"price":2.95,"category":"ubbear"},{"type":"B","date":"2018-03-21T06:36:07.000Z","volume":85000,"price":2.96,"category":"ubbear"},{"type":"B","date":"2018-03-21T06:36:07.000Z","volume":215000,"price":2.96,"category":"ubbear"},{"type":"B","date":"2018-03-21T06:36:07.000Z","volume":130000,"price":2.96,"category":"ubbear"},{"type":"B","date":"2018-03-21T06:36:06.000Z","volume":70000,"price":2.96,"category":"ubbear"},{"type":"B","date":"2018-03-21T06:35:56.000Z","volume":90000,"price":2.97,"category":"ubbear"},{"type":"B","date":"2018-03-21T06:31:30.000Z","volume":145000,"price":2.99,"category":"ubbear"},{"type":"B","date":"2018-03-21T06:31:30.000Z","volume":65000,"price":2.99,"category":"ubbear"},{"type":"B","date":"2018-03-21T06:17:25.000Z","volume":70000,"price":2.98,"category":"ubbear"},{"type":"B","date":"2018-03-21T06:16:39.000Z","volume":75000,"price":2.99,"category":"ubbear"},{"type":"B","date":"2018-03-21T06:16:35.000Z","volume":50000,"price":2.99,"category":"ubbear"},{"type":"B","date":"2018-03-21T06:14:55.000Z","volume":225000,"price":3,"category":"ubbear"},{"type":"B","date":"2018-03-21T06:14:46.000Z","volume":210000,"price":3.01,"category":"ubbear"},{"type":"B","date":"2018-03-21T06:14:46.000Z","volume":100000,"price":3.01,"category":"ubbear"},{"type":"B","date":"2018-03-21T05:40:53.000Z","volume":50000,"price":3,"category":"ubbear"},{"type":"B","date":"2018-03-21T05:39:42.000Z","volume":50000,"price":3,"category":"ubbear"},{"type":"B","date":"2018-03-21T05:39:16.000Z","volume":50000,"price":3,"category":"ubbear"},{"type":"B","date":"2018-03-21T05:33:16.000Z","volume":50000,"price":3.01,"category":"ubbear"},{"type":"B","date":"2018-03-21T05:32:07.000Z","volume":50000,"price":3.01,"category":"ubbear"},{"type":"B","date":"2018-03-21T05:30:49.000Z","volume":50000,"price":3.01,"category":"ubbear"},{"type":"B","date":"2018-03-21T05:21:24.000Z","volume":60000,"price":3.01,"category":"ubbear"},{"type":"B","date":"2018-03-21T05:17:34.000Z","volume":50000,"price":3.01,"category":"ubbear"},{"type":"B","date":"2018-03-21T05:16:54.000Z","volume":45000,"price":3.01,"category":"ubbear"},{"type":"B","date":"2018-03-21T05:16:54.000Z","volume":95000,"price":3.01,"category":"ubbear"},{"type":"B","date":"2018-03-21T03:54:41.000Z","volume":50000,"price":3,"category":"ubbear"},{"type":"B","date":"2018-03-21T03:41:51.000Z","volume":70000,"price":2.99,"category":"ubbear"},{"type":"B","date":"2018-03-21T03:28:50.000Z","volume":265000,"price":2.99,"category":"ubbear"},{"type":"B","date":"2018-03-21T03:20:41.000Z","volume":125000,"price":2.99,"category":"ubbear"},{"type":"B","date":"2018-03-21T03:20:41.000Z","volume":175000,"price":3,"category":"ubbear"},{"type":"B","date":"2018-03-21T02:41:52.000Z","volume":50000,"price":3.01,"category":"ubbear"},{"type":"B","date":"2018-03-21T02:32:12.000Z","volume":50000,"price":3,"category":"ubbear"},{"type":"B","date":"2018-03-21T02:31:56.000Z","volume":50000,"price":3.01,"category":"ubbear"},{"type":"B","date":"2018-03-21T02:24:37.000Z","volume":50000,"price":3.02,"category":"ubbear"},{"type":"B","date":"2018-03-21T02:17:23.000Z","volume":50000,"price":3.01,"category":"ubbear"},{"type":"B","date":"2018-03-21T02:16:41.000Z","volume":50000,"price":3.02,"category":"ubbear"},{"type":"B","date":"2018-03-21T02:16:13.000Z","volume":60000,"price":3.03,"category":"ubbear"},{"type":"B","date":"2018-03-21T01:56:18.000Z","volume":80000,"price":3.03,"category":"ubbear"},{"type":"B","date":"2018-03-21T01:56:18.000Z","volume":45000,"price":3.03,"category":"ubbear"},{"type":"B","date":"2018-03-21T01:56:18.000Z","volume":60000,"price":3.03,"category":"ubbear"},{"type":"B","date":"2018-03-21T01:56:18.000Z","volume":75000,"price":3.04,"category":"ubbear"},{"type":"B","date":"2018-03-21T01:45:01.000Z","volume":50000,"price":2.99,"category":"ubbear"}]