[{"type":"A","date":"2018-04-09T01:30:07.000Z","volume":1000,"label":" ","price":3.2},{"type":"A","date":"2018-04-09T01:30:07.000Z","volume":79000,"label":" ","price":3.23},{"type":"A","date":"2018-04-09T01:30:21.000Z","volume":6000,"label":" ","price":3.23},{"type":"A","date":"2018-04-09T01:32:27.000Z","volume":56000,"label":" ","price":3.23},{"type":"A","date":"2018-04-09T01:33:08.000Z","volume":30000,"label":" ","price":3.23},{"type":"A","date":"2018-04-09T01:35:54.000Z","volume":40000,"label":" ","price":3.23},{"type":"B","date":"2018-04-09T01:37:33.000Z","volume":2000,"label":" ","price":3.18},{"type":"B","date":"2018-04-09T01:37:54.000Z","volume":4000,"label":" ","price":3.17},{"type":"A","date":"2018-04-09T01:38:04.000Z","volume":30000,"label":" ","price":3.21},{"type":"B","date":"2018-04-09T01:40:56.000Z","volume":2000,"label":" ","price":3.16},{"type":"A","date":"2018-04-09T01:41:04.000Z","volume":20000,"label":" ","price":3.19},{"type":"A","date":"2018-04-09T01:41:11.000Z","volume":20000,"label":" ","price":3.19},{"type":"B","date":"2018-04-09T01:41:36.000Z","volume":1000,"label":" ","price":3.15},{"type":"A","date":"2018-04-09T01:41:58.000Z","volume":16000,"label":" ","price":3.19},{"type":"B","date":"2018-04-09T01:51:53.000Z","volume":20000,"label":" ","price":3.17},{"type":"B","date":"2018-04-09T02:08:05.000Z","volume":40000,"label":" ","price":3.18},{"type":"B","date":"2018-04-09T02:15:05.000Z","volume":1000,"label":" ","price":3.17},{"type":"A","date":"2018-04-09T02:15:46.000Z","volume":2000,"label":" ","price":3.18},{"type":"B","date":"2018-04-09T02:18:48.000Z","volume":30000,"label":" ","price":3.18},{"type":"B","date":"2018-04-09T02:19:02.000Z","volume":30000,"label":" ","price":3.18},{"type":"A","date":"2018-04-09T02:19:22.000Z","volume":10000,"label":" ","price":3.18},{"type":"B","date":"2018-04-09T02:25:37.000Z","volume":16000,"label":" ","price":3.18},{"type":"B","date":"2018-04-09T02:44:02.000Z","volume":30000,"label":" ","price":3.18},{"type":"B","date":"2018-04-09T02:46:36.000Z","volume":1000,"label":" ","price":3.17},{"type":"A","date":"2018-04-09T02:59:22.000Z","volume":32000,"label":" ","price":3.18},{"type":"B","date":"2018-04-09T03:17:35.000Z","volume":30000,"label":" ","price":3.17},{"type":"B","date":"2018-04-09T03:29:48.000Z","volume":1000,"label":" ","price":3.16},{"type":"A","date":"2018-04-09T03:33:59.000Z","volume":2000,"label":" ","price":3.17},{"type":"A","date":"2018-04-09T03:34:11.000Z","volume":2000,"label":" ","price":3.17},{"type":"B","date":"2018-04-09T03:45:07.000Z","volume":6000,"label":" ","price":3.16},{"type":"B","date":"2018-04-09T05:00:00.000Z","volume":2000,"label":" ","price":3.15},{"type":"B","date":"2018-04-09T05:00:09.000Z","volume":1000,"label":" ","price":3.14},{"type":"A","date":"2018-04-09T05:00:39.000Z","volume":51000,"label":" ","price":3.16},{"type":"A","date":"2018-04-09T05:01:56.000Z","volume":10000,"label":" ","price":3.17},{"type":"B","date":"2018-04-09T05:06:19.000Z","volume":20000,"label":" ","price":3.15},{"type":"B","date":"2018-04-09T05:11:37.000Z","volume":20000,"label":" ","price":3.15},{"type":"A","date":"2018-04-09T05:11:54.000Z","volume":40000,"label":" ","price":3.15},{"type":"A","date":"2018-04-09T05:11:54.000Z","volume":1000,"label":" ","price":3.15},{"type":"B","date":"2018-04-09T05:24:09.000Z","volume":1000,"label":" ","price":3.14},{"type":"B","date":"2018-04-09T05:26:08.000Z","volume":10000,"label":" ","price":3.13},{"type":"B","date":"2018-04-09T05:55:17.000Z","volume":40000,"label":" ","price":3.14},{"type":"B","date":"2018-04-09T05:55:30.000Z","volume":10000,"label":" ","price":3.14},{"type":"B","date":"2018-04-09T05:55:30.000Z","volume":10000,"label":" ","price":3.13},{"type":"B","date":"2018-04-09T05:57:39.000Z","volume":1000,"label":" ","price":3.13},{"type":"B","date":"2018-04-09T06:05:47.000Z","volume":20000,"label":" ","price":3.14},{"type":"B","date":"2018-04-09T06:08:48.000Z","volume":1000,"label":" ","price":3.13},{"type":"B","date":"2018-04-09T06:08:50.000Z","volume":1000,"label":" ","price":3.12},{"type":"B","date":"2018-04-09T06:20:00.000Z","volume":1000,"label":" ","price":3.12},{"type":"B","date":"2018-04-09T06:24:33.000Z","volume":1000,"label":" ","price":3.12},{"type":"B","date":"2018-04-09T06:31:24.000Z","volume":1000,"label":" ","price":3.11},{"type":"B","date":"2018-04-09T06:34:34.000Z","volume":41000,"label":" ","price":3.11},{"type":"A","date":"2018-04-09T06:34:55.000Z","volume":9000,"label":" ","price":3.11},{"type":"A","date":"2018-04-09T06:35:12.000Z","volume":2000,"label":" ","price":3.11},{"type":"B","date":"2018-04-09T06:39:18.000Z","volume":4000,"label":" ","price":3.1},{"type":"B","date":"2018-04-09T06:39:18.000Z","volume":2000,"label":" ","price":3.09},{"type":"A","date":"2018-04-09T06:39:24.000Z","volume":500000,"label":" ","price":3.1},{"type":"A","date":"2018-04-09T06:39:33.000Z","volume":2000,"label":" ","price":3.1},{"type":"A","date":"2018-04-09T06:40:11.000Z","volume":200000,"label":" ","price":3.09},{"type":"A","date":"2018-04-09T06:40:11.000Z","volume":12000,"label":" ","price":3.09},{"type":"A","date":"2018-04-09T06:53:33.000Z","volume":12000,"label":" ","price":3.12},{"type":"A","date":"2018-04-09T06:57:08.000Z","volume":30000,"label":" ","price":3.13},{"type":"A","date":"2018-04-09T07:08:49.000Z","volume":1000,"label":" ","price":3.13},{"type":"B","date":"2018-04-09T07:09:48.000Z","volume":1000,"label":" ","price":3.09},{"type":"A","date":"2018-04-09T07:38:37.000Z","volume":32000,"label":" ","price":3.11},{"type":"A","date":"2018-04-09T07:43:53.000Z","volume":1000,"label":" ","price":3.11},{"type":"A","date":"2018-04-09T07:48:41.000Z","volume":1000,"label":" ","price":3.11},{"type":"A","date":"2018-04-09T07:49:39.000Z","volume":3000,"label":" ","price":3.11},{"type":"A","date":"2018-04-09T07:50:39.000Z","volume":7000,"label":" ","price":3.11},{"type":"A","date":"2018-04-09T07:51:44.000Z","volume":1000,"label":" ","price":3.11},{"type":"B","date":"2018-04-09T07:58:24.000Z","volume":1000,"label":" ","price":3.09}]