[{"type":"U","date":"2018-04-06T01:20:00.000Z","volume":20000,"label":"U","price":12.46},{"type":"A","date":"2018-04-06T01:30:01.000Z","volume":6000,"label":" ","price":12.46},{"type":"A","date":"2018-04-06T01:30:03.000Z","volume":2000,"label":" ","price":12.46},{"type":"A","date":"2018-04-06T01:30:16.000Z","volume":6000,"label":" ","price":12.46},{"type":"A","date":"2018-04-06T01:30:16.000Z","volume":2000,"label":" ","price":12.46},{"type":"A","date":"2018-04-06T01:30:17.000Z","volume":2000,"label":" ","price":12.46},{"type":"A","date":"2018-04-06T01:30:17.000Z","volume":2000,"label":" ","price":12.46},{"type":"A","date":"2018-04-06T01:30:22.000Z","volume":10000,"label":" ","price":12.5},{"type":"A","date":"2018-04-06T01:30:24.000Z","volume":2000,"label":" ","price":12.5},{"type":"A","date":"2018-04-06T01:30:29.000Z","volume":4000,"label":" ","price":12.5},{"type":"A","date":"2018-04-06T01:30:36.000Z","volume":2000,"label":" ","price":12.5},{"type":"A","date":"2018-04-06T01:30:37.000Z","volume":2000,"label":" ","price":12.5},{"type":"A","date":"2018-04-06T01:30:51.000Z","volume":8000,"label":" ","price":12.5},{"type":"A","date":"2018-04-06T01:30:52.000Z","volume":2000,"label":" ","price":12.5},{"type":"A","date":"2018-04-06T01:30:54.000Z","volume":2000,"label":" ","price":12.5},{"type":"A","date":"2018-04-06T01:31:01.000Z","volume":28000,"label":" ","price":12.5},{"type":"A","date":"2018-04-06T01:31:01.000Z","volume":12000,"label":" ","price":12.52},{"type":"A","date":"2018-04-06T01:31:01.000Z","volume":2000,"label":" ","price":12.54},{"type":"A","date":"2018-04-06T01:31:01.000Z","volume":4000,"label":" ","price":12.62},{"type":"B","date":"2018-04-06T01:31:16.000Z","volume":24000,"label":" ","price":12.7},{"type":"B","date":"2018-04-06T01:31:16.000Z","volume":20000,"label":" ","price":12.68},{"type":"B","date":"2018-04-06T01:31:16.000Z","volume":2000,"label":" ","price":12.66},{"type":"B","date":"2018-04-06T01:31:16.000Z","volume":4000,"label":" ","price":12.64},{"type":"U","date":"2018-04-06T01:31:33.000Z","volume":44000,"label":" ","price":12.7},{"type":"U","date":"2018-04-06T01:31:33.000Z","volume":6000,"label":" ","price":12.7},{"type":"U","date":"2018-04-06T01:31:33.000Z","volume":2000,"label":" ","price":12.7},{"type":"A","date":"2018-04-06T01:31:58.000Z","volume":2000,"label":" ","price":12.8},{"type":"B","date":"2018-04-06T01:32:09.000Z","volume":4000,"label":" ","price":12.72},{"type":"B","date":"2018-04-06T01:32:54.000Z","volume":2000,"label":" ","price":12.72},{"type":"B","date":"2018-04-06T01:33:29.000Z","volume":2000,"label":" ","price":12.72},{"type":"B","date":"2018-04-06T01:33:36.000Z","volume":10000,"label":" ","price":12.72},{"type":"B","date":"2018-04-06T01:33:36.000Z","volume":10000,"label":" ","price":12.72},{"type":"B","date":"2018-04-06T01:33:40.000Z","volume":8000,"label":" ","price":12.7},{"type":"B","date":"2018-04-06T01:33:40.000Z","volume":2000,"label":" ","price":12.68},{"type":"B","date":"2018-04-06T01:33:54.000Z","volume":8000,"label":" ","price":12.68},{"type":"B","date":"2018-04-06T01:33:54.000Z","volume":2000,"label":" ","price":12.66},{"type":"B","date":"2018-04-06T01:33:54.000Z","volume":2000,"label":" ","price":12.64},{"type":"B","date":"2018-04-06T01:33:54.000Z","volume":2000,"label":" ","price":12.62},{"type":"B","date":"2018-04-06T01:34:14.000Z","volume":4000,"label":" ","price":12.6},{"type":"B","date":"2018-04-06T01:34:14.000Z","volume":2000,"label":" ","price":12.58},{"type":"B","date":"2018-04-06T01:34:31.000Z","volume":2000,"label":" ","price":12.56},{"type":"B","date":"2018-04-06T01:34:40.000Z","volume":2000,"label":" ","price":12.54},{"type":"A","date":"2018-04-06T01:34:44.000Z","volume":2000,"label":" ","price":12.6},{"type":"A","date":"2018-04-06T01:34:50.000Z","volume":10000,"label":" ","price":12.64},{"type":"B","date":"2018-04-06T01:35:46.000Z","volume":14000,"label":" ","price":12.6},{"type":"B","date":"2018-04-06T01:36:13.000Z","volume":6000,"label":" ","price":12.56},{"type":"B","date":"2018-04-06T01:36:43.000Z","volume":8000,"label":" ","price":12.56},{"type":"B","date":"2018-04-06T01:38:39.000Z","volume":20000,"label":" ","price":12.5},{"type":"B","date":"2018-04-06T01:38:53.000Z","volume":10000,"label":" ","price":12.46},{"type":"A","date":"2018-04-06T01:38:55.000Z","volume":2000,"label":" ","price":12.52},{"type":"B","date":"2018-04-06T01:39:18.000Z","volume":2000,"label":" ","price":12.36},{"type":"B","date":"2018-04-06T01:39:31.000Z","volume":6000,"label":" ","price":12.36},{"type":"B","date":"2018-04-06T01:39:44.000Z","volume":6000,"label":" ","price":12.3},{"type":"B","date":"2018-04-06T01:40:10.000Z","volume":6000,"label":" ","price":12.3},{"type":"B","date":"2018-04-06T01:40:22.000Z","volume":4000,"label":" ","price":12.3},{"type":"A","date":"2018-04-06T01:40:22.000Z","volume":2000,"label":" ","price":12.36},{"type":"B","date":"2018-04-06T01:40:23.000Z","volume":6000,"label":" ","price":12.3},{"type":"B","date":"2018-04-06T01:40:23.000Z","volume":2000,"label":" ","price":12.3},{"type":"B","date":"2018-04-06T01:40:23.000Z","volume":2000,"label":" ","price":12.3},{"type":"B","date":"2018-04-06T01:40:27.000Z","volume":2000,"label":" ","price":12.28},{"type":"A","date":"2018-04-06T01:40:53.000Z","volume":2000,"label":"Y","price":12.36},{"type":"B","date":"2018-04-06T01:41:18.000Z","volume":2000,"label":" ","price":12.3},{"type":"A","date":"2018-04-06T01:42:32.000Z","volume":2000,"label":"Y","price":12.36},{"type":"B","date":"2018-04-06T01:42:40.000Z","volume":10000,"label":" ","price":12.3},{"type":"A","date":"2018-04-06T01:45:00.000Z","volume":2000,"label":" ","price":12.36},{"type":"B","date":"2018-04-06T01:45:37.000Z","volume":2000,"label":" ","price":12.34},{"type":"B","date":"2018-04-06T01:45:37.000Z","volume":2000,"label":"Y","price":12.34},{"type":"B","date":"2018-04-06T01:45:37.000Z","volume":6000,"label":" ","price":12.34},{"type":"A","date":"2018-04-06T01:46:03.000Z","volume":2000,"label":" ","price":12.36},{"type":"A","date":"2018-04-06T01:46:25.000Z","volume":10000,"label":" ","price":12.36},{"type":"A","date":"2018-04-06T01:46:25.000Z","volume":4000,"label":" ","price":12.38},{"type":"A","date":"2018-04-06T01:46:25.000Z","volume":2000,"label":" ","price":12.38},{"type":"A","date":"2018-04-06T01:46:26.000Z","volume":2000,"label":" ","price":12.42},{"type":"A","date":"2018-04-06T01:46:26.000Z","volume":2000,"label":"Y","price":12.44},{"type":"B","date":"2018-04-06T01:46:53.000Z","volume":4000,"label":" ","price":12.36},{"type":"U","date":"2018-04-06T01:47:22.000Z","volume":4000,"label":" ","price":12.36},{"type":"A","date":"2018-04-06T01:47:23.000Z","volume":2000,"label":" ","price":12.44},{"type":"A","date":"2018-04-06T01:47:23.000Z","volume":2000,"label":" ","price":12.44},{"type":"A","date":"2018-04-06T01:48:15.000Z","volume":4000,"label":" ","price":12.44},{"type":"A","date":"2018-04-06T01:48:15.000Z","volume":2000,"label":" ","price":12.44},{"type":"A","date":"2018-04-06T01:49:17.000Z","volume":6000,"label":" ","price":12.46},{"type":"A","date":"2018-04-06T01:49:33.000Z","volume":10000,"label":" ","price":12.46},{"type":"A","date":"2018-04-06T01:49:33.000Z","volume":20000,"label":" ","price":12.5},{"type":"A","date":"2018-04-06T01:49:33.000Z","volume":2000,"label":" ","price":12.48},{"type":"A","date":"2018-04-06T01:49:33.000Z","volume":2000,"label":" ","price":12.5},{"type":"A","date":"2018-04-06T01:49:34.000Z","volume":2000,"label":" ","price":12.5},{"type":"B","date":"2018-04-06T01:49:41.000Z","volume":6000,"label":" ","price":12.44},{"type":"A","date":"2018-04-06T01:49:51.000Z","volume":30000,"label":" ","price":12.5},{"type":"A","date":"2018-04-06T01:49:53.000Z","volume":2000,"label":" ","price":12.56},{"type":"B","date":"2018-04-06T01:50:00.000Z","volume":10000,"label":" ","price":12.52},{"type":"A","date":"2018-04-06T01:50:01.000Z","volume":2000,"label":" ","price":12.58},{"type":"A","date":"2018-04-06T01:50:04.000Z","volume":10000,"label":" ","price":12.6},{"type":"A","date":"2018-04-06T01:50:04.000Z","volume":2000,"label":" ","price":12.6},{"type":"A","date":"2018-04-06T01:50:13.000Z","volume":42000,"label":" ","price":12.6},{"type":"A","date":"2018-04-06T01:50:13.000Z","volume":8000,"label":" ","price":12.6},{"type":"A","date":"2018-04-06T01:50:13.000Z","volume":2000,"label":" ","price":12.6},{"type":"A","date":"2018-04-06T01:50:13.000Z","volume":4000,"label":" ","price":12.6},{"type":"B","date":"2018-04-06T01:50:13.000Z","volume":10000,"label":" ","price":12.52},{"type":"A","date":"2018-04-06T01:50:13.000Z","volume":2000,"label":" ","price":12.6},{"type":"U","date":"2018-04-06T01:50:13.000Z","volume":2000,"label":" ","price":12.58},{"type":"B","date":"2018-04-06T01:50:13.000Z","volume":4000,"label":" ","price":12.52},{"type":"A","date":"2018-04-06T01:50:13.000Z","volume":14000,"label":" ","price":12.6},{"type":"B","date":"2018-04-06T01:50:13.000Z","volume":10000,"label":" ","price":12.52},{"type":"B","date":"2018-04-06T01:50:13.000Z","volume":16000,"label":" ","price":12.5},{"type":"B","date":"2018-04-06T01:50:13.000Z","volume":2000,"label":" ","price":12.5},{"type":"A","date":"2018-04-06T01:50:13.000Z","volume":2000,"label":" ","price":12.6},{"type":"U","date":"2018-04-06T01:50:13.000Z","volume":2000,"label":" ","price":12.56},{"type":"B","date":"2018-04-06T01:50:17.000Z","volume":6000,"label":" ","price":12.48},{"type":"B","date":"2018-04-06T01:51:25.000Z","volume":6000,"label":" ","price":12.5},{"type":"B","date":"2018-04-06T01:52:58.000Z","volume":10000,"label":" ","price":12.5},{"type":"B","date":"2018-04-06T01:53:05.000Z","volume":4000,"label":" ","price":12.48},{"type":"B","date":"2018-04-06T01:53:05.000Z","volume":4000,"label":" ","price":12.48},{"type":"B","date":"2018-04-06T01:53:05.000Z","volume":20000,"label":" ","price":12.48},{"type":"A","date":"2018-04-06T01:53:05.000Z","volume":2000,"label":" ","price":12.5},{"type":"B","date":"2018-04-06T01:53:13.000Z","volume":46000,"label":" ","price":12.48},{"type":"B","date":"2018-04-06T01:53:13.000Z","volume":22000,"label":" ","price":12.46},{"type":"B","date":"2018-04-06T01:53:13.000Z","volume":12000,"label":" ","price":12.44},{"type":"U","date":"2018-04-06T01:53:13.000Z","volume":2000,"label":" ","price":12.44},{"type":"B","date":"2018-04-06T01:53:14.000Z","volume":4000,"label":" ","price":12.42},{"type":"A","date":"2018-04-06T01:55:11.000Z","volume":8000,"label":" ","price":12.44},{"type":"A","date":"2018-04-06T01:55:48.000Z","volume":20000,"label":" ","price":12.48},{"type":"A","date":"2018-04-06T01:55:48.000Z","volume":2000,"label":" ","price":12.5},{"type":"A","date":"2018-04-06T01:56:27.000Z","volume":2000,"label":" ","price":12.5},{"type":"A","date":"2018-04-06T01:59:05.000Z","volume":4000,"label":" ","price":12.5},{"type":"A","date":"2018-04-06T01:59:27.000Z","volume":28000,"label":" ","price":12.5},{"type":"A","date":"2018-04-06T01:59:27.000Z","volume":2000,"label":" ","price":12.5},{"type":"A","date":"2018-04-06T01:59:27.000Z","volume":6000,"label":" ","price":12.5},{"type":"A","date":"2018-04-06T01:59:27.000Z","volume":6000,"label":" ","price":12.5},{"type":"A","date":"2018-04-06T01:59:33.000Z","volume":4000,"label":" ","price":12.52},{"type":"A","date":"2018-04-06T01:59:50.000Z","volume":2000,"label":" ","price":12.52},{"type":"B","date":"2018-04-06T02:00:02.000Z","volume":8000,"label":" ","price":12.5},{"type":"B","date":"2018-04-06T02:00:13.000Z","volume":20000,"label":" ","price":12.5},{"type":"B","date":"2018-04-06T02:00:13.000Z","volume":8000,"label":" ","price":12.5},{"type":"B","date":"2018-04-06T02:00:13.000Z","volume":16000,"label":" ","price":12.48},{"type":"B","date":"2018-04-06T02:00:13.000Z","volume":2000,"label":" ","price":12.46},{"type":"B","date":"2018-04-06T02:00:14.000Z","volume":10000,"label":" ","price":12.46},{"type":"B","date":"2018-04-06T02:00:14.000Z","volume":2000,"label":" ","price":12.46},{"type":"U","date":"2018-04-06T02:00:14.000Z","volume":2000,"label":" ","price":12.52},{"type":"A","date":"2018-04-06T02:00:52.000Z","volume":8000,"label":" ","price":12.52},{"type":"A","date":"2018-04-06T02:01:09.000Z","volume":2000,"label":" ","price":12.52},{"type":"A","date":"2018-04-06T02:01:31.000Z","volume":10000,"label":" ","price":12.52},{"type":"A","date":"2018-04-06T02:01:31.000Z","volume":20000,"label":" ","price":12.52},{"type":"A","date":"2018-04-06T02:02:08.000Z","volume":8000,"label":" ","price":12.52},{"type":"A","date":"2018-04-06T02:02:08.000Z","volume":6000,"label":" ","price":12.54},{"type":"A","date":"2018-04-06T02:04:04.000Z","volume":12000,"label":" ","price":12.54},{"type":"A","date":"2018-04-06T02:04:04.000Z","volume":2000,"label":" ","price":12.56},{"type":"A","date":"2018-04-06T02:04:04.000Z","volume":2000,"label":" ","price":12.56},{"type":"A","date":"2018-04-06T02:04:04.000Z","volume":2000,"label":" ","price":12.56},{"type":"A","date":"2018-04-06T02:04:04.000Z","volume":2000,"label":" ","price":12.56},{"type":"A","date":"2018-04-06T02:04:13.000Z","volume":4000,"label":" ","price":12.58},{"type":"A","date":"2018-04-06T02:04:14.000Z","volume":2000,"label":" ","price":12.6},{"type":"B","date":"2018-04-06T02:04:55.000Z","volume":20000,"label":" ","price":12.56},{"type":"A","date":"2018-04-06T02:05:10.000Z","volume":26000,"label":" ","price":12.6},{"type":"A","date":"2018-04-06T02:05:11.000Z","volume":6000,"label":" ","price":12.6},{"type":"A","date":"2018-04-06T02:05:13.000Z","volume":4000,"label":" ","price":12.6},{"type":"A","date":"2018-04-06T02:05:13.000Z","volume":18000,"label":" ","price":12.6},{"type":"A","date":"2018-04-06T02:05:15.000Z","volume":4000,"label":" ","price":12.66},{"type":"B","date":"2018-04-06T02:05:28.000Z","volume":50000,"label":" ","price":12.64},{"type":"B","date":"2018-04-06T02:05:28.000Z","volume":4000,"label":" ","price":12.64},{"type":"A","date":"2018-04-06T02:05:28.000Z","volume":2000,"label":" ","price":12.64},{"type":"A","date":"2018-04-06T02:05:28.000Z","volume":4000,"label":" ","price":12.66},{"type":"A","date":"2018-04-06T02:05:39.000Z","volume":4000,"label":" ","price":12.64},{"type":"B","date":"2018-04-06T02:06:30.000Z","volume":10000,"label":" ","price":12.62},{"type":"B","date":"2018-04-06T02:06:30.000Z","volume":4000,"label":" ","price":12.62},{"type":"B","date":"2018-04-06T02:06:35.000Z","volume":10000,"label":" ","price":12.62},{"type":"B","date":"2018-04-06T02:06:35.000Z","volume":4000,"label":" ","price":12.62},{"type":"B","date":"2018-04-06T02:06:37.000Z","volume":10000,"label":" ","price":12.62},{"type":"B","date":"2018-04-06T02:06:37.000Z","volume":16000,"label":" ","price":12.62},{"type":"B","date":"2018-04-06T02:06:38.000Z","volume":4000,"label":" ","price":12.62},{"type":"A","date":"2018-04-06T02:07:00.000Z","volume":2000,"label":" ","price":12.64},{"type":"A","date":"2018-04-06T02:07:00.000Z","volume":2000,"label":" ","price":12.64},{"type":"B","date":"2018-04-06T02:07:40.000Z","volume":10000,"label":" ","price":12.62},{"type":"B","date":"2018-04-06T02:07:40.000Z","volume":4000,"label":" ","price":12.62},{"type":"A","date":"2018-04-06T02:07:40.000Z","volume":2000,"label":" ","price":12.64},{"type":"A","date":"2018-04-06T02:07:46.000Z","volume":2000,"label":" ","price":12.64},{"type":"B","date":"2018-04-06T02:08:50.000Z","volume":50000,"label":" ","price":12.62},{"type":"B","date":"2018-04-06T02:08:50.000Z","volume":4000,"label":" ","price":12.62},{"type":"A","date":"2018-04-06T02:08:50.000Z","volume":2000,"label":" ","price":12.62},{"type":"A","date":"2018-04-06T02:08:52.000Z","volume":2000,"label":" ","price":12.62},{"type":"A","date":"2018-04-06T02:09:43.000Z","volume":4000,"label":" ","price":12.62},{"type":"A","date":"2018-04-06T02:09:49.000Z","volume":2000,"label":"Y","price":12.62},{"type":"B","date":"2018-04-06T02:09:53.000Z","volume":8000,"label":" ","price":12.6},{"type":"B","date":"2018-04-06T02:10:11.000Z","volume":6000,"label":" ","price":12.6},{"type":"B","date":"2018-04-06T02:10:11.000Z","volume":4000,"label":" ","price":12.6},{"type":"B","date":"2018-04-06T02:10:11.000Z","volume":18000,"label":" ","price":12.6},{"type":"A","date":"2018-04-06T02:10:12.000Z","volume":2000,"label":" ","price":12.6},{"type":"A","date":"2018-04-06T02:10:13.000Z","volume":2000,"label":" ","price":12.6},{"type":"A","date":"2018-04-06T02:13:16.000Z","volume":18000,"label":" ","price":12.62},{"type":"A","date":"2018-04-06T02:13:18.000Z","volume":42000,"label":" ","price":12.64},{"type":"A","date":"2018-04-06T02:13:19.000Z","volume":2000,"label":" ","price":12.66},{"type":"A","date":"2018-04-06T02:13:19.000Z","volume":6000,"label":" ","price":12.66},{"type":"A","date":"2018-04-06T02:13:19.000Z","volume":2000,"label":" ","price":12.66},{"type":"A","date":"2018-04-06T02:13:19.000Z","volume":4000,"label":" ","price":12.66},{"type":"B","date":"2018-04-06T02:13:20.000Z","volume":4000,"label":" ","price":12.64},{"type":"A","date":"2018-04-06T02:13:20.000Z","volume":14000,"label":" ","price":12.66},{"type":"A","date":"2018-04-06T02:13:20.000Z","volume":8000,"label":" ","price":12.66},{"type":"A","date":"2018-04-06T02:13:20.000Z","volume":8000,"label":" ","price":12.66},{"type":"B","date":"2018-04-06T02:14:05.000Z","volume":10000,"label":" ","price":12.64},{"type":"A","date":"2018-04-06T02:14:07.000Z","volume":12000,"label":" ","price":12.7},{"type":"A","date":"2018-04-06T02:14:12.000Z","volume":20000,"label":" ","price":12.7},{"type":"B","date":"2018-04-06T02:14:12.000Z","volume":2000,"label":" ","price":12.68},{"type":"A","date":"2018-04-06T02:14:12.000Z","volume":4000,"label":" ","price":12.7},{"type":"A","date":"2018-04-06T02:14:13.000Z","volume":20000,"label":" ","price":12.7},{"type":"A","date":"2018-04-06T02:14:13.000Z","volume":6000,"label":" ","price":12.7},{"type":"A","date":"2018-04-06T02:14:13.000Z","volume":2000,"label":" ","price":12.7},{"type":"A","date":"2018-04-06T02:14:13.000Z","volume":2000,"label":" ","price":12.7},{"type":"A","date":"2018-04-06T02:14:30.000Z","volume":4000,"label":" ","price":12.78},{"type":"B","date":"2018-04-06T02:14:50.000Z","volume":10000,"label":" ","price":12.7},{"type":"B","date":"2018-04-06T02:15:08.000Z","volume":10000,"label":" ","price":12.7},{"type":"B","date":"2018-04-06T02:15:13.000Z","volume":2000,"label":" ","price":12.7},{"type":"A","date":"2018-04-06T02:15:13.000Z","volume":4000,"label":" ","price":12.76},{"type":"A","date":"2018-04-06T02:15:15.000Z","volume":4000,"label":" ","price":12.76},{"type":"A","date":"2018-04-06T02:15:15.000Z","volume":4000,"label":" ","price":12.76},{"type":"A","date":"2018-04-06T02:15:26.000Z","volume":6000,"label":" ","price":12.78},{"type":"A","date":"2018-04-06T02:15:28.000Z","volume":2000,"label":" ","price":12.78},{"type":"B","date":"2018-04-06T02:16:18.000Z","volume":10000,"label":" ","price":12.72},{"type":"A","date":"2018-04-06T02:16:19.000Z","volume":2000,"label":" ","price":12.78},{"type":"B","date":"2018-04-06T02:16:27.000Z","volume":32000,"label":" ","price":12.72},{"type":"B","date":"2018-04-06T02:16:27.000Z","volume":18000,"label":" ","price":12.7},{"type":"B","date":"2018-04-06T02:16:28.000Z","volume":2000,"label":" ","price":12.7},{"type":"B","date":"2018-04-06T02:16:28.000Z","volume":4000,"label":" ","price":12.7},{"type":"B","date":"2018-04-06T02:16:28.000Z","volume":32000,"label":" ","price":12.7},{"type":"A","date":"2018-04-06T02:16:28.000Z","volume":4000,"label":" ","price":12.72},{"type":"A","date":"2018-04-06T02:16:30.000Z","volume":2000,"label":" ","price":12.7},{"type":"B","date":"2018-04-06T02:16:37.000Z","volume":2000,"label":" ","price":12.66},{"type":"B","date":"2018-04-06T02:16:45.000Z","volume":4000,"label":" ","price":12.66},{"type":"U","date":"2018-04-06T02:16:47.000Z","volume":2000,"label":"X","price":12.66},{"type":"U","date":"2018-04-06T02:16:49.000Z","volume":4000,"label":" ","price":12.66},{"type":"B","date":"2018-04-06T02:16:50.000Z","volume":20000,"label":" ","price":12.64},{"type":"B","date":"2018-04-06T02:18:21.000Z","volume":40000,"label":" ","price":12.6},{"type":"A","date":"2018-04-06T02:18:32.000Z","volume":2000,"label":" ","price":12.66},{"type":"A","date":"2018-04-06T02:18:32.000Z","volume":34000,"label":" ","price":12.66},{"type":"A","date":"2018-04-06T02:18:32.000Z","volume":2000,"label":" ","price":12.68},{"type":"A","date":"2018-04-06T02:18:57.000Z","volume":28000,"label":" ","price":12.68},{"type":"A","date":"2018-04-06T02:18:57.000Z","volume":6000,"label":" ","price":12.7},{"type":"A","date":"2018-04-06T02:18:57.000Z","volume":6000,"label":" ","price":12.7},{"type":"A","date":"2018-04-06T02:18:57.000Z","volume":6000,"label":" ","price":12.7},{"type":"A","date":"2018-04-06T02:18:58.000Z","volume":4000,"label":" ","price":12.7},{"type":"A","date":"2018-04-06T02:19:00.000Z","volume":6000,"label":" ","price":12.7},{"type":"A","date":"2018-04-06T02:19:01.000Z","volume":12000,"label":" ","price":12.7},{"type":"A","date":"2018-04-06T02:19:01.000Z","volume":6000,"label":" ","price":12.7},{"type":"A","date":"2018-04-06T02:19:01.000Z","volume":6000,"label":" ","price":12.7},{"type":"A","date":"2018-04-06T02:19:01.000Z","volume":6000,"label":" ","price":12.76},{"type":"B","date":"2018-04-06T02:19:09.000Z","volume":10000,"label":" ","price":12.72},{"type":"A","date":"2018-04-06T02:19:09.000Z","volume":2000,"label":" ","price":12.74},{"type":"A","date":"2018-04-06T02:19:12.000Z","volume":2000,"label":" ","price":12.76},{"type":"A","date":"2018-04-06T02:19:16.000Z","volume":6000,"label":" ","price":12.76},{"type":"A","date":"2018-04-06T02:19:16.000Z","volume":16000,"label":" ","price":12.76},{"type":"U","date":"2018-04-06T02:19:16.000Z","volume":4000,"label":" ","price":12.76},{"type":"A","date":"2018-04-06T02:19:16.000Z","volume":2000,"label":" ","price":12.78},{"type":"B","date":"2018-04-06T02:19:26.000Z","volume":6000,"label":" ","price":12.74},{"type":"B","date":"2018-04-06T02:19:26.000Z","volume":18000,"label":" ","price":12.72},{"type":"U","date":"2018-04-06T02:19:26.000Z","volume":4000,"label":" ","price":12.72},{"type":"B","date":"2018-04-06T02:19:45.000Z","volume":4000,"label":" ","price":12.7},{"type":"A","date":"2018-04-06T02:19:46.000Z","volume":18000,"label":" ","price":12.72},{"type":"A","date":"2018-04-06T02:19:46.000Z","volume":2000,"label":" ","price":12.74},{"type":"A","date":"2018-04-06T02:20:25.000Z","volume":10000,"label":" ","price":12.74},{"type":"B","date":"2018-04-06T02:20:25.000Z","volume":2000,"label":" ","price":12.72},{"type":"B","date":"2018-04-06T02:20:25.000Z","volume":18000,"label":" ","price":12.7},{"type":"B","date":"2018-04-06T02:20:40.000Z","volume":4000,"label":" ","price":12.72},{"type":"B","date":"2018-04-06T02:20:40.000Z","volume":2000,"label":" ","price":12.72},{"type":"B","date":"2018-04-06T02:20:42.000Z","volume":26000,"label":" ","price":12.7},{"type":"B","date":"2018-04-06T02:20:43.000Z","volume":4000,"label":" ","price":12.68},{"type":"B","date":"2018-04-06T02:20:44.000Z","volume":4000,"label":" ","price":12.68},{"type":"B","date":"2018-04-06T02:20:45.000Z","volume":16000,"label":" ","price":12.68},{"type":"B","date":"2018-04-06T02:21:53.000Z","volume":30000,"label":" ","price":12.62},{"type":"A","date":"2018-04-06T02:22:06.000Z","volume":2000,"label":" ","price":12.64},{"type":"B","date":"2018-04-06T02:22:21.000Z","volume":8000,"label":" ","price":12.62},{"type":"A","date":"2018-04-06T02:22:21.000Z","volume":2000,"label":" ","price":12.62},{"type":"B","date":"2018-04-06T02:22:26.000Z","volume":4000,"label":" ","price":12.6},{"type":"B","date":"2018-04-06T02:22:30.000Z","volume":6000,"label":" ","price":12.6},{"type":"B","date":"2018-04-06T02:22:30.000Z","volume":4000,"label":" ","price":12.6},{"type":"B","date":"2018-04-06T02:22:34.000Z","volume":18000,"label":" ","price":12.6},{"type":"B","date":"2018-04-06T02:22:34.000Z","volume":28000,"label":" ","price":12.58},{"type":"A","date":"2018-04-06T02:22:34.000Z","volume":8000,"label":" ","price":12.62},{"type":"B","date":"2018-04-06T02:22:37.000Z","volume":6000,"label":" ","price":12.58},{"type":"B","date":"2018-04-06T02:23:05.000Z","volume":12000,"label":" ","price":12.58},{"type":"B","date":"2018-04-06T02:23:05.000Z","volume":4000,"label":" ","price":12.58},{"type":"B","date":"2018-04-06T02:23:05.000Z","volume":2000,"label":" ","price":12.58},{"type":"U","date":"2018-04-06T02:23:05.000Z","volume":2000,"label":" ","price":12.58},{"type":"A","date":"2018-04-06T02:23:36.000Z","volume":20000,"label":" ","price":12.6},{"type":"A","date":"2018-04-06T02:23:36.000Z","volume":12000,"label":" ","price":12.6},{"type":"A","date":"2018-04-06T02:23:38.000Z","volume":8000,"label":" ","price":12.62},{"type":"B","date":"2018-04-06T02:25:10.000Z","volume":36000,"label":" ","price":12.58},{"type":"B","date":"2018-04-06T02:25:10.000Z","volume":4000,"label":" ","price":12.58},{"type":"A","date":"2018-04-06T02:25:11.000Z","volume":4000,"label":" ","price":12.62},{"type":"B","date":"2018-04-06T02:25:11.000Z","volume":2000,"label":" ","price":12.58},{"type":"B","date":"2018-04-06T02:25:49.000Z","volume":6000,"label":" ","price":12.58},{"type":"U","date":"2018-04-06T02:25:49.000Z","volume":2000,"label":" ","price":12.62},{"type":"B","date":"2018-04-06T02:27:09.000Z","volume":20000,"label":" ","price":12.56},{"type":"B","date":"2018-04-06T02:27:15.000Z","volume":12000,"label":" ","price":12.56},{"type":"B","date":"2018-04-06T02:27:15.000Z","volume":6000,"label":" ","price":12.56},{"type":"B","date":"2018-04-06T02:27:35.000Z","volume":2000,"label":" ","price":12.56},{"type":"B","date":"2018-04-06T02:27:49.000Z","volume":6000,"label":" ","price":12.56},{"type":"B","date":"2018-04-06T02:27:49.000Z","volume":4000,"label":" ","price":12.54},{"type":"A","date":"2018-04-06T02:27:49.000Z","volume":2000,"label":" ","price":12.6},{"type":"A","date":"2018-04-06T02:27:50.000Z","volume":4000,"label":" ","price":12.6},{"type":"B","date":"2018-04-06T02:27:54.000Z","volume":10000,"label":" ","price":12.54},{"type":"B","date":"2018-04-06T02:29:38.000Z","volume":4000,"label":" ","price":12.54},{"type":"B","date":"2018-04-06T02:30:37.000Z","volume":16000,"label":" ","price":12.54},{"type":"B","date":"2018-04-06T02:30:37.000Z","volume":10000,"label":" ","price":12.52},{"type":"A","date":"2018-04-06T02:30:39.000Z","volume":4000,"label":" ","price":12.58},{"type":"A","date":"2018-04-06T02:31:05.000Z","volume":10000,"label":" ","price":12.56},{"type":"A","date":"2018-04-06T02:31:09.000Z","volume":2000,"label":"Y","price":12.56},{"type":"B","date":"2018-04-06T02:32:19.000Z","volume":4000,"label":" ","price":12.52},{"type":"B","date":"2018-04-06T02:32:46.000Z","volume":10000,"label":" ","price":12.52},{"type":"B","date":"2018-04-06T02:32:46.000Z","volume":12000,"label":" ","price":12.52},{"type":"A","date":"2018-04-06T02:32:46.000Z","volume":2000,"label":" ","price":12.56},{"type":"A","date":"2018-04-06T02:32:46.000Z","volume":2000,"label":" ","price":12.58},{"type":"B","date":"2018-04-06T02:36:52.000Z","volume":90000,"label":" ","price":12.52},{"type":"B","date":"2018-04-06T02:36:52.000Z","volume":10000,"label":" ","price":12.5},{"type":"A","date":"2018-04-06T02:36:54.000Z","volume":2000,"label":" ","price":12.56},{"type":"B","date":"2018-04-06T02:37:51.000Z","volume":20000,"label":" ","price":12.52},{"type":"A","date":"2018-04-06T02:37:53.000Z","volume":4000,"label":"Y","price":12.56},{"type":"A","date":"2018-04-06T02:37:53.000Z","volume":2000,"label":" ","price":12.56},{"type":"A","date":"2018-04-06T02:37:55.000Z","volume":2000,"label":"Y","price":12.56},{"type":"A","date":"2018-04-06T02:37:55.000Z","volume":4000,"label":" ","price":12.56},{"type":"B","date":"2018-04-06T02:38:22.000Z","volume":12000,"label":" ","price":12.52},{"type":"A","date":"2018-04-06T02:38:22.000Z","volume":4000,"label":" ","price":12.54},{"type":"B","date":"2018-04-06T02:41:16.000Z","volume":92000,"label":" ","price":12.52},{"type":"B","date":"2018-04-06T02:41:16.000Z","volume":28000,"label":" ","price":12.5},{"type":"A","date":"2018-04-06T02:41:16.000Z","volume":8000,"label":" ","price":12.52},{"type":"B","date":"2018-04-06T02:47:31.000Z","volume":14000,"label":" ","price":12.48},{"type":"A","date":"2018-04-06T02:47:32.000Z","volume":2000,"label":" ","price":12.5},{"type":"B","date":"2018-04-06T02:47:39.000Z","volume":20000,"label":" ","price":12.48},{"type":"B","date":"2018-04-06T02:47:39.000Z","volume":42000,"label":" ","price":12.48},{"type":"A","date":"2018-04-06T02:47:39.000Z","volume":2000,"label":" ","price":12.5},{"type":"B","date":"2018-04-06T02:47:39.000Z","volume":2000,"label":" ","price":12.48},{"type":"B","date":"2018-04-06T02:47:40.000Z","volume":16000,"label":" ","price":12.46},{"type":"B","date":"2018-04-06T02:47:40.000Z","volume":2000,"label":" ","price":12.44},{"type":"A","date":"2018-04-06T02:48:14.000Z","volume":20000,"label":" ","price":12.48},{"type":"A","date":"2018-04-06T02:48:14.000Z","volume":40000,"label":" ","price":12.5},{"type":"A","date":"2018-04-06T02:48:14.000Z","volume":8000,"label":" ","price":12.5},{"type":"A","date":"2018-04-06T02:48:15.000Z","volume":4000,"label":" ","price":12.5},{"type":"A","date":"2018-04-06T02:48:16.000Z","volume":8000,"label":" ","price":12.52},{"type":"U","date":"2018-04-06T02:48:58.000Z","volume":2000,"label":" ","price":12.5},{"type":"A","date":"2018-04-06T02:48:58.000Z","volume":2000,"label":" ","price":12.52},{"type":"B","date":"2018-04-06T02:52:24.000Z","volume":2000,"label":" ","price":12.42},{"type":"A","date":"2018-04-06T02:53:31.000Z","volume":2000,"label":" ","price":12.52},{"type":"A","date":"2018-04-06T02:55:01.000Z","volume":2000,"label":" ","price":12.52},{"type":"A","date":"2018-04-06T02:55:01.000Z","volume":2000,"label":" ","price":12.52},{"type":"A","date":"2018-04-06T02:55:01.000Z","volume":4000,"label":"Y","price":12.52},{"type":"A","date":"2018-04-06T02:55:06.000Z","volume":4000,"label":" ","price":12.52},{"type":"A","date":"2018-04-06T02:55:25.000Z","volume":10000,"label":" ","price":12.52},{"type":"A","date":"2018-04-06T02:55:25.000Z","volume":4000,"label":" ","price":12.52},{"type":"A","date":"2018-04-06T02:56:12.000Z","volume":44000,"label":" ","price":12.52},{"type":"A","date":"2018-04-06T02:56:12.000Z","volume":2000,"label":" ","price":12.54},{"type":"A","date":"2018-04-06T02:56:12.000Z","volume":10000,"label":" ","price":12.54},{"type":"A","date":"2018-04-06T02:56:12.000Z","volume":8000,"label":" ","price":12.54},{"type":"A","date":"2018-04-06T02:56:15.000Z","volume":2000,"label":" ","price":12.54},{"type":"A","date":"2018-04-06T02:56:16.000Z","volume":2000,"label":" ","price":12.54},{"type":"A","date":"2018-04-06T02:56:16.000Z","volume":12000,"label":" ","price":12.54},{"type":"A","date":"2018-04-06T02:56:16.000Z","volume":4000,"label":" ","price":12.54},{"type":"A","date":"2018-04-06T02:56:16.000Z","volume":4000,"label":" ","price":12.54},{"type":"A","date":"2018-04-06T02:56:16.000Z","volume":4000,"label":" ","price":12.54},{"type":"A","date":"2018-04-06T02:56:18.000Z","volume":4000,"label":" ","price":12.56},{"type":"B","date":"2018-04-06T02:56:31.000Z","volume":20000,"label":" ","price":12.54},{"type":"B","date":"2018-04-06T02:56:31.000Z","volume":8000,"label":" ","price":12.54},{"type":"U","date":"2018-04-06T02:56:31.000Z","volume":4000,"label":" ","price":12.54},{"type":"B","date":"2018-04-06T02:56:39.000Z","volume":38000,"label":" ","price":12.52},{"type":"B","date":"2018-04-06T02:56:39.000Z","volume":30000,"label":" ","price":12.5},{"type":"B","date":"2018-04-06T02:56:39.000Z","volume":26000,"label":" ","price":12.48},{"type":"B","date":"2018-04-06T02:56:39.000Z","volume":2000,"label":" ","price":12.48},{"type":"U","date":"2018-04-06T02:56:39.000Z","volume":2000,"label":" ","price":12.48},{"type":"B","date":"2018-04-06T03:00:08.000Z","volume":10000,"label":" ","price":12.48},{"type":"B","date":"2018-04-06T03:00:08.000Z","volume":8000,"label":" ","price":12.48},{"type":"A","date":"2018-04-06T03:00:43.000Z","volume":10000,"label":" ","price":12.5},{"type":"B","date":"2018-04-06T03:00:45.000Z","volume":4000,"label":" ","price":12.46},{"type":"A","date":"2018-04-06T03:00:45.000Z","volume":6000,"label":" ","price":12.52},{"type":"B","date":"2018-04-06T03:02:47.000Z","volume":4000,"label":" ","price":12.5},{"type":"A","date":"2018-04-06T03:04:31.000Z","volume":2000,"label":" ","price":12.52},{"type":"A","date":"2018-04-06T03:04:31.000Z","volume":2000,"label":" ","price":12.52},{"type":"A","date":"2018-04-06T03:08:01.000Z","volume":2000,"label":" ","price":12.52},{"type":"A","date":"2018-04-06T03:08:01.000Z","volume":2000,"label":" ","price":12.52},{"type":"A","date":"2018-04-06T03:08:02.000Z","volume":2000,"label":" ","price":12.52},{"type":"B","date":"2018-04-06T03:10:01.000Z","volume":48000,"label":" ","price":12.5},{"type":"A","date":"2018-04-06T03:10:01.000Z","volume":2000,"label":" ","price":12.5},{"type":"A","date":"2018-04-06T03:10:01.000Z","volume":2000,"label":" ","price":12.5},{"type":"A","date":"2018-04-06T03:10:01.000Z","volume":4000,"label":" ","price":12.52},{"type":"B","date":"2018-04-06T03:10:09.000Z","volume":10000,"label":" ","price":12.5},{"type":"B","date":"2018-04-06T03:10:09.000Z","volume":6000,"label":" ","price":12.48},{"type":"B","date":"2018-04-06T03:10:09.000Z","volume":26000,"label":" ","price":12.48},{"type":"B","date":"2018-04-06T03:10:09.000Z","volume":26000,"label":" ","price":12.48},{"type":"B","date":"2018-04-06T03:10:09.000Z","volume":2000,"label":" ","price":12.46},{"type":"B","date":"2018-04-06T03:10:09.000Z","volume":2000,"label":" ","price":12.5},{"type":"U","date":"2018-04-06T03:11:45.000Z","volume":20000,"label":" ","price":12.48},{"type":"U","date":"2018-04-06T03:11:45.000Z","volume":4000,"label":" ","price":12.48},{"type":"A","date":"2018-04-06T03:11:47.000Z","volume":4000,"label":" ","price":12.48},{"type":"A","date":"2018-04-06T03:11:47.000Z","volume":4000,"label":" ","price":12.48},{"type":"U","date":"2018-04-06T03:12:19.000Z","volume":20000,"label":" ","price":12.48},{"type":"U","date":"2018-04-06T03:12:19.000Z","volume":4000,"label":" ","price":12.48},{"type":"A","date":"2018-04-06T03:12:19.000Z","volume":4000,"label":" ","price":12.48},{"type":"A","date":"2018-04-06T03:12:19.000Z","volume":2000,"label":" ","price":12.48},{"type":"A","date":"2018-04-06T03:17:31.000Z","volume":2000,"label":" ","price":12.5},{"type":"A","date":"2018-04-06T03:17:34.000Z","volume":2000,"label":" ","price":12.5},{"type":"A","date":"2018-04-06T03:19:01.000Z","volume":2000,"label":" ","price":12.5},{"type":"B","date":"2018-04-06T03:19:31.000Z","volume":2000,"label":" ","price":12.42},{"type":"B","date":"2018-04-06T03:20:18.000Z","volume":10000,"label":" ","price":12.4},{"type":"B","date":"2018-04-06T03:20:18.000Z","volume":2000,"label":" ","price":12.4},{"type":"A","date":"2018-04-06T03:20:21.000Z","volume":2000,"label":" ","price":12.5},{"type":"A","date":"2018-04-06T03:21:31.000Z","volume":2000,"label":" ","price":12.48},{"type":"A","date":"2018-04-06T03:21:31.000Z","volume":2000,"label":" ","price":12.48},{"type":"A","date":"2018-04-06T03:23:16.000Z","volume":2000,"label":" ","price":12.48},{"type":"A","date":"2018-04-06T03:25:31.000Z","volume":2000,"label":" ","price":12.48},{"type":"A","date":"2018-04-06T03:27:26.000Z","volume":2000,"label":" ","price":12.48},{"type":"A","date":"2018-04-06T03:27:31.000Z","volume":2000,"label":"Y","price":12.48},{"type":"A","date":"2018-04-06T03:27:31.000Z","volume":2000,"label":"Y","price":12.48},{"type":"A","date":"2018-04-06T03:27:31.000Z","volume":2000,"label":" ","price":12.48},{"type":"A","date":"2018-04-06T03:27:40.000Z","volume":44000,"label":" ","price":12.48},{"type":"A","date":"2018-04-06T03:27:40.000Z","volume":2000,"label":" ","price":12.48},{"type":"A","date":"2018-04-06T03:27:40.000Z","volume":10000,"label":" ","price":12.5},{"type":"A","date":"2018-04-06T03:27:41.000Z","volume":2000,"label":" ","price":12.5},{"type":"A","date":"2018-04-06T03:27:48.000Z","volume":8000,"label":" ","price":12.5},{"type":"B","date":"2018-04-06T03:27:48.000Z","volume":24000,"label":" ","price":12.48},{"type":"A","date":"2018-04-06T03:27:48.000Z","volume":4000,"label":" ","price":12.5},{"type":"A","date":"2018-04-06T03:27:50.000Z","volume":4000,"label":" ","price":12.5},{"type":"A","date":"2018-04-06T03:27:50.000Z","volume":2000,"label":" ","price":12.5},{"type":"A","date":"2018-04-06T03:27:54.000Z","volume":6000,"label":" ","price":12.5},{"type":"A","date":"2018-04-06T03:27:54.000Z","volume":4000,"label":" ","price":12.5},{"type":"A","date":"2018-04-06T03:27:54.000Z","volume":2000,"label":" ","price":12.5},{"type":"A","date":"2018-04-06T03:28:19.000Z","volume":4000,"label":" ","price":12.5},{"type":"A","date":"2018-04-06T03:28:21.000Z","volume":2000,"label":" ","price":12.5},{"type":"A","date":"2018-04-06T03:31:31.000Z","volume":2000,"label":" ","price":12.5},{"type":"A","date":"2018-04-06T03:31:31.000Z","volume":4000,"label":" ","price":12.5},{"type":"B","date":"2018-04-06T03:31:45.000Z","volume":30000,"label":" ","price":12.48},{"type":"B","date":"2018-04-06T03:31:51.000Z","volume":6000,"label":" ","price":12.48},{"type":"A","date":"2018-04-06T03:32:03.000Z","volume":8000,"label":"Y","price":12.5},{"type":"A","date":"2018-04-06T03:32:03.000Z","volume":12000,"label":" ","price":12.5},{"type":"A","date":"2018-04-06T03:32:06.000Z","volume":12000,"label":" ","price":12.5},{"type":"A","date":"2018-04-06T03:32:06.000Z","volume":8000,"label":" ","price":12.52},{"type":"A","date":"2018-04-06T03:32:06.000Z","volume":2000,"label":" ","price":12.52},{"type":"B","date":"2018-04-06T03:32:36.000Z","volume":20000,"label":" ","price":12.52},{"type":"B","date":"2018-04-06T03:32:37.000Z","volume":6000,"label":" ","price":12.52},{"type":"A","date":"2018-04-06T03:32:54.000Z","volume":2000,"label":" ","price":12.52},{"type":"B","date":"2018-04-06T03:33:06.000Z","volume":32000,"label":" ","price":12.5},{"type":"B","date":"2018-04-06T03:33:06.000Z","volume":10000,"label":" ","price":12.48},{"type":"A","date":"2018-04-06T03:33:06.000Z","volume":4000,"label":" ","price":12.5},{"type":"B","date":"2018-04-06T03:34:11.000Z","volume":16000,"label":" ","price":12.46},{"type":"B","date":"2018-04-06T03:34:11.000Z","volume":12000,"label":" ","price":12.44},{"type":"B","date":"2018-04-06T03:34:11.000Z","volume":2000,"label":" ","price":12.42},{"type":"A","date":"2018-04-06T03:36:09.000Z","volume":14000,"label":" ","price":12.48},{"type":"B","date":"2018-04-06T03:36:41.000Z","volume":10000,"label":" ","price":12.44},{"type":"B","date":"2018-04-06T03:41:57.000Z","volume":10000,"label":" ","price":12.48},{"type":"B","date":"2018-04-06T03:43:01.000Z","volume":6000,"label":" ","price":12.48},{"type":"B","date":"2018-04-06T03:43:56.000Z","volume":12000,"label":" ","price":12.48},{"type":"B","date":"2018-04-06T03:46:50.000Z","volume":30000,"label":" ","price":12.48},{"type":"B","date":"2018-04-06T03:46:50.000Z","volume":2000,"label":" ","price":12.48},{"type":"U","date":"2018-04-06T03:46:50.000Z","volume":2000,"label":" ","price":12.48},{"type":"A","date":"2018-04-06T03:46:51.000Z","volume":2000,"label":" ","price":12.5},{"type":"A","date":"2018-04-06T03:52:15.000Z","volume":2000,"label":" ","price":12.5},{"type":"A","date":"2018-04-06T03:55:01.000Z","volume":2000,"label":" ","price":12.5},{"type":"A","date":"2018-04-06T03:55:02.000Z","volume":2000,"label":" ","price":12.5},{"type":"A","date":"2018-04-06T03:55:02.000Z","volume":2000,"label":" ","price":12.5},{"type":"A","date":"2018-04-06T03:56:46.000Z","volume":2000,"label":" ","price":12.5},{"type":"A","date":"2018-04-06T03:56:47.000Z","volume":2000,"label":" ","price":12.5},{"type":"B","date":"2018-04-06T03:57:44.000Z","volume":18000,"label":" ","price":12.48},{"type":"A","date":"2018-04-06T03:57:49.000Z","volume":2000,"label":"Y","price":12.5},{"type":"A","date":"2018-04-06T03:58:18.000Z","volume":2000,"label":" ","price":12.5},{"type":"B","date":"2018-04-06T03:58:47.000Z","volume":8000,"label":" ","price":12.48},{"type":"A","date":"2018-04-06T03:58:49.000Z","volume":2000,"label":"Y","price":12.5},{"type":"A","date":"2018-04-06T03:58:56.000Z","volume":2000,"label":" ","price":12.5},{"type":"A","date":"2018-04-06T03:58:59.000Z","volume":2000,"label":"Y","price":12.5},{"type":"A","date":"2018-04-06T05:00:51.000Z","volume":2000,"label":" ","price":12.5},{"type":"A","date":"2018-04-06T05:02:32.000Z","volume":8000,"label":" ","price":12.5},{"type":"A","date":"2018-04-06T05:02:32.000Z","volume":2000,"label":" ","price":12.5},{"type":"A","date":"2018-04-06T05:03:47.000Z","volume":4000,"label":" ","price":12.5},{"type":"A","date":"2018-04-06T05:03:47.000Z","volume":2000,"label":" ","price":12.5},{"type":"B","date":"2018-04-06T05:04:03.000Z","volume":2000,"label":" ","price":12.48},{"type":"A","date":"2018-04-06T05:04:03.000Z","volume":2000,"label":" ","price":12.5},{"type":"B","date":"2018-04-06T05:04:26.000Z","volume":22000,"label":" ","price":12.48},{"type":"A","date":"2018-04-06T05:04:51.000Z","volume":2000,"label":" ","price":12.5},{"type":"A","date":"2018-04-06T05:05:22.000Z","volume":2000,"label":" ","price":12.5},{"type":"A","date":"2018-04-06T05:06:11.000Z","volume":2000,"label":" ","price":12.5},{"type":"A","date":"2018-04-06T05:06:12.000Z","volume":2000,"label":" ","price":12.5},{"type":"A","date":"2018-04-06T05:07:20.000Z","volume":2000,"label":" ","price":12.5},{"type":"B","date":"2018-04-06T05:08:15.000Z","volume":2000,"label":" ","price":12.48},{"type":"A","date":"2018-04-06T05:08:51.000Z","volume":2000,"label":" ","price":12.5},{"type":"A","date":"2018-04-06T05:09:47.000Z","volume":2000,"label":" ","price":12.5},{"type":"A","date":"2018-04-06T05:09:47.000Z","volume":2000,"label":"Y","price":12.5},{"type":"A","date":"2018-04-06T05:09:47.000Z","volume":8000,"label":" ","price":12.5},{"type":"A","date":"2018-04-06T05:09:47.000Z","volume":2000,"label":" ","price":12.5},{"type":"A","date":"2018-04-06T05:09:47.000Z","volume":2000,"label":" ","price":12.5},{"type":"A","date":"2018-04-06T05:09:48.000Z","volume":2000,"label":" ","price":12.5},{"type":"A","date":"2018-04-06T05:09:48.000Z","volume":4000,"label":" ","price":12.5},{"type":"A","date":"2018-04-06T05:09:48.000Z","volume":10000,"label":" ","price":12.5},{"type":"A","date":"2018-04-06T05:11:09.000Z","volume":6000,"label":" ","price":12.52},{"type":"A","date":"2018-04-06T05:11:09.000Z","volume":2000,"label":" ","price":12.52},{"type":"A","date":"2018-04-06T05:11:09.000Z","volume":2000,"label":" ","price":12.52},{"type":"A","date":"2018-04-06T05:11:10.000Z","volume":8000,"label":" ","price":12.52},{"type":"A","date":"2018-04-06T05:11:10.000Z","volume":2000,"label":" ","price":12.52},{"type":"A","date":"2018-04-06T05:11:11.000Z","volume":2000,"label":" ","price":12.52},{"type":"B","date":"2018-04-06T05:11:12.000Z","volume":50000,"label":" ","price":12.5},{"type":"A","date":"2018-04-06T05:11:12.000Z","volume":10000,"label":" ","price":12.52},{"type":"A","date":"2018-04-06T05:11:13.000Z","volume":2000,"label":"Y","price":12.52},{"type":"A","date":"2018-04-06T05:11:13.000Z","volume":2000,"label":" ","price":12.52},{"type":"A","date":"2018-04-06T05:11:13.000Z","volume":2000,"label":" ","price":12.52},{"type":"A","date":"2018-04-06T05:11:14.000Z","volume":4000,"label":"Y","price":12.52},{"type":"B","date":"2018-04-06T05:11:39.000Z","volume":50000,"label":" ","price":12.5},{"type":"A","date":"2018-04-06T05:11:39.000Z","volume":2000,"label":" ","price":12.52},{"type":"A","date":"2018-04-06T05:11:41.000Z","volume":2000,"label":" ","price":12.52},{"type":"B","date":"2018-04-06T05:12:06.000Z","volume":8000,"label":" ","price":12.5},{"type":"B","date":"2018-04-06T05:13:07.000Z","volume":4000,"label":" ","price":12.48},{"type":"B","date":"2018-04-06T05:13:07.000Z","volume":34000,"label":" ","price":12.48},{"type":"B","date":"2018-04-06T05:13:07.000Z","volume":6000,"label":" ","price":12.48},{"type":"B","date":"2018-04-06T05:16:04.000Z","volume":10000,"label":" ","price":12.48},{"type":"B","date":"2018-04-06T05:17:02.000Z","volume":20000,"label":" ","price":12.48},{"type":"B","date":"2018-04-06T05:17:02.000Z","volume":8000,"label":" ","price":12.48},{"type":"B","date":"2018-04-06T05:17:51.000Z","volume":12000,"label":" ","price":12.48},{"type":"A","date":"2018-04-06T05:24:17.000Z","volume":2000,"label":" ","price":12.48},{"type":"A","date":"2018-04-06T05:24:47.000Z","volume":2000,"label":"Y","price":12.48},{"type":"A","date":"2018-04-06T05:24:47.000Z","volume":2000,"label":"Y","price":12.48},{"type":"A","date":"2018-04-06T05:24:47.000Z","volume":2000,"label":" ","price":12.48},{"type":"A","date":"2018-04-06T05:24:51.000Z","volume":2000,"label":"Y","price":12.48},{"type":"B","date":"2018-04-06T05:25:06.000Z","volume":8000,"label":" ","price":12.46},{"type":"A","date":"2018-04-06T05:25:19.000Z","volume":2000,"label":" ","price":12.48},{"type":"A","date":"2018-04-06T05:25:19.000Z","volume":2000,"label":"Y","price":12.48},{"type":"B","date":"2018-04-06T05:25:23.000Z","volume":48000,"label":" ","price":12.46},{"type":"B","date":"2018-04-06T05:25:23.000Z","volume":2000,"label":" ","price":12.46},{"type":"B","date":"2018-04-06T05:25:23.000Z","volume":2000,"label":" ","price":12.46},{"type":"B","date":"2018-04-06T05:25:23.000Z","volume":28000,"label":" ","price":12.44},{"type":"B","date":"2018-04-06T05:25:23.000Z","volume":4000,"label":" ","price":12.44},{"type":"A","date":"2018-04-06T05:25:23.000Z","volume":4000,"label":" ","price":12.46},{"type":"B","date":"2018-04-06T05:25:23.000Z","volume":2000,"label":" ","price":12.44},{"type":"B","date":"2018-04-06T05:25:28.000Z","volume":2000,"label":" ","price":12.42},{"type":"B","date":"2018-04-06T05:25:33.000Z","volume":14000,"label":" ","price":12.4},{"type":"B","date":"2018-04-06T05:25:33.000Z","volume":2000,"label":" ","price":12.4},{"type":"B","date":"2018-04-06T05:26:32.000Z","volume":6000,"label":" ","price":12.4},{"type":"A","date":"2018-04-06T05:26:33.000Z","volume":2000,"label":" ","price":12.42},{"type":"B","date":"2018-04-06T05:29:06.000Z","volume":2000,"label":" ","price":12.38},{"type":"B","date":"2018-04-06T05:30:04.000Z","volume":8000,"label":" ","price":12.4},{"type":"B","date":"2018-04-06T05:30:04.000Z","volume":8000,"label":" ","price":12.4},{"type":"B","date":"2018-04-06T05:30:04.000Z","volume":2000,"label":" ","price":12.4},{"type":"A","date":"2018-04-06T05:30:04.000Z","volume":2000,"label":" ","price":12.42},{"type":"B","date":"2018-04-06T05:32:05.000Z","volume":6000,"label":" ","price":12.38},{"type":"A","date":"2018-04-06T05:37:07.000Z","volume":2000,"label":" ","price":12.42},{"type":"A","date":"2018-04-06T05:37:32.000Z","volume":2000,"label":" ","price":12.42},{"type":"A","date":"2018-04-06T05:37:32.000Z","volume":2000,"label":" ","price":12.42},{"type":"A","date":"2018-04-06T05:37:54.000Z","volume":2000,"label":" ","price":12.42},{"type":"A","date":"2018-04-06T05:39:40.000Z","volume":2000,"label":" ","price":12.42},{"type":"A","date":"2018-04-06T05:40:02.000Z","volume":2000,"label":"Y","price":12.42},{"type":"A","date":"2018-04-06T05:40:38.000Z","volume":2000,"label":" ","price":12.42},{"type":"A","date":"2018-04-06T05:40:39.000Z","volume":2000,"label":" ","price":12.42},{"type":"A","date":"2018-04-06T05:42:17.000Z","volume":2000,"label":"Y","price":12.42},{"type":"A","date":"2018-04-06T05:42:49.000Z","volume":2000,"label":" ","price":12.42},{"type":"A","date":"2018-04-06T05:43:37.000Z","volume":2000,"label":" ","price":12.42},{"type":"A","date":"2018-04-06T05:43:37.000Z","volume":2000,"label":" ","price":12.42},{"type":"A","date":"2018-04-06T05:43:37.000Z","volume":2000,"label":" ","price":12.42},{"type":"A","date":"2018-04-06T05:43:37.000Z","volume":20000,"label":" ","price":12.42},{"type":"A","date":"2018-04-06T05:44:02.000Z","volume":2000,"label":" ","price":12.44},{"type":"A","date":"2018-04-06T05:44:53.000Z","volume":4000,"label":" ","price":12.44},{"type":"A","date":"2018-04-06T05:44:55.000Z","volume":2000,"label":" ","price":12.44},{"type":"A","date":"2018-04-06T05:44:56.000Z","volume":2000,"label":" ","price":12.44},{"type":"A","date":"2018-04-06T05:44:56.000Z","volume":4000,"label":" ","price":12.44},{"type":"A","date":"2018-04-06T05:44:56.000Z","volume":8000,"label":" ","price":12.44},{"type":"B","date":"2018-04-06T05:44:58.000Z","volume":18000,"label":" ","price":12.44},{"type":"A","date":"2018-04-06T05:45:17.000Z","volume":2000,"label":" ","price":12.46},{"type":"A","date":"2018-04-06T05:45:17.000Z","volume":2000,"label":" ","price":12.46},{"type":"A","date":"2018-04-06T05:45:18.000Z","volume":2000,"label":" ","price":12.46},{"type":"A","date":"2018-04-06T05:45:19.000Z","volume":2000,"label":" ","price":12.46},{"type":"A","date":"2018-04-06T05:47:13.000Z","volume":4000,"label":" ","price":12.46},{"type":"A","date":"2018-04-06T05:47:16.000Z","volume":2000,"label":" ","price":12.46},{"type":"B","date":"2018-04-06T05:47:37.000Z","volume":30000,"label":" ","price":12.44},{"type":"A","date":"2018-04-06T05:47:37.000Z","volume":4000,"label":" ","price":12.46},{"type":"A","date":"2018-04-06T05:47:39.000Z","volume":2000,"label":" ","price":12.46},{"type":"A","date":"2018-04-06T05:47:47.000Z","volume":2000,"label":" ","price":12.46},{"type":"A","date":"2018-04-06T05:47:47.000Z","volume":2000,"label":" ","price":12.46},{"type":"A","date":"2018-04-06T05:49:31.000Z","volume":8000,"label":" ","price":12.46},{"type":"A","date":"2018-04-06T05:49:33.000Z","volume":4000,"label":" ","price":12.46},{"type":"A","date":"2018-04-06T05:49:47.000Z","volume":2000,"label":" ","price":12.46},{"type":"A","date":"2018-04-06T05:51:02.000Z","volume":2000,"label":" ","price":12.46},{"type":"A","date":"2018-04-06T05:51:04.000Z","volume":2000,"label":" ","price":12.46},{"type":"A","date":"2018-04-06T05:51:26.000Z","volume":2000,"label":" ","price":12.46},{"type":"A","date":"2018-04-06T05:51:54.000Z","volume":6000,"label":" ","price":12.46},{"type":"A","date":"2018-04-06T05:51:54.000Z","volume":4000,"label":" ","price":12.46},{"type":"A","date":"2018-04-06T05:51:56.000Z","volume":26000,"label":" ","price":12.46},{"type":"A","date":"2018-04-06T05:52:02.000Z","volume":2000,"label":" ","price":12.48},{"type":"A","date":"2018-04-06T05:52:02.000Z","volume":2000,"label":" ","price":12.48},{"type":"A","date":"2018-04-06T05:52:05.000Z","volume":2000,"label":" ","price":12.48},{"type":"A","date":"2018-04-06T05:52:59.000Z","volume":12000,"label":" ","price":12.48},{"type":"A","date":"2018-04-06T05:53:00.000Z","volume":4000,"label":" ","price":12.48},{"type":"A","date":"2018-04-06T05:53:00.000Z","volume":4000,"label":" ","price":12.48},{"type":"A","date":"2018-04-06T05:53:01.000Z","volume":2000,"label":" ","price":12.48},{"type":"A","date":"2018-04-06T05:53:02.000Z","volume":2000,"label":" ","price":12.48},{"type":"A","date":"2018-04-06T05:53:02.000Z","volume":2000,"label":" ","price":12.48},{"type":"A","date":"2018-04-06T05:53:02.000Z","volume":2000,"label":" ","price":12.48},{"type":"A","date":"2018-04-06T05:53:02.000Z","volume":2000,"label":" ","price":12.48},{"type":"A","date":"2018-04-06T05:53:35.000Z","volume":2000,"label":" ","price":12.5},{"type":"A","date":"2018-04-06T05:53:39.000Z","volume":2000,"label":" ","price":12.5},{"type":"A","date":"2018-04-06T05:53:42.000Z","volume":2000,"label":" ","price":12.5},{"type":"A","date":"2018-04-06T05:54:53.000Z","volume":2000,"label":" ","price":12.5},{"type":"A","date":"2018-04-06T05:55:18.000Z","volume":4000,"label":" ","price":12.5},{"type":"A","date":"2018-04-06T05:55:18.000Z","volume":6000,"label":" ","price":12.5},{"type":"A","date":"2018-04-06T05:55:21.000Z","volume":4000,"label":" ","price":12.5},{"type":"A","date":"2018-04-06T05:56:57.000Z","volume":2000,"label":" ","price":12.5},{"type":"A","date":"2018-04-06T05:57:26.000Z","volume":8000,"label":" ","price":12.5},{"type":"A","date":"2018-04-06T05:57:26.000Z","volume":4000,"label":" ","price":12.5},{"type":"A","date":"2018-04-06T05:57:29.000Z","volume":4000,"label":" ","price":12.5},{"type":"A","date":"2018-04-06T05:57:32.000Z","volume":2000,"label":" ","price":12.5},{"type":"B","date":"2018-04-06T05:57:57.000Z","volume":10000,"label":" ","price":12.48},{"type":"A","date":"2018-04-06T05:57:57.000Z","volume":2000,"label":" ","price":12.5},{"type":"A","date":"2018-04-06T05:57:59.000Z","volume":2000,"label":" ","price":12.5},{"type":"A","date":"2018-04-06T05:58:02.000Z","volume":2000,"label":" ","price":12.5},{"type":"B","date":"2018-04-06T05:58:06.000Z","volume":94000,"label":" ","price":12.48},{"type":"A","date":"2018-04-06T05:58:06.000Z","volume":2000,"label":" ","price":12.48},{"type":"A","date":"2018-04-06T05:58:06.000Z","volume":6000,"label":" ","price":12.48},{"type":"A","date":"2018-04-06T05:58:07.000Z","volume":4000,"label":" ","price":12.5},{"type":"A","date":"2018-04-06T05:58:07.000Z","volume":2000,"label":" ","price":12.5},{"type":"B","date":"2018-04-06T05:58:32.000Z","volume":40000,"label":" ","price":12.48},{"type":"B","date":"2018-04-06T05:58:32.000Z","volume":8000,"label":" ","price":12.48},{"type":"B","date":"2018-04-06T05:59:47.000Z","volume":40000,"label":" ","price":12.48},{"type":"A","date":"2018-04-06T05:59:47.000Z","volume":4000,"label":" ","price":12.5},{"type":"A","date":"2018-04-06T06:07:13.000Z","volume":4000,"label":" ","price":12.5},{"type":"A","date":"2018-04-06T06:07:13.000Z","volume":2000,"label":" ","price":12.5},{"type":"A","date":"2018-04-06T06:07:13.000Z","volume":2000,"label":" ","price":12.5},{"type":"A","date":"2018-04-06T06:07:17.000Z","volume":2000,"label":" ","price":12.5},{"type":"A","date":"2018-04-06T06:07:17.000Z","volume":2000,"label":" ","price":12.5},{"type":"A","date":"2018-04-06T06:07:17.000Z","volume":4000,"label":" ","price":12.5},{"type":"A","date":"2018-04-06T06:07:18.000Z","volume":4000,"label":" ","price":12.5},{"type":"A","date":"2018-04-06T06:07:21.000Z","volume":46000,"label":" ","price":12.5},{"type":"A","date":"2018-04-06T06:07:33.000Z","volume":2000,"label":" ","price":12.52},{"type":"A","date":"2018-04-06T06:07:33.000Z","volume":2000,"label":" ","price":12.52},{"type":"A","date":"2018-04-06T06:07:35.000Z","volume":2000,"label":" ","price":12.52},{"type":"A","date":"2018-04-06T06:08:02.000Z","volume":2000,"label":" ","price":12.52},{"type":"A","date":"2018-04-06T06:09:25.000Z","volume":2000,"label":" ","price":12.52},{"type":"A","date":"2018-04-06T06:09:33.000Z","volume":2000,"label":" ","price":12.52},{"type":"A","date":"2018-04-06T06:09:37.000Z","volume":2000,"label":" ","price":12.52},{"type":"A","date":"2018-04-06T06:09:38.000Z","volume":2000,"label":" ","price":12.52},{"type":"A","date":"2018-04-06T06:09:38.000Z","volume":2000,"label":" ","price":12.52},{"type":"A","date":"2018-04-06T06:09:38.000Z","volume":2000,"label":" ","price":12.52},{"type":"A","date":"2018-04-06T06:09:42.000Z","volume":2000,"label":" ","price":12.52},{"type":"A","date":"2018-04-06T06:09:47.000Z","volume":2000,"label":" ","price":12.52},{"type":"A","date":"2018-04-06T06:10:11.000Z","volume":2000,"label":" ","price":12.52},{"type":"A","date":"2018-04-06T06:10:47.000Z","volume":2000,"label":" ","price":12.52},{"type":"A","date":"2018-04-06T06:10:49.000Z","volume":2000,"label":" ","price":12.52},{"type":"A","date":"2018-04-06T06:12:03.000Z","volume":2000,"label":" ","price":12.52},{"type":"A","date":"2018-04-06T06:12:17.000Z","volume":2000,"label":" ","price":12.52},{"type":"A","date":"2018-04-06T06:12:27.000Z","volume":8000,"label":" ","price":12.52},{"type":"A","date":"2018-04-06T06:12:27.000Z","volume":2000,"label":" ","price":12.52},{"type":"A","date":"2018-04-06T06:12:28.000Z","volume":4000,"label":"Y","price":12.52},{"type":"A","date":"2018-04-06T06:13:04.000Z","volume":2000,"label":" ","price":12.52},{"type":"A","date":"2018-04-06T06:14:14.000Z","volume":4000,"label":" ","price":12.52},{"type":"A","date":"2018-04-06T06:14:16.000Z","volume":2000,"label":" ","price":12.52},{"type":"A","date":"2018-04-06T06:14:17.000Z","volume":2000,"label":"Y","price":12.52},{"type":"A","date":"2018-04-06T06:14:17.000Z","volume":2000,"label":" ","price":12.52},{"type":"A","date":"2018-04-06T06:14:17.000Z","volume":8000,"label":" ","price":12.52},{"type":"A","date":"2018-04-06T06:14:17.000Z","volume":2000,"label":" ","price":12.52},{"type":"A","date":"2018-04-06T06:14:17.000Z","volume":2000,"label":" ","price":12.52},{"type":"A","date":"2018-04-06T06:14:17.000Z","volume":2000,"label":" ","price":12.52},{"type":"A","date":"2018-04-06T06:14:32.000Z","volume":2000,"label":" ","price":12.54},{"type":"A","date":"2018-04-06T06:14:33.000Z","volume":2000,"label":" ","price":12.54},{"type":"B","date":"2018-04-06T06:14:43.000Z","volume":10000,"label":" ","price":12.52},{"type":"A","date":"2018-04-06T06:14:43.000Z","volume":4000,"label":" ","price":12.54},{"type":"A","date":"2018-04-06T06:15:33.000Z","volume":2000,"label":" ","price":12.54},{"type":"A","date":"2018-04-06T06:15:33.000Z","volume":2000,"label":" ","price":12.54},{"type":"A","date":"2018-04-06T06:15:37.000Z","volume":2000,"label":" ","price":12.54},{"type":"B","date":"2018-04-06T06:15:42.000Z","volume":50000,"label":" ","price":12.52},{"type":"B","date":"2018-04-06T06:15:42.000Z","volume":2000,"label":"Y","price":12.52},{"type":"B","date":"2018-04-06T06:15:42.000Z","volume":24000,"label":" ","price":12.52},{"type":"B","date":"2018-04-06T06:16:21.000Z","volume":20000,"label":" ","price":12.52},{"type":"A","date":"2018-04-06T06:18:31.000Z","volume":2000,"label":" ","price":12.54},{"type":"A","date":"2018-04-06T06:18:31.000Z","volume":2000,"label":" ","price":12.54},{"type":"B","date":"2018-04-06T06:20:04.000Z","volume":12000,"label":" ","price":12.52},{"type":"B","date":"2018-04-06T06:20:06.000Z","volume":22000,"label":" ","price":12.52},{"type":"A","date":"2018-04-06T06:20:06.000Z","volume":4000,"label":" ","price":12.54},{"type":"A","date":"2018-04-06T06:20:07.000Z","volume":2000,"label":" ","price":12.54},{"type":"B","date":"2018-04-06T06:20:19.000Z","volume":4000,"label":" ","price":12.52},{"type":"A","date":"2018-04-06T06:24:32.000Z","volume":2000,"label":" ","price":12.54},{"type":"A","date":"2018-04-06T06:26:47.000Z","volume":2000,"label":" ","price":12.54},{"type":"A","date":"2018-04-06T06:26:47.000Z","volume":2000,"label":" ","price":12.54},{"type":"A","date":"2018-04-06T06:26:49.000Z","volume":2000,"label":" ","price":12.54},{"type":"B","date":"2018-04-06T06:27:39.000Z","volume":20000,"label":" ","price":12.52},{"type":"B","date":"2018-04-06T06:27:55.000Z","volume":20000,"label":" ","price":12.52},{"type":"A","date":"2018-04-06T06:28:47.000Z","volume":2000,"label":" ","price":12.54},{"type":"A","date":"2018-04-06T06:28:50.000Z","volume":6000,"label":" ","price":12.54},{"type":"A","date":"2018-04-06T06:28:50.000Z","volume":4000,"label":" ","price":12.54},{"type":"A","date":"2018-04-06T06:28:51.000Z","volume":2000,"label":"Y","price":12.54},{"type":"A","date":"2018-04-06T06:28:51.000Z","volume":2000,"label":" ","price":12.54},{"type":"A","date":"2018-04-06T06:28:51.000Z","volume":2000,"label":" ","price":12.54},{"type":"A","date":"2018-04-06T06:28:52.000Z","volume":2000,"label":" ","price":12.54},{"type":"A","date":"2018-04-06T06:28:53.000Z","volume":2000,"label":" ","price":12.54},{"type":"A","date":"2018-04-06T06:29:07.000Z","volume":2000,"label":" ","price":12.54},{"type":"A","date":"2018-04-06T06:29:17.000Z","volume":2000,"label":" ","price":12.54},{"type":"A","date":"2018-04-06T06:29:17.000Z","volume":2000,"label":" ","price":12.54},{"type":"B","date":"2018-04-06T06:30:17.000Z","volume":2000,"label":"Y","price":12.54},{"type":"B","date":"2018-04-06T06:30:17.000Z","volume":16000,"label":" ","price":12.54},{"type":"A","date":"2018-04-06T06:30:23.000Z","volume":4000,"label":" ","price":12.56},{"type":"A","date":"2018-04-06T06:30:24.000Z","volume":2000,"label":" ","price":12.56},{"type":"B","date":"2018-04-06T06:30:33.000Z","volume":4000,"label":" ","price":12.54},{"type":"A","date":"2018-04-06T06:30:33.000Z","volume":4000,"label":" ","price":12.56},{"type":"B","date":"2018-04-06T06:31:25.000Z","volume":40000,"label":" ","price":12.54},{"type":"A","date":"2018-04-06T06:37:21.000Z","volume":2000,"label":" ","price":12.56},{"type":"A","date":"2018-04-06T06:37:23.000Z","volume":2000,"label":" ","price":12.56},{"type":"A","date":"2018-04-06T06:37:33.000Z","volume":2000,"label":" ","price":12.56},{"type":"A","date":"2018-04-06T06:38:16.000Z","volume":12000,"label":" ","price":12.56},{"type":"A","date":"2018-04-06T06:38:17.000Z","volume":2000,"label":" ","price":12.56},{"type":"A","date":"2018-04-06T06:38:17.000Z","volume":4000,"label":" ","price":12.56},{"type":"A","date":"2018-04-06T06:38:53.000Z","volume":26000,"label":" ","price":12.56},{"type":"A","date":"2018-04-06T06:38:53.000Z","volume":4000,"label":" ","price":12.58},{"type":"B","date":"2018-04-06T06:39:24.000Z","volume":20000,"label":" ","price":12.54},{"type":"A","date":"2018-04-06T06:39:24.000Z","volume":4000,"label":" ","price":12.58},{"type":"A","date":"2018-04-06T06:39:24.000Z","volume":2000,"label":" ","price":12.58},{"type":"A","date":"2018-04-06T06:39:47.000Z","volume":2000,"label":" ","price":12.58},{"type":"A","date":"2018-04-06T06:40:18.000Z","volume":2000,"label":" ","price":12.58},{"type":"A","date":"2018-04-06T06:40:20.000Z","volume":2000,"label":" ","price":12.58},{"type":"A","date":"2018-04-06T06:41:08.000Z","volume":2000,"label":" ","price":12.58},{"type":"A","date":"2018-04-06T06:42:32.000Z","volume":2000,"label":" ","price":12.58},{"type":"A","date":"2018-04-06T06:42:35.000Z","volume":2000,"label":" ","price":12.58},{"type":"A","date":"2018-04-06T06:42:48.000Z","volume":2000,"label":" ","price":12.58},{"type":"A","date":"2018-04-06T06:43:47.000Z","volume":2000,"label":" ","price":12.58},{"type":"B","date":"2018-04-06T06:44:43.000Z","volume":10000,"label":" ","price":12.56},{"type":"A","date":"2018-04-06T06:44:48.000Z","volume":2000,"label":" ","price":12.58},{"type":"A","date":"2018-04-06T06:44:50.000Z","volume":2000,"label":" ","price":12.58},{"type":"A","date":"2018-04-06T06:45:02.000Z","volume":2000,"label":" ","price":12.58},{"type":"A","date":"2018-04-06T06:45:21.000Z","volume":2000,"label":" ","price":12.58},{"type":"A","date":"2018-04-06T06:45:22.000Z","volume":2000,"label":" ","price":12.58},{"type":"A","date":"2018-04-06T06:45:22.000Z","volume":4000,"label":" ","price":12.58},{"type":"A","date":"2018-04-06T06:45:25.000Z","volume":2000,"label":" ","price":12.58},{"type":"A","date":"2018-04-06T06:45:50.000Z","volume":2000,"label":" ","price":12.58},{"type":"A","date":"2018-04-06T06:46:21.000Z","volume":2000,"label":" ","price":12.58},{"type":"A","date":"2018-04-06T06:46:24.000Z","volume":2000,"label":" ","price":12.58},{"type":"A","date":"2018-04-06T06:47:12.000Z","volume":8000,"label":" ","price":12.58},{"type":"A","date":"2018-04-06T06:47:13.000Z","volume":2000,"label":" ","price":12.58},{"type":"A","date":"2018-04-06T06:47:17.000Z","volume":2000,"label":" ","price":12.58},{"type":"A","date":"2018-04-06T06:47:18.000Z","volume":2000,"label":" ","price":12.58},{"type":"A","date":"2018-04-06T06:47:18.000Z","volume":10000,"label":" ","price":12.58},{"type":"A","date":"2018-04-06T06:47:18.000Z","volume":4000,"label":" ","price":12.58},{"type":"A","date":"2018-04-06T06:47:18.000Z","volume":2000,"label":" ","price":12.58},{"type":"A","date":"2018-04-06T06:47:18.000Z","volume":4000,"label":" ","price":12.58},{"type":"A","date":"2018-04-06T06:47:18.000Z","volume":22000,"label":" ","price":12.58},{"type":"A","date":"2018-04-06T06:47:35.000Z","volume":2000,"label":" ","price":12.6},{"type":"A","date":"2018-04-06T06:49:08.000Z","volume":2000,"label":" ","price":12.6},{"type":"A","date":"2018-04-06T06:49:45.000Z","volume":10000,"label":" ","price":12.6},{"type":"A","date":"2018-04-06T06:50:17.000Z","volume":4000,"label":" ","price":12.6},{"type":"B","date":"2018-04-06T06:50:22.000Z","volume":50000,"label":" ","price":12.58},{"type":"B","date":"2018-04-06T06:50:27.000Z","volume":50000,"label":" ","price":12.58},{"type":"B","date":"2018-04-06T06:50:27.000Z","volume":10000,"label":" ","price":12.58},{"type":"A","date":"2018-04-06T06:50:33.000Z","volume":2000,"label":" ","price":12.6},{"type":"B","date":"2018-04-06T06:51:16.000Z","volume":14000,"label":" ","price":12.58},{"type":"B","date":"2018-04-06T06:51:32.000Z","volume":50000,"label":" ","price":12.58},{"type":"B","date":"2018-04-06T06:51:37.000Z","volume":2000,"label":" ","price":12.58},{"type":"B","date":"2018-04-06T06:52:21.000Z","volume":14000,"label":" ","price":12.58},{"type":"B","date":"2018-04-06T06:52:21.000Z","volume":10000,"label":" ","price":12.58},{"type":"A","date":"2018-04-06T06:52:22.000Z","volume":2000,"label":" ","price":12.6},{"type":"A","date":"2018-04-06T06:52:41.000Z","volume":2000,"label":" ","price":12.6},{"type":"B","date":"2018-04-06T06:53:07.000Z","volume":2000,"label":" ","price":12.58},{"type":"B","date":"2018-04-06T06:53:25.000Z","volume":2000,"label":" ","price":12.58},{"type":"A","date":"2018-04-06T06:57:18.000Z","volume":4000,"label":" ","price":12.6},{"type":"A","date":"2018-04-06T06:58:02.000Z","volume":2000,"label":" ","price":12.6},{"type":"A","date":"2018-04-06T06:59:15.000Z","volume":4000,"label":" ","price":12.6},{"type":"A","date":"2018-04-06T06:59:32.000Z","volume":2000,"label":" ","price":12.6},{"type":"A","date":"2018-04-06T06:59:33.000Z","volume":2000,"label":" ","price":12.6},{"type":"A","date":"2018-04-06T07:00:22.000Z","volume":2000,"label":" ","price":12.6},{"type":"A","date":"2018-04-06T07:00:32.000Z","volume":2000,"label":" ","price":12.6},{"type":"A","date":"2018-04-06T07:01:47.000Z","volume":2000,"label":" ","price":12.6},{"type":"A","date":"2018-04-06T07:02:03.000Z","volume":2000,"label":" ","price":12.6},{"type":"A","date":"2018-04-06T07:03:32.000Z","volume":2000,"label":" ","price":12.6},{"type":"A","date":"2018-04-06T07:04:21.000Z","volume":2000,"label":" ","price":12.6},{"type":"A","date":"2018-04-06T07:04:35.000Z","volume":6000,"label":" ","price":12.6},{"type":"A","date":"2018-04-06T07:05:02.000Z","volume":2000,"label":" ","price":12.6},{"type":"A","date":"2018-04-06T07:05:18.000Z","volume":2000,"label":" ","price":12.6},{"type":"A","date":"2018-04-06T07:05:18.000Z","volume":2000,"label":" ","price":12.6},{"type":"A","date":"2018-04-06T07:06:09.000Z","volume":60000,"label":" ","price":12.6},{"type":"A","date":"2018-04-06T07:06:09.000Z","volume":4000,"label":" ","price":12.6},{"type":"A","date":"2018-04-06T07:06:09.000Z","volume":6000,"label":" ","price":12.6},{"type":"A","date":"2018-04-06T07:06:09.000Z","volume":2000,"label":" ","price":12.6},{"type":"A","date":"2018-04-06T07:06:10.000Z","volume":4000,"label":" ","price":12.6},{"type":"A","date":"2018-04-06T07:06:10.000Z","volume":4000,"label":" ","price":12.6},{"type":"A","date":"2018-04-06T07:06:26.000Z","volume":2000,"label":" ","price":12.6},{"type":"A","date":"2018-04-06T07:06:26.000Z","volume":6000,"label":" ","price":12.6},{"type":"A","date":"2018-04-06T07:06:26.000Z","volume":2000,"label":" ","price":12.6},{"type":"A","date":"2018-04-06T07:06:27.000Z","volume":2000,"label":" ","price":12.6},{"type":"A","date":"2018-04-06T07:06:32.000Z","volume":8000,"label":" ","price":12.6},{"type":"A","date":"2018-04-06T07:06:32.000Z","volume":2000,"label":" ","price":12.62},{"type":"B","date":"2018-04-06T07:07:19.000Z","volume":10000,"label":" ","price":12.58},{"type":"A","date":"2018-04-06T07:07:33.000Z","volume":2000,"label":" ","price":12.62},{"type":"A","date":"2018-04-06T07:07:54.000Z","volume":4000,"label":" ","price":12.62},{"type":"B","date":"2018-04-06T07:08:04.000Z","volume":44000,"label":" ","price":12.6},{"type":"A","date":"2018-04-06T07:08:04.000Z","volume":2000,"label":" ","price":12.6},{"type":"A","date":"2018-04-06T07:08:04.000Z","volume":10000,"label":" ","price":12.6},{"type":"A","date":"2018-04-06T07:08:18.000Z","volume":4000,"label":" ","price":12.6},{"type":"A","date":"2018-04-06T07:08:23.000Z","volume":2000,"label":" ","price":12.6},{"type":"A","date":"2018-04-06T07:08:23.000Z","volume":2000,"label":" ","price":12.6},{"type":"A","date":"2018-04-06T07:08:33.000Z","volume":2000,"label":" ","price":12.6},{"type":"A","date":"2018-04-06T07:08:33.000Z","volume":2000,"label":" ","price":12.6},{"type":"A","date":"2018-04-06T07:08:42.000Z","volume":2000,"label":" ","price":12.6},{"type":"A","date":"2018-04-06T07:09:47.000Z","volume":6000,"label":" ","price":12.6},{"type":"A","date":"2018-04-06T07:10:17.000Z","volume":2000,"label":" ","price":12.6},{"type":"A","date":"2018-04-06T07:12:05.000Z","volume":4000,"label":" ","price":12.6},{"type":"A","date":"2018-04-06T07:12:05.000Z","volume":2000,"label":" ","price":12.6},{"type":"A","date":"2018-04-06T07:13:08.000Z","volume":2000,"label":" ","price":12.6},{"type":"A","date":"2018-04-06T07:15:22.000Z","volume":4000,"label":" ","price":12.6},{"type":"A","date":"2018-04-06T07:16:02.000Z","volume":2000,"label":" ","price":12.6},{"type":"A","date":"2018-04-06T07:16:07.000Z","volume":2000,"label":" ","price":12.6},{"type":"A","date":"2018-04-06T07:17:03.000Z","volume":2000,"label":" ","price":12.6},{"type":"A","date":"2018-04-06T07:17:47.000Z","volume":2000,"label":" ","price":12.6},{"type":"A","date":"2018-04-06T07:18:02.000Z","volume":2000,"label":" ","price":12.6},{"type":"A","date":"2018-04-06T07:19:05.000Z","volume":4000,"label":" ","price":12.6},{"type":"A","date":"2018-04-06T07:19:25.000Z","volume":6000,"label":" ","price":12.6},{"type":"A","date":"2018-04-06T07:19:32.000Z","volume":2000,"label":" ","price":12.6},{"type":"A","date":"2018-04-06T07:19:32.000Z","volume":2000,"label":" ","price":12.6},{"type":"A","date":"2018-04-06T07:19:58.000Z","volume":2000,"label":" ","price":12.6},{"type":"A","date":"2018-04-06T07:20:18.000Z","volume":2000,"label":" ","price":12.6},{"type":"A","date":"2018-04-06T07:20:22.000Z","volume":2000,"label":" ","price":12.6},{"type":"A","date":"2018-04-06T07:20:29.000Z","volume":2000,"label":" ","price":12.6},{"type":"A","date":"2018-04-06T07:21:32.000Z","volume":2000,"label":" ","price":12.6},{"type":"A","date":"2018-04-06T07:22:47.000Z","volume":2000,"label":" ","price":12.6},{"type":"A","date":"2018-04-06T07:23:02.000Z","volume":2000,"label":" ","price":12.6},{"type":"A","date":"2018-04-06T07:23:03.000Z","volume":2000,"label":"Y","price":12.6},{"type":"A","date":"2018-04-06T07:24:17.000Z","volume":40000,"label":" ","price":12.6},{"type":"A","date":"2018-04-06T07:24:17.000Z","volume":4000,"label":" ","price":12.6},{"type":"A","date":"2018-04-06T07:24:17.000Z","volume":4000,"label":" ","price":12.6},{"type":"A","date":"2018-04-06T07:24:17.000Z","volume":6000,"label":" ","price":12.6},{"type":"A","date":"2018-04-06T07:24:20.000Z","volume":4000,"label":" ","price":12.6},{"type":"A","date":"2018-04-06T07:24:21.000Z","volume":2000,"label":" ","price":12.6},{"type":"B","date":"2018-04-06T07:24:22.000Z","volume":2000,"label":" ","price":12.6},{"type":"B","date":"2018-04-06T07:25:16.000Z","volume":2000,"label":" ","price":12.6},{"type":"B","date":"2018-04-06T07:25:22.000Z","volume":30000,"label":" ","price":12.6},{"type":"B","date":"2018-04-06T07:25:22.000Z","volume":30000,"label":" ","price":12.6},{"type":"B","date":"2018-04-06T07:25:22.000Z","volume":2000,"label":" ","price":12.6},{"type":"A","date":"2018-04-06T07:26:00.000Z","volume":2000,"label":" ","price":12.62},{"type":"B","date":"2018-04-06T07:26:15.000Z","volume":12000,"label":" ","price":12.6},{"type":"A","date":"2018-04-06T07:27:17.000Z","volume":6000,"label":" ","price":12.62},{"type":"B","date":"2018-04-06T07:27:56.000Z","volume":18000,"label":" ","price":12.6},{"type":"A","date":"2018-04-06T07:27:56.000Z","volume":2000,"label":" ","price":12.6},{"type":"A","date":"2018-04-06T07:27:56.000Z","volume":2000,"label":" ","price":12.6},{"type":"A","date":"2018-04-06T07:27:57.000Z","volume":2000,"label":" ","price":12.6},{"type":"B","date":"2018-04-06T07:28:50.000Z","volume":2000,"label":" ","price":12.58},{"type":"A","date":"2018-04-06T07:30:24.000Z","volume":6000,"label":" ","price":12.6},{"type":"A","date":"2018-04-06T07:31:46.000Z","volume":2000,"label":" ","price":12.6},{"type":"B","date":"2018-04-06T07:34:12.000Z","volume":8000,"label":" ","price":12.58},{"type":"A","date":"2018-04-06T07:34:13.000Z","volume":4000,"label":" ","price":12.6},{"type":"A","date":"2018-04-06T07:34:17.000Z","volume":2000,"label":" ","price":12.6},{"type":"A","date":"2018-04-06T07:34:33.000Z","volume":2000,"label":" ","price":12.6},{"type":"A","date":"2018-04-06T07:34:34.000Z","volume":6000,"label":" ","price":12.6},{"type":"A","date":"2018-04-06T07:34:38.000Z","volume":2000,"label":" ","price":12.6},{"type":"A","date":"2018-04-06T07:35:12.000Z","volume":4000,"label":" ","price":12.6},{"type":"A","date":"2018-04-06T07:35:19.000Z","volume":4000,"label":" ","price":12.6},{"type":"A","date":"2018-04-06T07:35:32.000Z","volume":2000,"label":" ","price":12.6},{"type":"A","date":"2018-04-06T07:35:40.000Z","volume":2000,"label":" ","price":12.6},{"type":"A","date":"2018-04-06T07:35:51.000Z","volume":2000,"label":" ","price":12.6},{"type":"A","date":"2018-04-06T07:36:33.000Z","volume":2000,"label":" ","price":12.6},{"type":"A","date":"2018-04-06T07:36:35.000Z","volume":2000,"label":" ","price":12.6},{"type":"A","date":"2018-04-06T07:36:35.000Z","volume":2000,"label":" ","price":12.6},{"type":"A","date":"2018-04-06T07:36:35.000Z","volume":2000,"label":" ","price":12.6},{"type":"A","date":"2018-04-06T07:36:35.000Z","volume":2000,"label":" ","price":12.6},{"type":"A","date":"2018-04-06T07:36:47.000Z","volume":2000,"label":" ","price":12.6},{"type":"A","date":"2018-04-06T07:37:30.000Z","volume":2000,"label":" ","price":12.6},{"type":"B","date":"2018-04-06T07:37:44.000Z","volume":20000,"label":" ","price":12.58},{"type":"A","date":"2018-04-06T07:37:44.000Z","volume":4000,"label":" ","price":12.6},{"type":"A","date":"2018-04-06T07:38:02.000Z","volume":2000,"label":"Y","price":12.6},{"type":"A","date":"2018-04-06T07:38:02.000Z","volume":2000,"label":" ","price":12.6},{"type":"A","date":"2018-04-06T07:38:18.000Z","volume":2000,"label":" ","price":12.6},{"type":"A","date":"2018-04-06T07:39:17.000Z","volume":2000,"label":" ","price":12.6},{"type":"A","date":"2018-04-06T07:40:18.000Z","volume":2000,"label":" ","price":12.6},{"type":"A","date":"2018-04-06T07:40:20.000Z","volume":2000,"label":" ","price":12.6},{"type":"A","date":"2018-04-06T07:40:20.000Z","volume":2000,"label":" ","price":12.6},{"type":"A","date":"2018-04-06T07:40:32.000Z","volume":2000,"label":" ","price":12.6},{"type":"A","date":"2018-04-06T07:41:06.000Z","volume":2000,"label":" ","price":12.6},{"type":"A","date":"2018-04-06T07:41:38.000Z","volume":2000,"label":" ","price":12.6},{"type":"A","date":"2018-04-06T07:41:38.000Z","volume":2000,"label":" ","price":12.6},{"type":"A","date":"2018-04-06T07:41:39.000Z","volume":2000,"label":" ","price":12.6},{"type":"A","date":"2018-04-06T07:41:42.000Z","volume":2000,"label":" ","price":12.6},{"type":"A","date":"2018-04-06T07:41:43.000Z","volume":2000,"label":" ","price":12.6},{"type":"A","date":"2018-04-06T07:41:43.000Z","volume":6000,"label":" ","price":12.6},{"type":"A","date":"2018-04-06T07:41:43.000Z","volume":4000,"label":" ","price":12.6},{"type":"A","date":"2018-04-06T07:41:43.000Z","volume":4000,"label":" ","price":12.6},{"type":"A","date":"2018-04-06T07:41:46.000Z","volume":2000,"label":" ","price":12.6},{"type":"A","date":"2018-04-06T07:41:46.000Z","volume":2000,"label":" ","price":12.6},{"type":"A","date":"2018-04-06T07:41:46.000Z","volume":2000,"label":" ","price":12.6},{"type":"A","date":"2018-04-06T07:41:47.000Z","volume":2000,"label":" ","price":12.6},{"type":"A","date":"2018-04-06T07:41:47.000Z","volume":2000,"label":" ","price":12.6},{"type":"A","date":"2018-04-06T07:41:47.000Z","volume":2000,"label":"Y","price":12.6},{"type":"A","date":"2018-04-06T07:42:18.000Z","volume":2000,"label":" ","price":12.62},{"type":"A","date":"2018-04-06T07:42:47.000Z","volume":2000,"label":" ","price":12.62},{"type":"A","date":"2018-04-06T07:43:53.000Z","volume":2000,"label":" ","price":12.62},{"type":"A","date":"2018-04-06T07:44:03.000Z","volume":2000,"label":" ","price":12.62},{"type":"A","date":"2018-04-06T07:44:07.000Z","volume":6000,"label":" ","price":12.62},{"type":"B","date":"2018-04-06T07:44:41.000Z","volume":2000,"label":" ","price":12.6},{"type":"A","date":"2018-04-06T07:45:02.000Z","volume":2000,"label":" ","price":12.62},{"type":"A","date":"2018-04-06T07:45:25.000Z","volume":2000,"label":" ","price":12.62},{"type":"A","date":"2018-04-06T07:46:16.000Z","volume":2000,"label":" ","price":12.62},{"type":"A","date":"2018-04-06T07:46:18.000Z","volume":2000,"label":" ","price":12.62},{"type":"A","date":"2018-04-06T07:46:18.000Z","volume":2000,"label":" ","price":12.62},{"type":"A","date":"2018-04-06T07:46:32.000Z","volume":2000,"label":" ","price":12.62},{"type":"B","date":"2018-04-06T07:46:40.000Z","volume":2000,"label":" ","price":12.6},{"type":"B","date":"2018-04-06T07:46:50.000Z","volume":30000,"label":" ","price":12.6},{"type":"A","date":"2018-04-06T07:46:50.000Z","volume":2000,"label":" ","price":12.62},{"type":"B","date":"2018-04-06T07:46:56.000Z","volume":10000,"label":" ","price":12.6},{"type":"A","date":"2018-04-06T07:47:05.000Z","volume":2000,"label":" ","price":12.6},{"type":"A","date":"2018-04-06T07:48:16.000Z","volume":2000,"label":" ","price":12.6},{"type":"A","date":"2018-04-06T07:49:00.000Z","volume":4000,"label":" ","price":12.6},{"type":"A","date":"2018-04-06T07:49:00.000Z","volume":2000,"label":" ","price":12.6},{"type":"A","date":"2018-04-06T07:50:20.000Z","volume":2000,"label":" ","price":12.6},{"type":"A","date":"2018-04-06T07:50:55.000Z","volume":2000,"label":" ","price":12.6},{"type":"A","date":"2018-04-06T07:51:48.000Z","volume":2000,"label":" ","price":12.6},{"type":"A","date":"2018-04-06T07:51:48.000Z","volume":4000,"label":" ","price":12.6},{"type":"A","date":"2018-04-06T07:51:49.000Z","volume":2000,"label":" ","price":12.6},{"type":"A","date":"2018-04-06T07:52:18.000Z","volume":4000,"label":" ","price":12.6},{"type":"A","date":"2018-04-06T07:52:32.000Z","volume":2000,"label":" ","price":12.6},{"type":"A","date":"2018-04-06T07:52:49.000Z","volume":2000,"label":" ","price":12.6},{"type":"A","date":"2018-04-06T07:53:18.000Z","volume":2000,"label":" ","price":12.6},{"type":"A","date":"2018-04-06T07:53:19.000Z","volume":2000,"label":" ","price":12.6},{"type":"A","date":"2018-04-06T07:53:47.000Z","volume":2000,"label":" ","price":12.6},{"type":"A","date":"2018-04-06T07:53:53.000Z","volume":20000,"label":" ","price":12.6},{"type":"A","date":"2018-04-06T07:53:57.000Z","volume":2000,"label":" ","price":12.6},{"type":"A","date":"2018-04-06T07:54:17.000Z","volume":4000,"label":" ","price":12.6},{"type":"U","date":"2018-04-06T07:54:24.000Z","volume":1636,"label":"D","price":12.54},{"type":"A","date":"2018-04-06T07:54:48.000Z","volume":2000,"label":" ","price":12.6},{"type":"A","date":"2018-04-06T07:54:48.000Z","volume":4000,"label":" ","price":12.6},{"type":"A","date":"2018-04-06T07:55:17.000Z","volume":2000,"label":" ","price":12.6},{"type":"A","date":"2018-04-06T07:55:19.000Z","volume":8000,"label":" ","price":12.6},{"type":"A","date":"2018-04-06T07:55:20.000Z","volume":2000,"label":" ","price":12.6},{"type":"B","date":"2018-04-06T07:55:36.000Z","volume":20000,"label":" ","price":12.58},{"type":"A","date":"2018-04-06T07:55:36.000Z","volume":2000,"label":" ","price":12.6},{"type":"B","date":"2018-04-06T07:55:53.000Z","volume":2000,"label":" ","price":12.58},{"type":"A","date":"2018-04-06T07:56:02.000Z","volume":2000,"label":" ","price":12.6},{"type":"A","date":"2018-04-06T07:56:02.000Z","volume":4000,"label":" ","price":12.6},{"type":"A","date":"2018-04-06T07:56:03.000Z","volume":2000,"label":" ","price":12.6},{"type":"A","date":"2018-04-06T07:56:03.000Z","volume":2000,"label":" ","price":12.6},{"type":"A","date":"2018-04-06T07:56:24.000Z","volume":2000,"label":" ","price":12.6},{"type":"A","date":"2018-04-06T07:56:24.000Z","volume":2000,"label":" ","price":12.6},{"type":"A","date":"2018-04-06T07:56:24.000Z","volume":4000,"label":" ","price":12.6},{"type":"A","date":"2018-04-06T07:56:24.000Z","volume":2000,"label":" ","price":12.6},{"type":"A","date":"2018-04-06T07:56:47.000Z","volume":2000,"label":" ","price":12.6},{"type":"A","date":"2018-04-06T07:56:48.000Z","volume":2000,"label":" ","price":12.6},{"type":"A","date":"2018-04-06T07:57:07.000Z","volume":2000,"label":" ","price":12.6},{"type":"A","date":"2018-04-06T07:57:13.000Z","volume":2000,"label":" ","price":12.6},{"type":"A","date":"2018-04-06T07:57:17.000Z","volume":2000,"label":" ","price":12.6},{"type":"A","date":"2018-04-06T07:57:20.000Z","volume":2000,"label":" ","price":12.62},{"type":"A","date":"2018-04-06T07:58:03.000Z","volume":2000,"label":" ","price":12.62},{"type":"A","date":"2018-04-06T07:58:24.000Z","volume":2000,"label":" ","price":12.62},{"type":"A","date":"2018-04-06T07:58:43.000Z","volume":2000,"label":" ","price":12.62},{"type":"A","date":"2018-04-06T07:58:48.000Z","volume":2000,"label":" ","price":12.62},{"type":"A","date":"2018-04-06T07:58:50.000Z","volume":2000,"label":" ","price":12.62},{"type":"A","date":"2018-04-06T07:58:52.000Z","volume":2000,"label":" ","price":12.62},{"type":"A","date":"2018-04-06T07:59:02.000Z","volume":2000,"label":" ","price":12.62},{"type":"A","date":"2018-04-06T07:59:02.000Z","volume":2000,"label":" ","price":12.62},{"type":"A","date":"2018-04-06T07:59:04.000Z","volume":4000,"label":" ","price":12.62},{"type":"B","date":"2018-04-06T07:59:12.000Z","volume":2000,"label":" ","price":12.6},{"type":"A","date":"2018-04-06T07:59:12.000Z","volume":2000,"label":" ","price":12.62},{"type":"A","date":"2018-04-06T07:59:21.000Z","volume":2000,"label":" ","price":12.62},{"type":"A","date":"2018-04-06T07:59:30.000Z","volume":8000,"label":" ","price":12.62},{"type":"A","date":"2018-04-06T07:59:32.000Z","volume":2000,"label":" ","price":12.62},{"type":"A","date":"2018-04-06T07:59:33.000Z","volume":2000,"label":" ","price":12.62},{"type":"A","date":"2018-04-06T07:59:41.000Z","volume":2000,"label":" ","price":12.62},{"type":"B","date":"2018-04-06T07:59:45.000Z","volume":20000,"label":" ","price":12.6},{"type":"B","date":"2018-04-06T07:59:58.000Z","volume":10000,"label":" ","price":12.6},{"type":"A","date":"2018-04-06T07:59:59.000Z","volume":2000,"label":" ","price":12.62},{"type":"U","date":"2018-04-06T08:08:20.000Z","volume":200000,"label":"U","price":12.62}]