[{"type":"B","date":"2018-03-28T01:40:47.000Z","volume":16000,"label":" ","price":1.5},{"type":"A","date":"2018-03-28T01:42:07.000Z","volume":10000,"label":" ","price":1.5},{"type":"B","date":"2018-03-28T01:42:22.000Z","volume":10000,"label":" ","price":1.52},{"type":"B","date":"2018-03-28T01:42:22.000Z","volume":8000,"label":" ","price":1.52},{"type":"A","date":"2018-03-28T02:49:35.000Z","volume":120000,"label":" ","price":1.49},{"type":"A","date":"2018-03-28T02:50:08.000Z","volume":180000,"label":" ","price":1.49},{"type":"A","date":"2018-03-28T02:51:30.000Z","volume":100000,"label":" ","price":1.49},{"type":"A","date":"2018-03-28T02:51:59.000Z","volume":200000,"label":" ","price":1.49},{"type":"A","date":"2018-03-28T02:53:21.000Z","volume":10000,"label":" ","price":1.5},{"type":"A","date":"2018-03-28T02:55:59.000Z","volume":6000,"label":" ","price":1.5},{"type":"A","date":"2018-03-28T03:23:09.000Z","volume":2000,"label":" ","price":1.5},{"type":"B","date":"2018-03-28T03:27:01.000Z","volume":2000,"label":" ","price":1.5},{"type":"B","date":"2018-03-28T03:39:32.000Z","volume":36000,"label":" ","price":1.5},{"type":"A","date":"2018-03-28T03:56:11.000Z","volume":4000,"label":" ","price":1.5},{"type":"B","date":"2018-03-28T05:21:34.000Z","volume":34000,"label":" ","price":1.5},{"type":"B","date":"2018-03-28T05:25:58.000Z","volume":2000,"label":" ","price":1.5},{"type":"A","date":"2018-03-28T05:33:47.000Z","volume":40000,"label":" ","price":1.51},{"type":"B","date":"2018-03-28T05:47:48.000Z","volume":14000,"label":" ","price":1.51},{"type":"B","date":"2018-03-28T05:53:29.000Z","volume":26000,"label":" ","price":1.51},{"type":"B","date":"2018-03-28T05:53:29.000Z","volume":40000,"label":" ","price":1.5},{"type":"B","date":"2018-03-28T05:53:29.000Z","volume":234000,"label":" ","price":1.49},{"type":"B","date":"2018-03-28T05:54:20.000Z","volume":292000,"label":" ","price":1.49},{"type":"B","date":"2018-03-28T06:16:38.000Z","volume":130000,"label":" ","price":1.49},{"type":"A","date":"2018-03-28T06:26:34.000Z","volume":10000,"label":" ","price":1.49},{"type":"A","date":"2018-03-28T06:29:52.000Z","volume":2000,"label":" ","price":1.49},{"type":"A","date":"2018-03-28T06:47:06.000Z","volume":12000,"label":" ","price":1.49},{"type":"B","date":"2018-03-28T06:55:34.000Z","volume":10000,"label":" ","price":1.49},{"type":"B","date":"2018-03-28T07:23:11.000Z","volume":70000,"label":" ","price":1.49},{"type":"B","date":"2018-03-28T07:29:25.000Z","volume":10000,"label":" ","price":1.49},{"type":"A","date":"2018-03-28T07:30:22.000Z","volume":20000,"label":" ","price":1.51},{"type":"A","date":"2018-03-28T07:34:13.000Z","volume":8000,"label":" ","price":1.51},{"type":"A","date":"2018-03-28T07:37:56.000Z","volume":114000,"label":" ","price":1.52}]