[{"type":"A","date":"2018-03-28T01:30:13.000Z","volume":8000,"label":" ","price":10},{"type":"A","date":"2018-03-28T01:31:03.000Z","volume":14000,"label":" ","price":10},{"type":"A","date":"2018-03-28T01:31:04.000Z","volume":4000,"label":" ","price":10.04},{"type":"A","date":"2018-03-28T01:31:05.000Z","volume":2000,"label":" ","price":10.04},{"type":"A","date":"2018-03-28T01:31:41.000Z","volume":8000,"label":" ","price":10.04},{"type":"A","date":"2018-03-28T01:31:41.000Z","volume":10000,"label":" ","price":10.06},{"type":"A","date":"2018-03-28T01:31:42.000Z","volume":2000,"label":" ","price":10.08},{"type":"A","date":"2018-03-28T01:31:42.000Z","volume":2000,"label":" ","price":10.08},{"type":"A","date":"2018-03-28T01:31:44.000Z","volume":2000,"label":" ","price":10.08},{"type":"A","date":"2018-03-28T01:31:44.000Z","volume":4000,"label":" ","price":10.08},{"type":"A","date":"2018-03-28T01:31:46.000Z","volume":2000,"label":" ","price":10.1},{"type":"A","date":"2018-03-28T01:32:02.000Z","volume":10000,"label":" ","price":10.12},{"type":"A","date":"2018-03-28T01:32:02.000Z","volume":4000,"label":" ","price":10.14},{"type":"A","date":"2018-03-28T01:32:02.000Z","volume":2000,"label":" ","price":10.14},{"type":"A","date":"2018-03-28T01:32:02.000Z","volume":2000,"label":" ","price":10.14},{"type":"A","date":"2018-03-28T01:32:02.000Z","volume":2000,"label":" ","price":10.14},{"type":"A","date":"2018-03-28T01:32:43.000Z","volume":2000,"label":" ","price":10.16},{"type":"A","date":"2018-03-28T01:32:43.000Z","volume":2000,"label":" ","price":10.16},{"type":"A","date":"2018-03-28T01:32:45.000Z","volume":2000,"label":" ","price":10.16},{"type":"A","date":"2018-03-28T01:32:45.000Z","volume":2000,"label":" ","price":10.16},{"type":"A","date":"2018-03-28T01:32:49.000Z","volume":2000,"label":"Y","price":10.16},{"type":"A","date":"2018-03-28T01:32:51.000Z","volume":4000,"label":" ","price":10.18},{"type":"A","date":"2018-03-28T01:32:53.000Z","volume":10000,"label":" ","price":10.18},{"type":"A","date":"2018-03-28T01:32:53.000Z","volume":4000,"label":" ","price":10.22},{"type":"A","date":"2018-03-28T01:33:03.000Z","volume":4000,"label":" ","price":10.22},{"type":"A","date":"2018-03-28T01:33:20.000Z","volume":4000,"label":" ","price":10.22},{"type":"A","date":"2018-03-28T01:33:20.000Z","volume":10000,"label":" ","price":10.22},{"type":"A","date":"2018-03-28T01:33:26.000Z","volume":4000,"label":" ","price":10.26},{"type":"A","date":"2018-03-28T01:33:26.000Z","volume":16000,"label":" ","price":10.26},{"type":"A","date":"2018-03-28T01:33:26.000Z","volume":4000,"label":" ","price":10.3},{"type":"A","date":"2018-03-28T01:33:32.000Z","volume":2000,"label":" ","price":10.3},{"type":"A","date":"2018-03-28T01:33:34.000Z","volume":2000,"label":" ","price":10.3},{"type":"A","date":"2018-03-28T01:33:34.000Z","volume":2000,"label":" ","price":10.3},{"type":"A","date":"2018-03-28T01:33:38.000Z","volume":10000,"label":" ","price":10.34},{"type":"B","date":"2018-03-28T01:34:32.000Z","volume":22000,"label":" ","price":10.42},{"type":"B","date":"2018-03-28T01:34:32.000Z","volume":6000,"label":" ","price":10.4},{"type":"B","date":"2018-03-28T01:34:32.000Z","volume":2000,"label":" ","price":10.38},{"type":"A","date":"2018-03-28T01:34:34.000Z","volume":10000,"label":" ","price":10.4},{"type":"A","date":"2018-03-28T01:34:57.000Z","volume":2000,"label":" ","price":10.5},{"type":"B","date":"2018-03-28T01:35:38.000Z","volume":14000,"label":" ","price":10.42},{"type":"B","date":"2018-03-28T01:35:38.000Z","volume":16000,"label":" ","price":10.4},{"type":"B","date":"2018-03-28T01:35:38.000Z","volume":40000,"label":" ","price":10.38},{"type":"U","date":"2018-03-28T01:35:38.000Z","volume":4000,"label":" ","price":10.48},{"type":"U","date":"2018-03-28T01:35:40.000Z","volume":2000,"label":" ","price":10.4},{"type":"A","date":"2018-03-28T01:35:52.000Z","volume":2000,"label":" ","price":10.44},{"type":"A","date":"2018-03-28T01:35:55.000Z","volume":2000,"label":"Y","price":10.46},{"type":"A","date":"2018-03-28T01:35:57.000Z","volume":6000,"label":" ","price":10.46},{"type":"A","date":"2018-03-28T01:36:03.000Z","volume":2000,"label":" ","price":10.5},{"type":"A","date":"2018-03-28T01:36:16.000Z","volume":6000,"label":" ","price":10.56},{"type":"A","date":"2018-03-28T01:36:16.000Z","volume":20000,"label":" ","price":10.62},{"type":"A","date":"2018-03-28T01:36:23.000Z","volume":4000,"label":" ","price":10.64},{"type":"A","date":"2018-03-28T01:36:32.000Z","volume":2000,"label":" ","price":10.74},{"type":"A","date":"2018-03-28T01:36:39.000Z","volume":2000,"label":" ","price":10.74},{"type":"A","date":"2018-03-28T01:36:39.000Z","volume":2000,"label":" ","price":10.74},{"type":"U","date":"2018-03-28T01:36:49.000Z","volume":32000,"label":" ","price":10.74},{"type":"B","date":"2018-03-28T01:37:05.000Z","volume":18000,"label":" ","price":10.7},{"type":"B","date":"2018-03-28T01:37:05.000Z","volume":22000,"label":" ","price":10.68},{"type":"U","date":"2018-03-28T01:37:27.000Z","volume":2000,"label":" ","price":10.7},{"type":"U","date":"2018-03-28T01:37:27.000Z","volume":6000,"label":" ","price":10.7},{"type":"B","date":"2018-03-28T01:37:33.000Z","volume":22000,"label":" ","price":10.68},{"type":"B","date":"2018-03-28T01:37:33.000Z","volume":2000,"label":" ","price":10.68},{"type":"A","date":"2018-03-28T01:37:33.000Z","volume":2000,"label":" ","price":10.68},{"type":"B","date":"2018-03-28T01:37:41.000Z","volume":22000,"label":" ","price":10.62},{"type":"B","date":"2018-03-28T01:37:41.000Z","volume":14000,"label":" ","price":10.6},{"type":"B","date":"2018-03-28T01:37:42.000Z","volume":2000,"label":" ","price":10.64},{"type":"A","date":"2018-03-28T01:37:42.000Z","volume":2000,"label":"Y","price":10.68},{"type":"B","date":"2018-03-28T01:38:04.000Z","volume":10000,"label":" ","price":10.62},{"type":"A","date":"2018-03-28T01:39:09.000Z","volume":12000,"label":" ","price":10.68},{"type":"A","date":"2018-03-28T01:39:48.000Z","volume":2000,"label":" ","price":10.7},{"type":"B","date":"2018-03-28T01:40:09.000Z","volume":6000,"label":"Y","price":10.66},{"type":"U","date":"2018-03-28T01:40:10.000Z","volume":2000,"label":" ","price":10.68},{"type":"A","date":"2018-03-28T01:40:12.000Z","volume":4000,"label":" ","price":10.68},{"type":"A","date":"2018-03-28T01:40:12.000Z","volume":6000,"label":"Y","price":10.7},{"type":"A","date":"2018-03-28T01:40:12.000Z","volume":2000,"label":" ","price":10.7},{"type":"A","date":"2018-03-28T01:40:13.000Z","volume":2000,"label":" ","price":10.72},{"type":"B","date":"2018-03-28T01:40:24.000Z","volume":4000,"label":" ","price":10.7},{"type":"U","date":"2018-03-28T01:40:25.000Z","volume":2000,"label":" ","price":10.72},{"type":"B","date":"2018-03-28T01:41:42.000Z","volume":4000,"label":" ","price":10.68},{"type":"B","date":"2018-03-28T01:42:50.000Z","volume":20000,"label":" ","price":10.66},{"type":"B","date":"2018-03-28T01:43:20.000Z","volume":4000,"label":" ","price":10.66},{"type":"A","date":"2018-03-28T01:44:18.000Z","volume":2000,"label":" ","price":10.66},{"type":"B","date":"2018-03-28T01:44:22.000Z","volume":2000,"label":" ","price":10.64},{"type":"B","date":"2018-03-28T01:45:05.000Z","volume":10000,"label":" ","price":10.64},{"type":"A","date":"2018-03-28T01:45:06.000Z","volume":6000,"label":" ","price":10.66},{"type":"A","date":"2018-03-28T01:47:03.000Z","volume":2000,"label":" ","price":10.66},{"type":"B","date":"2018-03-28T01:47:03.000Z","volume":30000,"label":" ","price":10.64},{"type":"B","date":"2018-03-28T01:47:03.000Z","volume":20000,"label":" ","price":10.62},{"type":"B","date":"2018-03-28T01:47:29.000Z","volume":4000,"label":" ","price":10.64},{"type":"B","date":"2018-03-28T01:47:29.000Z","volume":6000,"label":" ","price":10.62},{"type":"B","date":"2018-03-28T01:48:19.000Z","volume":16000,"label":" ","price":10.62},{"type":"B","date":"2018-03-28T01:48:19.000Z","volume":8000,"label":" ","price":10.58},{"type":"B","date":"2018-03-28T01:48:19.000Z","volume":6000,"label":" ","price":10.56},{"type":"B","date":"2018-03-28T01:48:19.000Z","volume":6000,"label":" ","price":10.54},{"type":"B","date":"2018-03-28T01:48:19.000Z","volume":2000,"label":" ","price":10.52},{"type":"B","date":"2018-03-28T01:48:19.000Z","volume":4000,"label":" ","price":10.5},{"type":"A","date":"2018-03-28T01:48:19.000Z","volume":4000,"label":" ","price":10.5},{"type":"A","date":"2018-03-28T01:49:15.000Z","volume":2000,"label":" ","price":10.5},{"type":"A","date":"2018-03-28T01:49:15.000Z","volume":28000,"label":" ","price":10.5},{"type":"A","date":"2018-03-28T01:49:15.000Z","volume":6000,"label":" ","price":10.52},{"type":"A","date":"2018-03-28T01:49:15.000Z","volume":2000,"label":" ","price":10.56},{"type":"A","date":"2018-03-28T01:49:16.000Z","volume":2000,"label":" ","price":10.62},{"type":"A","date":"2018-03-28T01:49:16.000Z","volume":10000,"label":" ","price":10.62},{"type":"A","date":"2018-03-28T01:50:36.000Z","volume":2000,"label":" ","price":10.64},{"type":"B","date":"2018-03-28T01:51:04.000Z","volume":40000,"label":" ","price":10.56},{"type":"B","date":"2018-03-28T01:51:04.000Z","volume":2000,"label":" ","price":10.56},{"type":"A","date":"2018-03-28T01:51:04.000Z","volume":2000,"label":" ","price":10.56},{"type":"A","date":"2018-03-28T01:51:04.000Z","volume":4000,"label":" ","price":10.56},{"type":"U","date":"2018-03-28T01:51:04.000Z","volume":2000,"label":" ","price":10.62},{"type":"U","date":"2018-03-28T01:51:33.000Z","volume":2000,"label":" ","price":10.62},{"type":"B","date":"2018-03-28T01:52:13.000Z","volume":10000,"label":" ","price":10.56},{"type":"B","date":"2018-03-28T01:52:14.000Z","volume":8000,"label":" ","price":10.56},{"type":"B","date":"2018-03-28T01:52:14.000Z","volume":10000,"label":" ","price":10.54},{"type":"B","date":"2018-03-28T01:52:14.000Z","volume":20000,"label":" ","price":10.52},{"type":"B","date":"2018-03-28T01:52:14.000Z","volume":12000,"label":" ","price":10.5},{"type":"A","date":"2018-03-28T01:52:21.000Z","volume":14000,"label":" ","price":10.64},{"type":"B","date":"2018-03-28T01:52:25.000Z","volume":20000,"label":" ","price":10.56},{"type":"A","date":"2018-03-28T01:52:26.000Z","volume":2000,"label":" ","price":10.62},{"type":"B","date":"2018-03-28T01:53:00.000Z","volume":26000,"label":" ","price":10.56},{"type":"B","date":"2018-03-28T01:53:27.000Z","volume":2000,"label":" ","price":10.54},{"type":"A","date":"2018-03-28T01:54:12.000Z","volume":8000,"label":" ","price":10.62},{"type":"A","date":"2018-03-28T01:54:12.000Z","volume":6000,"label":" ","price":10.62},{"type":"A","date":"2018-03-28T01:54:13.000Z","volume":2000,"label":" ","price":10.64},{"type":"B","date":"2018-03-28T01:54:18.000Z","volume":20000,"label":" ","price":10.56},{"type":"B","date":"2018-03-28T01:54:43.000Z","volume":10000,"label":" ","price":10.58},{"type":"B","date":"2018-03-28T01:54:49.000Z","volume":32000,"label":" ","price":10.58},{"type":"B","date":"2018-03-28T01:54:49.000Z","volume":16000,"label":" ","price":10.56},{"type":"B","date":"2018-03-28T01:54:49.000Z","volume":2000,"label":" ","price":10.56},{"type":"A","date":"2018-03-28T01:54:49.000Z","volume":2000,"label":" ","price":10.64},{"type":"B","date":"2018-03-28T01:55:28.000Z","volume":8000,"label":" ","price":10.6},{"type":"B","date":"2018-03-28T01:55:28.000Z","volume":6000,"label":" ","price":10.58},{"type":"B","date":"2018-03-28T01:55:28.000Z","volume":66000,"label":" ","price":10.56},{"type":"A","date":"2018-03-28T01:55:29.000Z","volume":2000,"label":" ","price":10.64},{"type":"A","date":"2018-03-28T01:59:18.000Z","volume":18000,"label":" ","price":10.64},{"type":"A","date":"2018-03-28T01:59:23.000Z","volume":32000,"label":" ","price":10.66},{"type":"A","date":"2018-03-28T01:59:24.000Z","volume":2000,"label":" ","price":10.68},{"type":"A","date":"2018-03-28T01:59:28.000Z","volume":4000,"label":" ","price":10.68},{"type":"A","date":"2018-03-28T01:59:29.000Z","volume":8000,"label":" ","price":10.68},{"type":"A","date":"2018-03-28T01:59:32.000Z","volume":4000,"label":" ","price":10.7},{"type":"A","date":"2018-03-28T01:59:33.000Z","volume":2000,"label":" ","price":10.7},{"type":"A","date":"2018-03-28T01:59:33.000Z","volume":4000,"label":" ","price":10.7},{"type":"A","date":"2018-03-28T01:59:33.000Z","volume":2000,"label":" ","price":10.74},{"type":"A","date":"2018-03-28T01:59:43.000Z","volume":6000,"label":"Y","price":10.74},{"type":"A","date":"2018-03-28T01:59:43.000Z","volume":20000,"label":" ","price":10.74},{"type":"A","date":"2018-03-28T01:59:53.000Z","volume":10000,"label":" ","price":10.78},{"type":"B","date":"2018-03-28T02:00:22.000Z","volume":16000,"label":" ","price":10.78},{"type":"B","date":"2018-03-28T02:00:22.000Z","volume":10000,"label":" ","price":10.76},{"type":"B","date":"2018-03-28T02:00:22.000Z","volume":8000,"label":" ","price":10.74},{"type":"B","date":"2018-03-28T02:00:22.000Z","volume":16000,"label":" ","price":10.68},{"type":"B","date":"2018-03-28T02:00:53.000Z","volume":10000,"label":" ","price":10.7},{"type":"B","date":"2018-03-28T02:02:50.000Z","volume":18000,"label":" ","price":10.7},{"type":"B","date":"2018-03-28T02:02:50.000Z","volume":10000,"label":" ","price":10.68},{"type":"A","date":"2018-03-28T02:03:24.000Z","volume":4000,"label":" ","price":10.78},{"type":"B","date":"2018-03-28T02:03:26.000Z","volume":2000,"label":" ","price":10.76},{"type":"B","date":"2018-03-28T02:03:26.000Z","volume":2000,"label":" ","price":10.74},{"type":"B","date":"2018-03-28T02:03:54.000Z","volume":6000,"label":" ","price":10.76},{"type":"B","date":"2018-03-28T02:03:54.000Z","volume":12000,"label":" ","price":10.74},{"type":"A","date":"2018-03-28T02:03:55.000Z","volume":2000,"label":" ","price":10.82},{"type":"B","date":"2018-03-28T02:04:00.000Z","volume":4000,"label":" ","price":10.78},{"type":"A","date":"2018-03-28T02:04:01.000Z","volume":8000,"label":" ","price":10.82},{"type":"A","date":"2018-03-28T02:04:36.000Z","volume":4000,"label":" ","price":10.84},{"type":"A","date":"2018-03-28T02:05:03.000Z","volume":2000,"label":" ","price":10.84},{"type":"B","date":"2018-03-28T02:05:33.000Z","volume":10000,"label":" ","price":10.8},{"type":"B","date":"2018-03-28T02:05:33.000Z","volume":40000,"label":" ","price":10.78},{"type":"B","date":"2018-03-28T02:05:58.000Z","volume":4000,"label":" ","price":10.8},{"type":"B","date":"2018-03-28T02:05:59.000Z","volume":2000,"label":" ","price":10.8},{"type":"B","date":"2018-03-28T02:05:59.000Z","volume":6000,"label":" ","price":10.78},{"type":"B","date":"2018-03-28T02:05:59.000Z","volume":14000,"label":" ","price":10.76},{"type":"B","date":"2018-03-28T02:05:59.000Z","volume":4000,"label":" ","price":10.74},{"type":"B","date":"2018-03-28T02:05:59.000Z","volume":16000,"label":" ","price":10.72},{"type":"B","date":"2018-03-28T02:05:59.000Z","volume":8000,"label":" ","price":10.7},{"type":"A","date":"2018-03-28T02:05:59.000Z","volume":2000,"label":" ","price":10.8},{"type":"A","date":"2018-03-28T02:08:47.000Z","volume":50000,"label":" ","price":10.8},{"type":"A","date":"2018-03-28T02:08:47.000Z","volume":4000,"label":" ","price":10.8},{"type":"A","date":"2018-03-28T02:08:48.000Z","volume":2000,"label":" ","price":10.82},{"type":"A","date":"2018-03-28T02:09:31.000Z","volume":2000,"label":" ","price":10.82},{"type":"B","date":"2018-03-28T02:09:55.000Z","volume":10000,"label":" ","price":10.78},{"type":"A","date":"2018-03-28T02:10:04.000Z","volume":16000,"label":" ","price":10.84},{"type":"A","date":"2018-03-28T02:10:04.000Z","volume":10000,"label":" ","price":10.84},{"type":"A","date":"2018-03-28T02:10:05.000Z","volume":2000,"label":" ","price":10.9},{"type":"A","date":"2018-03-28T02:10:56.000Z","volume":2000,"label":" ","price":10.9},{"type":"A","date":"2018-03-28T02:11:11.000Z","volume":10000,"label":" ","price":10.9},{"type":"A","date":"2018-03-28T02:11:15.000Z","volume":2000,"label":" ","price":10.9},{"type":"B","date":"2018-03-28T02:11:31.000Z","volume":24000,"label":" ","price":10.88},{"type":"B","date":"2018-03-28T02:11:31.000Z","volume":6000,"label":" ","price":10.88},{"type":"A","date":"2018-03-28T02:11:31.000Z","volume":4000,"label":" ","price":10.9},{"type":"A","date":"2018-03-28T02:11:46.000Z","volume":10000,"label":" ","price":10.9},{"type":"B","date":"2018-03-28T02:12:01.000Z","volume":2000,"label":" ","price":10.88},{"type":"B","date":"2018-03-28T02:12:01.000Z","volume":4000,"label":" ","price":10.88},{"type":"B","date":"2018-03-28T02:12:12.000Z","volume":2000,"label":" ","price":10.86},{"type":"B","date":"2018-03-28T02:12:12.000Z","volume":6000,"label":" ","price":10.82},{"type":"B","date":"2018-03-28T02:12:12.000Z","volume":12000,"label":" ","price":10.8},{"type":"U","date":"2018-03-28T02:12:13.000Z","volume":2000,"label":" ","price":10.86},{"type":"A","date":"2018-03-28T02:12:13.000Z","volume":2000,"label":" ","price":10.86},{"type":"B","date":"2018-03-28T02:13:17.000Z","volume":10000,"label":" ","price":10.8},{"type":"B","date":"2018-03-28T02:15:18.000Z","volume":26000,"label":" ","price":10.82},{"type":"B","date":"2018-03-28T02:15:18.000Z","volume":20000,"label":" ","price":10.8},{"type":"B","date":"2018-03-28T02:15:18.000Z","volume":4000,"label":" ","price":10.78},{"type":"B","date":"2018-03-28T02:15:28.000Z","volume":2000,"label":"Y","price":10.76},{"type":"A","date":"2018-03-28T02:15:32.000Z","volume":4000,"label":" ","price":10.84},{"type":"U","date":"2018-03-28T02:15:32.000Z","volume":2000,"label":" ","price":10.8},{"type":"A","date":"2018-03-28T02:16:34.000Z","volume":4000,"label":" ","price":10.8},{"type":"A","date":"2018-03-28T02:16:34.000Z","volume":8000,"label":" ","price":10.86},{"type":"B","date":"2018-03-28T02:16:35.000Z","volume":10000,"label":" ","price":10.78},{"type":"A","date":"2018-03-28T02:16:35.000Z","volume":2000,"label":" ","price":10.84},{"type":"A","date":"2018-03-28T02:16:36.000Z","volume":2000,"label":" ","price":10.84},{"type":"A","date":"2018-03-28T02:16:36.000Z","volume":2000,"label":" ","price":10.86},{"type":"B","date":"2018-03-28T02:17:18.000Z","volume":16000,"label":" ","price":10.8},{"type":"A","date":"2018-03-28T02:17:18.000Z","volume":4000,"label":" ","price":10.8},{"type":"B","date":"2018-03-28T02:17:32.000Z","volume":10000,"label":" ","price":10.76},{"type":"B","date":"2018-03-28T02:18:15.000Z","volume":22000,"label":" ","price":10.8},{"type":"B","date":"2018-03-28T02:18:15.000Z","volume":4000,"label":" ","price":10.8},{"type":"B","date":"2018-03-28T02:18:15.000Z","volume":4000,"label":" ","price":10.8},{"type":"A","date":"2018-03-28T02:18:15.000Z","volume":20000,"label":" ","price":10.8},{"type":"A","date":"2018-03-28T02:18:48.000Z","volume":2000,"label":"Y","price":10.88},{"type":"A","date":"2018-03-28T02:18:48.000Z","volume":8000,"label":" ","price":10.88},{"type":"A","date":"2018-03-28T02:18:49.000Z","volume":2000,"label":" ","price":10.88},{"type":"A","date":"2018-03-28T02:18:49.000Z","volume":2000,"label":" ","price":10.9},{"type":"B","date":"2018-03-28T02:19:52.000Z","volume":2000,"label":" ","price":10.84},{"type":"B","date":"2018-03-28T02:20:56.000Z","volume":10000,"label":" ","price":10.86},{"type":"A","date":"2018-03-28T02:23:08.000Z","volume":2000,"label":"Y","price":10.9},{"type":"A","date":"2018-03-28T02:23:08.000Z","volume":20000,"label":" ","price":10.9},{"type":"A","date":"2018-03-28T02:23:18.000Z","volume":2000,"label":" ","price":10.94},{"type":"B","date":"2018-03-28T02:23:21.000Z","volume":4000,"label":" ","price":10.9},{"type":"B","date":"2018-03-28T02:23:21.000Z","volume":16000,"label":" ","price":10.88},{"type":"B","date":"2018-03-28T02:23:21.000Z","volume":2000,"label":" ","price":10.88},{"type":"A","date":"2018-03-28T02:23:22.000Z","volume":2000,"label":" ","price":10.94},{"type":"B","date":"2018-03-28T02:24:37.000Z","volume":6000,"label":" ","price":10.86},{"type":"B","date":"2018-03-28T02:24:37.000Z","volume":40000,"label":" ","price":10.84},{"type":"B","date":"2018-03-28T02:24:37.000Z","volume":4000,"label":" ","price":10.82},{"type":"A","date":"2018-03-28T02:30:33.000Z","volume":2000,"label":"Y","price":10.92},{"type":"B","date":"2018-03-28T02:30:36.000Z","volume":10000,"label":" ","price":10.9},{"type":"A","date":"2018-03-28T02:30:36.000Z","volume":4000,"label":" ","price":10.92},{"type":"B","date":"2018-03-28T02:31:02.000Z","volume":10000,"label":" ","price":10.9},{"type":"A","date":"2018-03-28T02:31:02.000Z","volume":6000,"label":" ","price":10.92},{"type":"A","date":"2018-03-28T02:31:02.000Z","volume":2000,"label":" ","price":10.92},{"type":"A","date":"2018-03-28T02:31:03.000Z","volume":2000,"label":" ","price":10.92},{"type":"B","date":"2018-03-28T02:31:15.000Z","volume":20000,"label":" ","price":10.9},{"type":"A","date":"2018-03-28T02:31:16.000Z","volume":2000,"label":" ","price":10.94},{"type":"A","date":"2018-03-28T02:31:36.000Z","volume":4000,"label":" ","price":10.94},{"type":"B","date":"2018-03-28T02:32:02.000Z","volume":22000,"label":" ","price":10.94},{"type":"B","date":"2018-03-28T02:32:02.000Z","volume":28000,"label":" ","price":10.92},{"type":"B","date":"2018-03-28T02:34:09.000Z","volume":10000,"label":" ","price":10.92},{"type":"U","date":"2018-03-28T02:34:13.000Z","volume":10,"label":"D","price":10.96},{"type":"B","date":"2018-03-28T02:35:17.000Z","volume":10000,"label":" ","price":10.94},{"type":"A","date":"2018-03-28T02:35:17.000Z","volume":2000,"label":" ","price":10.96},{"type":"A","date":"2018-03-28T02:37:31.000Z","volume":10000,"label":" ","price":10.96},{"type":"A","date":"2018-03-28T02:37:31.000Z","volume":24000,"label":" ","price":10.96},{"type":"A","date":"2018-03-28T02:37:31.000Z","volume":12000,"label":" ","price":10.98},{"type":"A","date":"2018-03-28T02:37:31.000Z","volume":20000,"label":" ","price":10.98},{"type":"A","date":"2018-03-28T02:37:32.000Z","volume":4000,"label":" ","price":11},{"type":"A","date":"2018-03-28T02:37:32.000Z","volume":30000,"label":" ","price":11},{"type":"A","date":"2018-03-28T02:37:32.000Z","volume":4000,"label":" ","price":11.02},{"type":"A","date":"2018-03-28T02:37:33.000Z","volume":2000,"label":" ","price":11.02},{"type":"A","date":"2018-03-28T02:37:38.000Z","volume":2000,"label":" ","price":11.02},{"type":"A","date":"2018-03-28T02:37:41.000Z","volume":20000,"label":" ","price":11.04},{"type":"A","date":"2018-03-28T02:38:20.000Z","volume":4000,"label":" ","price":11.08},{"type":"A","date":"2018-03-28T02:38:28.000Z","volume":6000,"label":" ","price":11.08},{"type":"A","date":"2018-03-28T02:38:28.000Z","volume":4000,"label":" ","price":11.08},{"type":"A","date":"2018-03-28T02:38:28.000Z","volume":2000,"label":" ","price":11.08},{"type":"A","date":"2018-03-28T02:38:36.000Z","volume":12000,"label":" ","price":11.12},{"type":"A","date":"2018-03-28T02:38:42.000Z","volume":2000,"label":" ","price":11.14},{"type":"A","date":"2018-03-28T02:38:57.000Z","volume":2000,"label":" ","price":11.2},{"type":"A","date":"2018-03-28T02:39:06.000Z","volume":2000,"label":" ","price":11.2},{"type":"A","date":"2018-03-28T02:39:16.000Z","volume":10000,"label":" ","price":11.2},{"type":"A","date":"2018-03-28T02:39:22.000Z","volume":2000,"label":" ","price":11.24},{"type":"A","date":"2018-03-28T02:39:22.000Z","volume":2000,"label":" ","price":11.24},{"type":"A","date":"2018-03-28T02:39:24.000Z","volume":2000,"label":" ","price":11.24},{"type":"A","date":"2018-03-28T02:39:37.000Z","volume":4000,"label":" ","price":11.24},{"type":"A","date":"2018-03-28T02:39:39.000Z","volume":10000,"label":" ","price":11.26},{"type":"B","date":"2018-03-28T02:40:09.000Z","volume":6000,"label":" ","price":11.24},{"type":"U","date":"2018-03-28T02:40:11.000Z","volume":2000,"label":" ","price":11.24},{"type":"B","date":"2018-03-28T02:40:21.000Z","volume":18000,"label":" ","price":11.22},{"type":"A","date":"2018-03-28T02:40:21.000Z","volume":2000,"label":" ","price":11.24},{"type":"U","date":"2018-03-28T02:40:21.000Z","volume":4000,"label":" ","price":11.22},{"type":"A","date":"2018-03-28T02:40:33.000Z","volume":4000,"label":" ","price":11.24},{"type":"B","date":"2018-03-28T02:40:40.000Z","volume":10000,"label":" ","price":11.2},{"type":"B","date":"2018-03-28T02:40:40.000Z","volume":20000,"label":" ","price":11.2},{"type":"B","date":"2018-03-28T02:40:40.000Z","volume":4000,"label":" ","price":11.16},{"type":"A","date":"2018-03-28T02:40:40.000Z","volume":2000,"label":" ","price":11.2},{"type":"B","date":"2018-03-28T02:41:06.000Z","volume":16000,"label":" ","price":11.12},{"type":"B","date":"2018-03-28T02:41:06.000Z","volume":4000,"label":" ","price":11.1},{"type":"A","date":"2018-03-28T02:41:36.000Z","volume":10000,"label":" ","price":11.2},{"type":"B","date":"2018-03-28T02:42:10.000Z","volume":4000,"label":" ","price":11.16},{"type":"B","date":"2018-03-28T02:42:40.000Z","volume":6000,"label":" ","price":11.14},{"type":"A","date":"2018-03-28T02:42:41.000Z","volume":2000,"label":" ","price":11.16},{"type":"B","date":"2018-03-28T02:43:19.000Z","volume":14000,"label":" ","price":11.12},{"type":"B","date":"2018-03-28T02:43:19.000Z","volume":4000,"label":" ","price":11.1},{"type":"B","date":"2018-03-28T02:44:34.000Z","volume":4000,"label":" ","price":11.12},{"type":"B","date":"2018-03-28T02:44:34.000Z","volume":12000,"label":" ","price":11.1},{"type":"A","date":"2018-03-28T02:44:37.000Z","volume":4000,"label":" ","price":11.1},{"type":"B","date":"2018-03-28T02:45:06.000Z","volume":2000,"label":" ","price":11.1},{"type":"B","date":"2018-03-28T02:46:02.000Z","volume":6000,"label":" ","price":11.1},{"type":"A","date":"2018-03-28T02:47:05.000Z","volume":10000,"label":" ","price":11.14},{"type":"B","date":"2018-03-28T02:47:56.000Z","volume":4000,"label":" ","price":11.1},{"type":"B","date":"2018-03-28T02:48:18.000Z","volume":2000,"label":" ","price":11.1},{"type":"B","date":"2018-03-28T02:48:32.000Z","volume":4000,"label":" ","price":11.1},{"type":"A","date":"2018-03-28T02:49:03.000Z","volume":2000,"label":" ","price":11.12},{"type":"B","date":"2018-03-28T02:51:20.000Z","volume":10000,"label":" ","price":11.08},{"type":"B","date":"2018-03-28T02:52:45.000Z","volume":10000,"label":" ","price":11.08},{"type":"B","date":"2018-03-28T02:53:16.000Z","volume":32000,"label":" ","price":11.08},{"type":"B","date":"2018-03-28T02:53:46.000Z","volume":2000,"label":"Y","price":11.1},{"type":"A","date":"2018-03-28T02:54:23.000Z","volume":4000,"label":" ","price":11.14},{"type":"B","date":"2018-03-28T02:57:50.000Z","volume":20000,"label":" ","price":11.1},{"type":"A","date":"2018-03-28T02:58:33.000Z","volume":2000,"label":" ","price":11.14},{"type":"A","date":"2018-03-28T02:58:34.000Z","volume":2000,"label":" ","price":11.14},{"type":"A","date":"2018-03-28T02:58:51.000Z","volume":16000,"label":" ","price":11.14},{"type":"A","date":"2018-03-28T02:58:51.000Z","volume":32000,"label":" ","price":11.14},{"type":"A","date":"2018-03-28T02:58:52.000Z","volume":2000,"label":" ","price":11.14},{"type":"A","date":"2018-03-28T02:58:56.000Z","volume":10000,"label":" ","price":11.14},{"type":"B","date":"2018-03-28T02:59:21.000Z","volume":10000,"label":" ","price":11.14},{"type":"A","date":"2018-03-28T03:01:26.000Z","volume":2000,"label":" ","price":11.16},{"type":"A","date":"2018-03-28T03:01:39.000Z","volume":2000,"label":" ","price":11.16},{"type":"A","date":"2018-03-28T03:01:41.000Z","volume":14000,"label":" ","price":11.16},{"type":"A","date":"2018-03-28T03:02:17.000Z","volume":2000,"label":"Y","price":11.18},{"type":"A","date":"2018-03-28T03:02:17.000Z","volume":2000,"label":" ","price":11.18},{"type":"A","date":"2018-03-28T03:02:33.000Z","volume":2000,"label":" ","price":11.2},{"type":"A","date":"2018-03-28T03:02:37.000Z","volume":4000,"label":" ","price":11.2},{"type":"A","date":"2018-03-28T03:02:38.000Z","volume":2000,"label":" ","price":11.22},{"type":"A","date":"2018-03-28T03:03:10.000Z","volume":2000,"label":" ","price":11.22},{"type":"A","date":"2018-03-28T03:03:39.000Z","volume":4000,"label":" ","price":11.22},{"type":"B","date":"2018-03-28T03:03:40.000Z","volume":2000,"label":" ","price":11.18},{"type":"A","date":"2018-03-28T03:04:03.000Z","volume":2000,"label":" ","price":11.22},{"type":"B","date":"2018-03-28T03:04:20.000Z","volume":10000,"label":" ","price":11.2},{"type":"A","date":"2018-03-28T03:04:21.000Z","volume":26000,"label":" ","price":11.22},{"type":"A","date":"2018-03-28T03:04:21.000Z","volume":26000,"label":" ","price":11.22},{"type":"A","date":"2018-03-28T03:04:22.000Z","volume":2000,"label":" ","price":11.26},{"type":"A","date":"2018-03-28T03:04:39.000Z","volume":8000,"label":" ","price":11.26},{"type":"A","date":"2018-03-28T03:06:36.000Z","volume":2000,"label":" ","price":11.26},{"type":"A","date":"2018-03-28T03:07:52.000Z","volume":2000,"label":" ","price":11.28},{"type":"B","date":"2018-03-28T03:08:27.000Z","volume":6000,"label":" ","price":11.24},{"type":"B","date":"2018-03-28T03:08:27.000Z","volume":4000,"label":" ","price":11.22},{"type":"B","date":"2018-03-28T03:08:46.000Z","volume":2000,"label":" ","price":11.24},{"type":"A","date":"2018-03-28T03:08:47.000Z","volume":2000,"label":" ","price":11.28},{"type":"B","date":"2018-03-28T03:08:49.000Z","volume":20000,"label":" ","price":11.22},{"type":"A","date":"2018-03-28T03:09:18.000Z","volume":2000,"label":" ","price":11.28},{"type":"B","date":"2018-03-28T03:10:53.000Z","volume":8000,"label":" ","price":11.26},{"type":"A","date":"2018-03-28T03:10:53.000Z","volume":2000,"label":" ","price":11.28},{"type":"B","date":"2018-03-28T03:11:14.000Z","volume":6000,"label":" ","price":11.26},{"type":"B","date":"2018-03-28T03:11:23.000Z","volume":2000,"label":" ","price":11.26},{"type":"B","date":"2018-03-28T03:11:40.000Z","volume":2000,"label":" ","price":11.26},{"type":"B","date":"2018-03-28T03:11:43.000Z","volume":2000,"label":" ","price":11.26},{"type":"B","date":"2018-03-28T03:12:31.000Z","volume":10000,"label":" ","price":11.24},{"type":"A","date":"2018-03-28T03:12:32.000Z","volume":2000,"label":" ","price":11.28},{"type":"B","date":"2018-03-28T03:15:45.000Z","volume":2000,"label":" ","price":11.26},{"type":"A","date":"2018-03-28T03:15:48.000Z","volume":2000,"label":" ","price":11.28},{"type":"B","date":"2018-03-28T03:17:08.000Z","volume":2000,"label":" ","price":11.26},{"type":"B","date":"2018-03-28T03:18:54.000Z","volume":8000,"label":" ","price":11.26},{"type":"B","date":"2018-03-28T03:20:31.000Z","volume":4000,"label":" ","price":11.26},{"type":"B","date":"2018-03-28T03:20:59.000Z","volume":4000,"label":" ","price":11.26},{"type":"B","date":"2018-03-28T03:21:04.000Z","volume":10000,"label":" ","price":11.26},{"type":"A","date":"2018-03-28T03:28:18.000Z","volume":2000,"label":" ","price":11.26},{"type":"B","date":"2018-03-28T03:28:36.000Z","volume":10000,"label":" ","price":11.24},{"type":"B","date":"2018-03-28T03:28:36.000Z","volume":10000,"label":" ","price":11.24},{"type":"B","date":"2018-03-28T03:28:37.000Z","volume":2000,"label":" ","price":11.24},{"type":"A","date":"2018-03-28T03:29:10.000Z","volume":4000,"label":" ","price":11.26},{"type":"A","date":"2018-03-28T03:30:10.000Z","volume":2000,"label":" ","price":11.26},{"type":"A","date":"2018-03-28T03:30:14.000Z","volume":6000,"label":" ","price":11.26},{"type":"A","date":"2018-03-28T03:30:59.000Z","volume":10000,"label":" ","price":11.28},{"type":"A","date":"2018-03-28T03:31:05.000Z","volume":4000,"label":" ","price":11.3},{"type":"A","date":"2018-03-28T03:31:05.000Z","volume":4000,"label":" ","price":11.3},{"type":"A","date":"2018-03-28T03:31:05.000Z","volume":2000,"label":"Y","price":11.3},{"type":"A","date":"2018-03-28T03:31:05.000Z","volume":4000,"label":" ","price":11.3},{"type":"A","date":"2018-03-28T03:31:06.000Z","volume":2000,"label":" ","price":11.36},{"type":"A","date":"2018-03-28T03:32:46.000Z","volume":10000,"label":" ","price":11.36},{"type":"A","date":"2018-03-28T03:35:42.000Z","volume":2000,"label":" ","price":11.36},{"type":"A","date":"2018-03-28T03:35:53.000Z","volume":10000,"label":" ","price":11.36},{"type":"A","date":"2018-03-28T03:35:53.000Z","volume":20000,"label":" ","price":11.38},{"type":"A","date":"2018-03-28T03:36:21.000Z","volume":10000,"label":" ","price":11.4},{"type":"A","date":"2018-03-28T03:36:21.000Z","volume":2000,"label":" ","price":11.4},{"type":"A","date":"2018-03-28T03:36:53.000Z","volume":8000,"label":" ","price":11.42},{"type":"A","date":"2018-03-28T03:36:53.000Z","volume":6000,"label":" ","price":11.42},{"type":"A","date":"2018-03-28T03:36:53.000Z","volume":6000,"label":" ","price":11.42},{"type":"A","date":"2018-03-28T03:37:10.000Z","volume":4000,"label":" ","price":11.44},{"type":"A","date":"2018-03-28T03:37:12.000Z","volume":4000,"label":" ","price":11.44},{"type":"A","date":"2018-03-28T03:37:19.000Z","volume":2000,"label":" ","price":11.44},{"type":"B","date":"2018-03-28T03:37:57.000Z","volume":10000,"label":" ","price":11.42},{"type":"B","date":"2018-03-28T03:37:58.000Z","volume":30000,"label":" ","price":11.42},{"type":"A","date":"2018-03-28T03:38:27.000Z","volume":4000,"label":" ","price":11.46},{"type":"A","date":"2018-03-28T03:38:27.000Z","volume":2000,"label":" ","price":11.46},{"type":"A","date":"2018-03-28T03:38:31.000Z","volume":6000,"label":" ","price":11.46},{"type":"A","date":"2018-03-28T03:38:31.000Z","volume":4000,"label":" ","price":11.46},{"type":"A","date":"2018-03-28T03:38:31.000Z","volume":2000,"label":" ","price":11.46},{"type":"A","date":"2018-03-28T03:39:39.000Z","volume":2000,"label":"Y","price":11.48},{"type":"A","date":"2018-03-28T03:39:39.000Z","volume":10000,"label":" ","price":11.48},{"type":"A","date":"2018-03-28T03:39:43.000Z","volume":2000,"label":" ","price":11.5},{"type":"A","date":"2018-03-28T03:39:43.000Z","volume":4000,"label":" ","price":11.5},{"type":"A","date":"2018-03-28T03:39:43.000Z","volume":6000,"label":" ","price":11.5},{"type":"B","date":"2018-03-28T03:40:29.000Z","volume":10000,"label":" ","price":11.54},{"type":"A","date":"2018-03-28T03:40:29.000Z","volume":10000,"label":" ","price":11.56},{"type":"A","date":"2018-03-28T03:40:29.000Z","volume":2000,"label":" ","price":11.56},{"type":"A","date":"2018-03-28T03:40:38.000Z","volume":4000,"label":" ","price":11.6},{"type":"A","date":"2018-03-28T03:40:38.000Z","volume":4000,"label":" ","price":11.64},{"type":"A","date":"2018-03-28T03:40:55.000Z","volume":2000,"label":" ","price":11.64},{"type":"B","date":"2018-03-28T03:41:04.000Z","volume":4000,"label":" ","price":11.56},{"type":"B","date":"2018-03-28T03:41:08.000Z","volume":4000,"label":" ","price":11.54},{"type":"B","date":"2018-03-28T03:41:08.000Z","volume":16000,"label":"Y","price":11.52},{"type":"B","date":"2018-03-28T03:41:08.000Z","volume":8000,"label":" ","price":11.52},{"type":"A","date":"2018-03-28T03:41:08.000Z","volume":2000,"label":" ","price":11.54},{"type":"B","date":"2018-03-28T03:41:09.000Z","volume":2000,"label":" ","price":11.52},{"type":"B","date":"2018-03-28T03:41:09.000Z","volume":10000,"label":" ","price":11.5},{"type":"B","date":"2018-03-28T03:41:11.000Z","volume":6000,"label":" ","price":11.5},{"type":"A","date":"2018-03-28T03:41:11.000Z","volume":4000,"label":" ","price":11.5},{"type":"A","date":"2018-03-28T03:41:41.000Z","volume":4000,"label":" ","price":11.54},{"type":"A","date":"2018-03-28T03:41:41.000Z","volume":4000,"label":" ","price":11.54},{"type":"B","date":"2018-03-28T03:42:52.000Z","volume":4000,"label":" ","price":11.5},{"type":"A","date":"2018-03-28T03:44:15.000Z","volume":4000,"label":" ","price":11.5},{"type":"A","date":"2018-03-28T03:44:39.000Z","volume":2000,"label":" ","price":11.48},{"type":"B","date":"2018-03-28T03:44:43.000Z","volume":6000,"label":" ","price":11.46},{"type":"A","date":"2018-03-28T03:44:43.000Z","volume":2000,"label":" ","price":11.48},{"type":"B","date":"2018-03-28T03:44:52.000Z","volume":12000,"label":" ","price":11.46},{"type":"B","date":"2018-03-28T03:44:58.000Z","volume":2000,"label":" ","price":11.46},{"type":"B","date":"2018-03-28T03:44:58.000Z","volume":2000,"label":" ","price":11.44},{"type":"B","date":"2018-03-28T03:45:08.000Z","volume":10000,"label":" ","price":11.44},{"type":"B","date":"2018-03-28T03:47:17.000Z","volume":2000,"label":" ","price":11.46},{"type":"B","date":"2018-03-28T03:47:17.000Z","volume":8000,"label":" ","price":11.44},{"type":"B","date":"2018-03-28T03:47:17.000Z","volume":4000,"label":" ","price":11.44},{"type":"A","date":"2018-03-28T03:47:18.000Z","volume":2000,"label":" ","price":11.44},{"type":"B","date":"2018-03-28T03:55:49.000Z","volume":10000,"label":" ","price":11.44},{"type":"U","date":"2018-03-28T03:55:50.000Z","volume":2000,"label":" ","price":11.46},{"type":"B","date":"2018-03-28T03:56:32.000Z","volume":14000,"label":" ","price":11.46},{"type":"B","date":"2018-03-28T03:56:32.000Z","volume":6000,"label":" ","price":11.44},{"type":"B","date":"2018-03-28T03:57:33.000Z","volume":6000,"label":" ","price":11.44},{"type":"B","date":"2018-03-28T03:57:42.000Z","volume":14000,"label":" ","price":11.44},{"type":"B","date":"2018-03-28T03:58:27.000Z","volume":8000,"label":" ","price":11.4},{"type":"A","date":"2018-03-28T03:58:27.000Z","volume":2000,"label":" ","price":11.42},{"type":"A","date":"2018-03-28T03:59:22.000Z","volume":2000,"label":" ","price":11.44},{"type":"B","date":"2018-03-28T05:00:00.000Z","volume":10000,"label":" ","price":11.42},{"type":"A","date":"2018-03-28T05:00:02.000Z","volume":16000,"label":" ","price":11.46},{"type":"A","date":"2018-03-28T05:00:02.000Z","volume":2000,"label":" ","price":11.46},{"type":"A","date":"2018-03-28T05:00:02.000Z","volume":76000,"label":" ","price":11.46},{"type":"A","date":"2018-03-28T05:00:03.000Z","volume":2000,"label":" ","price":11.48},{"type":"B","date":"2018-03-28T05:00:04.000Z","volume":2000,"label":" ","price":11.42},{"type":"A","date":"2018-03-28T05:00:07.000Z","volume":6000,"label":" ","price":11.44},{"type":"A","date":"2018-03-28T05:00:07.000Z","volume":4000,"label":" ","price":11.44},{"type":"A","date":"2018-03-28T05:00:07.000Z","volume":4000,"label":" ","price":11.44},{"type":"A","date":"2018-03-28T05:00:07.000Z","volume":10000,"label":" ","price":11.44},{"type":"A","date":"2018-03-28T05:00:08.000Z","volume":2000,"label":" ","price":11.46},{"type":"A","date":"2018-03-28T05:00:11.000Z","volume":4000,"label":" ","price":11.46},{"type":"A","date":"2018-03-28T05:00:11.000Z","volume":16000,"label":" ","price":11.46},{"type":"B","date":"2018-03-28T05:00:23.000Z","volume":6000,"label":" ","price":11.42},{"type":"B","date":"2018-03-28T05:02:13.000Z","volume":4000,"label":" ","price":11.42},{"type":"A","date":"2018-03-28T05:02:14.000Z","volume":2000,"label":" ","price":11.48},{"type":"B","date":"2018-03-28T05:03:02.000Z","volume":2000,"label":" ","price":11.46},{"type":"A","date":"2018-03-28T05:06:03.000Z","volume":2000,"label":"Y","price":11.46},{"type":"A","date":"2018-03-28T05:06:03.000Z","volume":8000,"label":" ","price":11.46},{"type":"B","date":"2018-03-28T05:06:42.000Z","volume":10000,"label":" ","price":11.42},{"type":"B","date":"2018-03-28T05:07:07.000Z","volume":4000,"label":" ","price":11.42},{"type":"U","date":"2018-03-28T05:08:08.000Z","volume":2000,"label":" ","price":11.44},{"type":"U","date":"2018-03-28T05:08:34.000Z","volume":4000,"label":" ","price":11.46},{"type":"A","date":"2018-03-28T05:08:52.000Z","volume":2000,"label":" ","price":11.46},{"type":"A","date":"2018-03-28T05:08:58.000Z","volume":20000,"label":" ","price":11.46},{"type":"A","date":"2018-03-28T05:09:02.000Z","volume":2000,"label":" ","price":11.48},{"type":"A","date":"2018-03-28T05:09:02.000Z","volume":2000,"label":"Y","price":11.48},{"type":"A","date":"2018-03-28T05:09:02.000Z","volume":2000,"label":" ","price":11.48},{"type":"A","date":"2018-03-28T05:10:17.000Z","volume":2000,"label":" ","price":11.48},{"type":"A","date":"2018-03-28T05:10:26.000Z","volume":2000,"label":" ","price":11.48},{"type":"A","date":"2018-03-28T05:10:30.000Z","volume":2000,"label":" ","price":11.48},{"type":"A","date":"2018-03-28T05:10:52.000Z","volume":4000,"label":" ","price":11.48},{"type":"A","date":"2018-03-28T05:10:54.000Z","volume":4000,"label":" ","price":11.48},{"type":"A","date":"2018-03-28T05:11:07.000Z","volume":6000,"label":" ","price":11.48},{"type":"B","date":"2018-03-28T05:11:14.000Z","volume":4000,"label":" ","price":11.46},{"type":"B","date":"2018-03-28T05:11:26.000Z","volume":10000,"label":" ","price":11.46},{"type":"B","date":"2018-03-28T05:11:44.000Z","volume":100000,"label":" ","price":11.46},{"type":"B","date":"2018-03-28T05:11:44.000Z","volume":8000,"label":"Y","price":11.46},{"type":"B","date":"2018-03-28T05:11:44.000Z","volume":8000,"label":" ","price":11.46},{"type":"A","date":"2018-03-28T05:11:44.000Z","volume":4000,"label":" ","price":11.48},{"type":"B","date":"2018-03-28T05:12:07.000Z","volume":4000,"label":" ","price":11.44},{"type":"A","date":"2018-03-28T05:12:15.000Z","volume":10000,"label":" ","price":11.46},{"type":"A","date":"2018-03-28T05:15:34.000Z","volume":2000,"label":" ","price":11.46},{"type":"A","date":"2018-03-28T05:16:17.000Z","volume":2000,"label":" ","price":11.46},{"type":"A","date":"2018-03-28T05:16:18.000Z","volume":2000,"label":" ","price":11.46},{"type":"A","date":"2018-03-28T05:20:25.000Z","volume":74000,"label":" ","price":11.46},{"type":"A","date":"2018-03-28T05:20:26.000Z","volume":6000,"label":" ","price":11.48},{"type":"A","date":"2018-03-28T05:21:02.000Z","volume":70000,"label":" ","price":11.48},{"type":"A","date":"2018-03-28T05:21:03.000Z","volume":6000,"label":" ","price":11.5},{"type":"A","date":"2018-03-28T05:21:07.000Z","volume":40000,"label":" ","price":11.5},{"type":"A","date":"2018-03-28T05:21:07.000Z","volume":2000,"label":" ","price":11.5},{"type":"U","date":"2018-03-28T05:21:17.000Z","volume":2000,"label":" ","price":11.48},{"type":"A","date":"2018-03-28T05:21:17.000Z","volume":32000,"label":" ","price":11.5},{"type":"A","date":"2018-03-28T05:21:18.000Z","volume":10000,"label":" ","price":11.5},{"type":"A","date":"2018-03-28T05:21:18.000Z","volume":22000,"label":" ","price":11.5},{"type":"A","date":"2018-03-28T05:21:27.000Z","volume":10000,"label":" ","price":11.52},{"type":"A","date":"2018-03-28T05:21:27.000Z","volume":2000,"label":" ","price":11.52},{"type":"B","date":"2018-03-28T05:21:32.000Z","volume":4000,"label":" ","price":11.52},{"type":"A","date":"2018-03-28T05:21:32.000Z","volume":12000,"label":" ","price":11.54},{"type":"A","date":"2018-03-28T05:21:44.000Z","volume":2000,"label":" ","price":11.56},{"type":"B","date":"2018-03-28T05:22:04.000Z","volume":40000,"label":" ","price":11.5},{"type":"B","date":"2018-03-28T05:22:04.000Z","volume":2000,"label":" ","price":11.5},{"type":"B","date":"2018-03-28T05:22:24.000Z","volume":14000,"label":" ","price":11.5},{"type":"B","date":"2018-03-28T05:22:24.000Z","volume":36000,"label":" ","price":11.48},{"type":"B","date":"2018-03-28T05:23:57.000Z","volume":40000,"label":" ","price":11.46},{"type":"B","date":"2018-03-28T05:23:57.000Z","volume":10000,"label":" ","price":11.46},{"type":"A","date":"2018-03-28T05:23:57.000Z","volume":2000,"label":" ","price":11.46},{"type":"B","date":"2018-03-28T05:23:59.000Z","volume":32000,"label":" ","price":11.44},{"type":"B","date":"2018-03-28T05:24:00.000Z","volume":10000,"label":" ","price":11.44},{"type":"B","date":"2018-03-28T05:24:00.000Z","volume":26000,"label":" ","price":11.44},{"type":"U","date":"2018-03-28T05:24:00.000Z","volume":2000,"label":" ","price":11.44},{"type":"B","date":"2018-03-28T05:24:07.000Z","volume":4000,"label":" ","price":11.42},{"type":"B","date":"2018-03-28T05:24:07.000Z","volume":2000,"label":" ","price":11.42},{"type":"B","date":"2018-03-28T05:26:50.000Z","volume":6000,"label":" ","price":11.32},{"type":"B","date":"2018-03-28T05:27:04.000Z","volume":2000,"label":" ","price":11.32},{"type":"B","date":"2018-03-28T05:28:33.000Z","volume":2000,"label":" ","price":11.32},{"type":"B","date":"2018-03-28T05:28:33.000Z","volume":8000,"label":" ","price":11.3},{"type":"B","date":"2018-03-28T05:29:49.000Z","volume":2000,"label":" ","price":11.32},{"type":"B","date":"2018-03-28T05:29:49.000Z","volume":4000,"label":" ","price":11.3},{"type":"B","date":"2018-03-28T05:30:29.000Z","volume":10000,"label":" ","price":11.28},{"type":"B","date":"2018-03-28T05:31:32.000Z","volume":2000,"label":" ","price":11.28},{"type":"B","date":"2018-03-28T05:32:09.000Z","volume":4000,"label":" ","price":11.28},{"type":"A","date":"2018-03-28T05:32:12.000Z","volume":2000,"label":" ","price":11.3},{"type":"A","date":"2018-03-28T05:32:31.000Z","volume":2000,"label":" ","price":11.3},{"type":"B","date":"2018-03-28T05:32:37.000Z","volume":20000,"label":" ","price":11.28},{"type":"B","date":"2018-03-28T05:32:37.000Z","volume":8000,"label":" ","price":11.28},{"type":"B","date":"2018-03-28T05:32:44.000Z","volume":12000,"label":" ","price":11.28},{"type":"U","date":"2018-03-28T05:33:10.000Z","volume":2000,"label":" ","price":11.28},{"type":"B","date":"2018-03-28T05:33:22.000Z","volume":20000,"label":" ","price":11.26},{"type":"B","date":"2018-03-28T05:33:22.000Z","volume":8000,"label":" ","price":11.26},{"type":"A","date":"2018-03-28T05:33:28.000Z","volume":2000,"label":" ","price":11.28},{"type":"A","date":"2018-03-28T05:35:42.000Z","volume":2000,"label":" ","price":11.28},{"type":"A","date":"2018-03-28T05:36:57.000Z","volume":2000,"label":" ","price":11.28},{"type":"B","date":"2018-03-28T05:37:04.000Z","volume":10000,"label":" ","price":11.26},{"type":"B","date":"2018-03-28T05:37:04.000Z","volume":20000,"label":" ","price":11.24},{"type":"B","date":"2018-03-28T05:37:04.000Z","volume":2000,"label":" ","price":11.26},{"type":"B","date":"2018-03-28T05:38:00.000Z","volume":6000,"label":" ","price":11.26},{"type":"A","date":"2018-03-28T05:38:00.000Z","volume":4000,"label":" ","price":11.26},{"type":"A","date":"2018-03-28T05:38:00.000Z","volume":2000,"label":" ","price":11.26},{"type":"B","date":"2018-03-28T05:38:23.000Z","volume":10000,"label":" ","price":11.24},{"type":"A","date":"2018-03-28T05:41:04.000Z","volume":14000,"label":" ","price":11.28},{"type":"A","date":"2018-03-28T05:41:04.000Z","volume":2000,"label":"Y","price":11.28},{"type":"A","date":"2018-03-28T05:41:04.000Z","volume":16000,"label":" ","price":11.28},{"type":"A","date":"2018-03-28T05:41:17.000Z","volume":2000,"label":" ","price":11.3},{"type":"B","date":"2018-03-28T05:41:19.000Z","volume":10000,"label":" ","price":11.28},{"type":"B","date":"2018-03-28T05:41:22.000Z","volume":6000,"label":" ","price":11.28},{"type":"B","date":"2018-03-28T05:41:50.000Z","volume":20000,"label":" ","price":11.26},{"type":"B","date":"2018-03-28T05:42:34.000Z","volume":2000,"label":" ","price":11.26},{"type":"A","date":"2018-03-28T05:43:00.000Z","volume":16000,"label":" ","price":11.28},{"type":"A","date":"2018-03-28T05:43:55.000Z","volume":22000,"label":" ","price":11.3},{"type":"A","date":"2018-03-28T05:43:59.000Z","volume":6000,"label":" ","price":11.32},{"type":"A","date":"2018-03-28T05:44:05.000Z","volume":10000,"label":" ","price":11.32},{"type":"A","date":"2018-03-28T05:44:05.000Z","volume":6000,"label":" ","price":11.32},{"type":"B","date":"2018-03-28T05:45:38.000Z","volume":2000,"label":" ","price":11.38},{"type":"B","date":"2018-03-28T05:45:38.000Z","volume":2000,"label":" ","price":11.36},{"type":"A","date":"2018-03-28T05:46:02.000Z","volume":2000,"label":" ","price":11.42},{"type":"B","date":"2018-03-28T05:46:02.000Z","volume":2000,"label":" ","price":11.4},{"type":"B","date":"2018-03-28T05:46:06.000Z","volume":4000,"label":" ","price":11.38},{"type":"B","date":"2018-03-28T05:46:12.000Z","volume":12000,"label":" ","price":11.36},{"type":"A","date":"2018-03-28T05:46:13.000Z","volume":2000,"label":" ","price":11.38},{"type":"B","date":"2018-03-28T05:46:17.000Z","volume":30000,"label":" ","price":11.36},{"type":"B","date":"2018-03-28T05:46:17.000Z","volume":6000,"label":" ","price":11.36},{"type":"A","date":"2018-03-28T05:46:17.000Z","volume":6000,"label":" ","price":11.36},{"type":"B","date":"2018-03-28T05:46:22.000Z","volume":12000,"label":" ","price":11.36},{"type":"B","date":"2018-03-28T05:46:50.000Z","volume":10000,"label":" ","price":11.36},{"type":"B","date":"2018-03-28T05:47:17.000Z","volume":8000,"label":" ","price":11.36},{"type":"B","date":"2018-03-28T05:49:27.000Z","volume":14000,"label":" ","price":11.36},{"type":"B","date":"2018-03-28T05:49:27.000Z","volume":26000,"label":" ","price":11.34},{"type":"A","date":"2018-03-28T05:52:29.000Z","volume":2000,"label":" ","price":11.38},{"type":"A","date":"2018-03-28T05:53:29.000Z","volume":2000,"label":" ","price":11.38},{"type":"A","date":"2018-03-28T05:53:36.000Z","volume":6000,"label":" ","price":11.38},{"type":"B","date":"2018-03-28T05:53:53.000Z","volume":4000,"label":" ","price":11.36},{"type":"A","date":"2018-03-28T05:53:53.000Z","volume":4000,"label":" ","price":11.36},{"type":"A","date":"2018-03-28T05:54:14.000Z","volume":2000,"label":" ","price":11.38},{"type":"B","date":"2018-03-28T05:55:02.000Z","volume":6000,"label":" ","price":11.34},{"type":"B","date":"2018-03-28T05:55:38.000Z","volume":10000,"label":" ","price":11.34},{"type":"B","date":"2018-03-28T05:55:52.000Z","volume":4000,"label":" ","price":11.34},{"type":"A","date":"2018-03-28T05:56:14.000Z","volume":2000,"label":"Y","price":11.36},{"type":"B","date":"2018-03-28T05:56:43.000Z","volume":20000,"label":" ","price":11.34},{"type":"A","date":"2018-03-28T05:56:59.000Z","volume":2000,"label":" ","price":11.34},{"type":"B","date":"2018-03-28T05:58:12.000Z","volume":2000,"label":" ","price":11.32},{"type":"B","date":"2018-03-28T05:59:00.000Z","volume":20000,"label":" ","price":11.32},{"type":"A","date":"2018-03-28T06:00:16.000Z","volume":2000,"label":" ","price":11.34},{"type":"A","date":"2018-03-28T06:00:16.000Z","volume":8000,"label":" ","price":11.34},{"type":"A","date":"2018-03-28T06:00:48.000Z","volume":10000,"label":" ","price":11.34},{"type":"A","date":"2018-03-28T06:00:49.000Z","volume":2000,"label":" ","price":11.34},{"type":"A","date":"2018-03-28T06:00:51.000Z","volume":4000,"label":" ","price":11.34},{"type":"A","date":"2018-03-28T06:00:51.000Z","volume":2000,"label":" ","price":11.36},{"type":"A","date":"2018-03-28T06:01:25.000Z","volume":2000,"label":" ","price":11.36},{"type":"A","date":"2018-03-28T06:01:35.000Z","volume":2000,"label":" ","price":11.36},{"type":"A","date":"2018-03-28T06:02:02.000Z","volume":2000,"label":" ","price":11.36},{"type":"A","date":"2018-03-28T06:02:24.000Z","volume":2000,"label":" ","price":11.36},{"type":"A","date":"2018-03-28T06:03:24.000Z","volume":2000,"label":" ","price":11.36},{"type":"B","date":"2018-03-28T06:03:37.000Z","volume":10000,"label":" ","price":11.34},{"type":"B","date":"2018-03-28T06:05:04.000Z","volume":20000,"label":" ","price":11.34},{"type":"B","date":"2018-03-28T06:05:04.000Z","volume":24000,"label":" ","price":11.34},{"type":"A","date":"2018-03-28T06:05:04.000Z","volume":6000,"label":" ","price":11.34},{"type":"A","date":"2018-03-28T06:05:05.000Z","volume":2000,"label":" ","price":11.36},{"type":"A","date":"2018-03-28T06:06:03.000Z","volume":4000,"label":" ","price":11.36},{"type":"B","date":"2018-03-28T06:06:06.000Z","volume":10000,"label":" ","price":11.34},{"type":"B","date":"2018-03-28T06:08:14.000Z","volume":10000,"label":" ","price":11.34},{"type":"B","date":"2018-03-28T06:08:26.000Z","volume":30000,"label":" ","price":11.34},{"type":"A","date":"2018-03-28T06:08:27.000Z","volume":2000,"label":" ","price":11.36},{"type":"B","date":"2018-03-28T06:08:46.000Z","volume":8000,"label":" ","price":11.34},{"type":"A","date":"2018-03-28T06:08:46.000Z","volume":2000,"label":" ","price":11.34},{"type":"A","date":"2018-03-28T06:09:03.000Z","volume":2000,"label":" ","price":11.36},{"type":"B","date":"2018-03-28T06:09:25.000Z","volume":4000,"label":" ","price":11.34},{"type":"A","date":"2018-03-28T06:09:25.000Z","volume":2000,"label":" ","price":11.34},{"type":"A","date":"2018-03-28T06:11:07.000Z","volume":2000,"label":" ","price":11.34},{"type":"A","date":"2018-03-28T06:11:08.000Z","volume":2000,"label":" ","price":11.34},{"type":"A","date":"2018-03-28T06:11:26.000Z","volume":6000,"label":" ","price":11.34},{"type":"A","date":"2018-03-28T06:11:33.000Z","volume":2000,"label":" ","price":11.36},{"type":"B","date":"2018-03-28T06:11:39.000Z","volume":6000,"label":" ","price":11.34},{"type":"A","date":"2018-03-28T06:14:32.000Z","volume":2000,"label":" ","price":11.36},{"type":"B","date":"2018-03-28T06:14:56.000Z","volume":20000,"label":" ","price":11.34},{"type":"A","date":"2018-03-28T06:15:03.000Z","volume":2000,"label":" ","price":11.36},{"type":"A","date":"2018-03-28T06:15:03.000Z","volume":2000,"label":"Y","price":11.36},{"type":"A","date":"2018-03-28T06:15:03.000Z","volume":16000,"label":" ","price":11.36},{"type":"A","date":"2018-03-28T06:15:04.000Z","volume":2000,"label":" ","price":11.38},{"type":"A","date":"2018-03-28T06:15:18.000Z","volume":4000,"label":" ","price":11.36},{"type":"B","date":"2018-03-28T06:15:19.000Z","volume":2000,"label":" ","price":11.36},{"type":"A","date":"2018-03-28T06:15:19.000Z","volume":2000,"label":" ","price":11.38},{"type":"A","date":"2018-03-28T06:15:21.000Z","volume":2000,"label":" ","price":11.36},{"type":"A","date":"2018-03-28T06:15:22.000Z","volume":2000,"label":" ","price":11.36},{"type":"A","date":"2018-03-28T06:15:33.000Z","volume":2000,"label":" ","price":11.36},{"type":"A","date":"2018-03-28T06:16:25.000Z","volume":4000,"label":" ","price":11.36},{"type":"U","date":"2018-03-28T06:16:25.000Z","volume":2000,"label":" ","price":11.36},{"type":"A","date":"2018-03-28T06:17:02.000Z","volume":2000,"label":" ","price":11.36},{"type":"B","date":"2018-03-28T06:17:03.000Z","volume":40000,"label":" ","price":11.34},{"type":"A","date":"2018-03-28T06:17:03.000Z","volume":4000,"label":" ","price":11.36},{"type":"A","date":"2018-03-28T06:17:04.000Z","volume":2000,"label":" ","price":11.36},{"type":"A","date":"2018-03-28T06:17:04.000Z","volume":2000,"label":" ","price":11.36},{"type":"A","date":"2018-03-28T06:17:54.000Z","volume":38000,"label":" ","price":11.36},{"type":"A","date":"2018-03-28T06:17:54.000Z","volume":2000,"label":" ","price":11.36},{"type":"A","date":"2018-03-28T06:17:55.000Z","volume":4000,"label":" ","price":11.36},{"type":"A","date":"2018-03-28T06:18:03.000Z","volume":2000,"label":" ","price":11.36},{"type":"A","date":"2018-03-28T06:18:03.000Z","volume":8000,"label":" ","price":11.36},{"type":"A","date":"2018-03-28T06:18:04.000Z","volume":2000,"label":" ","price":11.36},{"type":"B","date":"2018-03-28T06:18:50.000Z","volume":18000,"label":" ","price":11.34},{"type":"A","date":"2018-03-28T06:18:50.000Z","volume":2000,"label":" ","price":11.34},{"type":"A","date":"2018-03-28T06:19:03.000Z","volume":2000,"label":" ","price":11.36},{"type":"A","date":"2018-03-28T06:19:07.000Z","volume":4000,"label":" ","price":11.36},{"type":"A","date":"2018-03-28T06:19:14.000Z","volume":2000,"label":" ","price":11.36},{"type":"B","date":"2018-03-28T06:23:30.000Z","volume":60000,"label":" ","price":11.34},{"type":"B","date":"2018-03-28T06:23:30.000Z","volume":8000,"label":" ","price":11.34},{"type":"A","date":"2018-03-28T06:23:31.000Z","volume":2000,"label":" ","price":11.36},{"type":"A","date":"2018-03-28T06:23:33.000Z","volume":2000,"label":" ","price":11.36},{"type":"B","date":"2018-03-28T06:23:53.000Z","volume":20000,"label":" ","price":11.34},{"type":"A","date":"2018-03-28T06:23:53.000Z","volume":2000,"label":" ","price":11.36},{"type":"A","date":"2018-03-28T06:24:03.000Z","volume":4000,"label":" ","price":11.36},{"type":"A","date":"2018-03-28T06:24:04.000Z","volume":2000,"label":" ","price":11.36},{"type":"B","date":"2018-03-28T06:24:16.000Z","volume":2000,"label":" ","price":11.34},{"type":"B","date":"2018-03-28T06:25:44.000Z","volume":2000,"label":" ","price":11.34},{"type":"B","date":"2018-03-28T06:25:59.000Z","volume":40000,"label":" ","price":11.34},{"type":"A","date":"2018-03-28T06:25:59.000Z","volume":2000,"label":" ","price":11.36},{"type":"A","date":"2018-03-28T06:26:03.000Z","volume":2000,"label":" ","price":11.36},{"type":"B","date":"2018-03-28T06:26:48.000Z","volume":8000,"label":" ","price":11.34},{"type":"B","date":"2018-03-28T06:27:39.000Z","volume":20000,"label":" ","price":11.34},{"type":"B","date":"2018-03-28T06:27:39.000Z","volume":8000,"label":" ","price":11.34},{"type":"A","date":"2018-03-28T06:28:16.000Z","volume":6000,"label":" ","price":11.34},{"type":"A","date":"2018-03-28T06:28:18.000Z","volume":2000,"label":" ","price":11.34},{"type":"A","date":"2018-03-28T06:28:59.000Z","volume":2000,"label":" ","price":11.34},{"type":"A","date":"2018-03-28T06:34:02.000Z","volume":2000,"label":" ","price":11.34},{"type":"A","date":"2018-03-28T06:35:15.000Z","volume":12000,"label":" ","price":11.34},{"type":"A","date":"2018-03-28T06:35:16.000Z","volume":2000,"label":" ","price":11.34},{"type":"A","date":"2018-03-28T06:35:16.000Z","volume":2000,"label":" ","price":11.34},{"type":"A","date":"2018-03-28T06:35:18.000Z","volume":2000,"label":" ","price":11.34},{"type":"A","date":"2018-03-28T06:35:27.000Z","volume":20000,"label":" ","price":11.34},{"type":"A","date":"2018-03-28T06:35:28.000Z","volume":2000,"label":" ","price":11.34},{"type":"A","date":"2018-03-28T06:35:33.000Z","volume":4000,"label":" ","price":11.34},{"type":"A","date":"2018-03-28T06:35:33.000Z","volume":6000,"label":" ","price":11.34},{"type":"A","date":"2018-03-28T06:35:48.000Z","volume":2000,"label":" ","price":11.36},{"type":"A","date":"2018-03-28T06:36:13.000Z","volume":84000,"label":" ","price":11.36},{"type":"B","date":"2018-03-28T06:36:13.000Z","volume":8000,"label":" ","price":11.36},{"type":"B","date":"2018-03-28T06:36:13.000Z","volume":14000,"label":" ","price":11.36},{"type":"A","date":"2018-03-28T06:36:14.000Z","volume":2000,"label":" ","price":11.42},{"type":"U","date":"2018-03-28T06:36:14.000Z","volume":4000,"label":" ","price":11.42},{"type":"A","date":"2018-03-28T06:36:15.000Z","volume":10000,"label":" ","price":11.4},{"type":"A","date":"2018-03-28T06:36:18.000Z","volume":10000,"label":" ","price":11.4},{"type":"A","date":"2018-03-28T06:36:18.000Z","volume":12000,"label":" ","price":11.4},{"type":"A","date":"2018-03-28T06:36:19.000Z","volume":2000,"label":" ","price":11.44},{"type":"B","date":"2018-03-28T06:36:24.000Z","volume":2000,"label":" ","price":11.4},{"type":"A","date":"2018-03-28T06:36:29.000Z","volume":2000,"label":" ","price":11.42},{"type":"B","date":"2018-03-28T06:36:29.000Z","volume":4000,"label":" ","price":11.42},{"type":"B","date":"2018-03-28T06:36:29.000Z","volume":2000,"label":" ","price":11.42},{"type":"A","date":"2018-03-28T06:36:29.000Z","volume":4000,"label":"Y","price":11.44},{"type":"A","date":"2018-03-28T06:36:29.000Z","volume":8000,"label":" ","price":11.44},{"type":"A","date":"2018-03-28T06:36:30.000Z","volume":2000,"label":" ","price":11.42},{"type":"A","date":"2018-03-28T06:37:03.000Z","volume":4000,"label":" ","price":11.4},{"type":"A","date":"2018-03-28T06:37:10.000Z","volume":6000,"label":" ","price":11.4},{"type":"A","date":"2018-03-28T06:37:14.000Z","volume":2000,"label":" ","price":11.4},{"type":"A","date":"2018-03-28T06:37:18.000Z","volume":2000,"label":" ","price":11.4},{"type":"B","date":"2018-03-28T06:37:19.000Z","volume":20000,"label":" ","price":11.38},{"type":"A","date":"2018-03-28T06:37:22.000Z","volume":2000,"label":" ","price":11.4},{"type":"A","date":"2018-03-28T06:37:33.000Z","volume":4000,"label":" ","price":11.4},{"type":"A","date":"2018-03-28T06:40:47.000Z","volume":2000,"label":" ","price":11.4},{"type":"A","date":"2018-03-28T06:41:07.000Z","volume":2000,"label":" ","price":11.4},{"type":"B","date":"2018-03-28T06:42:07.000Z","volume":10000,"label":" ","price":11.38},{"type":"A","date":"2018-03-28T06:42:18.000Z","volume":2000,"label":" ","price":11.4},{"type":"A","date":"2018-03-28T06:42:44.000Z","volume":2000,"label":" ","price":11.4},{"type":"A","date":"2018-03-28T06:43:13.000Z","volume":2000,"label":" ","price":11.4},{"type":"A","date":"2018-03-28T06:43:59.000Z","volume":2000,"label":" ","price":11.4},{"type":"A","date":"2018-03-28T06:45:29.000Z","volume":2000,"label":" ","price":11.4},{"type":"A","date":"2018-03-28T06:46:47.000Z","volume":2000,"label":" ","price":11.4},{"type":"A","date":"2018-03-28T06:47:03.000Z","volume":2000,"label":" ","price":11.4},{"type":"A","date":"2018-03-28T06:47:42.000Z","volume":40000,"label":" ","price":11.4},{"type":"A","date":"2018-03-28T06:47:42.000Z","volume":16000,"label":" ","price":11.4},{"type":"B","date":"2018-03-28T06:47:42.000Z","volume":2000,"label":" ","price":11.4},{"type":"A","date":"2018-03-28T06:47:42.000Z","volume":2000,"label":"Y","price":11.42},{"type":"A","date":"2018-03-28T06:47:44.000Z","volume":2000,"label":" ","price":11.44},{"type":"A","date":"2018-03-28T06:47:44.000Z","volume":2000,"label":" ","price":11.44},{"type":"B","date":"2018-03-28T06:47:47.000Z","volume":4000,"label":" ","price":11.4},{"type":"A","date":"2018-03-28T06:47:47.000Z","volume":6000,"label":" ","price":11.44},{"type":"A","date":"2018-03-28T06:47:48.000Z","volume":10000,"label":" ","price":11.46},{"type":"A","date":"2018-03-28T06:47:48.000Z","volume":2000,"label":" ","price":11.46},{"type":"A","date":"2018-03-28T06:47:48.000Z","volume":2000,"label":" ","price":11.46},{"type":"B","date":"2018-03-28T06:48:11.000Z","volume":8000,"label":" ","price":11.4},{"type":"A","date":"2018-03-28T06:48:11.000Z","volume":2000,"label":" ","price":11.46},{"type":"A","date":"2018-03-28T06:48:12.000Z","volume":2000,"label":" ","price":11.46},{"type":"B","date":"2018-03-28T06:48:17.000Z","volume":4000,"label":" ","price":11.46},{"type":"B","date":"2018-03-28T06:48:17.000Z","volume":2000,"label":" ","price":11.46},{"type":"A","date":"2018-03-28T06:48:18.000Z","volume":4000,"label":" ","price":11.46},{"type":"U","date":"2018-03-28T06:48:28.000Z","volume":6000,"label":" ","price":11.4},{"type":"A","date":"2018-03-28T06:48:32.000Z","volume":2000,"label":" ","price":11.46},{"type":"B","date":"2018-03-28T06:48:33.000Z","volume":24000,"label":" ","price":11.4},{"type":"A","date":"2018-03-28T06:48:43.000Z","volume":2000,"label":" ","price":11.48},{"type":"A","date":"2018-03-28T06:49:03.000Z","volume":6000,"label":" ","price":11.44},{"type":"A","date":"2018-03-28T06:49:11.000Z","volume":2000,"label":" ","price":11.44},{"type":"A","date":"2018-03-28T06:49:14.000Z","volume":2000,"label":" ","price":11.44},{"type":"B","date":"2018-03-28T06:49:21.000Z","volume":10000,"label":" ","price":11.44},{"type":"A","date":"2018-03-28T06:49:23.000Z","volume":2000,"label":" ","price":11.48},{"type":"A","date":"2018-03-28T06:49:33.000Z","volume":2000,"label":" ","price":11.48},{"type":"B","date":"2018-03-28T06:50:07.000Z","volume":24000,"label":" ","price":11.42},{"type":"A","date":"2018-03-28T06:50:18.000Z","volume":4000,"label":" ","price":11.48},{"type":"A","date":"2018-03-28T06:52:12.000Z","volume":4000,"label":" ","price":11.5},{"type":"A","date":"2018-03-28T06:52:18.000Z","volume":2000,"label":" ","price":11.5},{"type":"A","date":"2018-03-28T06:52:52.000Z","volume":4000,"label":" ","price":11.5},{"type":"B","date":"2018-03-28T06:53:09.000Z","volume":2000,"label":" ","price":11.48},{"type":"A","date":"2018-03-28T06:53:27.000Z","volume":4000,"label":" ","price":11.5},{"type":"A","date":"2018-03-28T06:53:33.000Z","volume":2000,"label":" ","price":11.5},{"type":"A","date":"2018-03-28T06:53:44.000Z","volume":2000,"label":" ","price":11.5},{"type":"A","date":"2018-03-28T06:54:12.000Z","volume":4000,"label":" ","price":11.5},{"type":"B","date":"2018-03-28T06:54:14.000Z","volume":50000,"label":" ","price":11.48},{"type":"B","date":"2018-03-28T06:54:15.000Z","volume":4000,"label":" ","price":11.48},{"type":"A","date":"2018-03-28T06:54:18.000Z","volume":10000,"label":" ","price":11.5},{"type":"A","date":"2018-03-28T06:54:21.000Z","volume":54000,"label":" ","price":11.5},{"type":"A","date":"2018-03-28T06:54:23.000Z","volume":10000,"label":" ","price":11.5},{"type":"A","date":"2018-03-28T06:54:44.000Z","volume":2000,"label":" ","price":11.5},{"type":"A","date":"2018-03-28T06:56:29.000Z","volume":2000,"label":" ","price":11.5},{"type":"A","date":"2018-03-28T06:57:14.000Z","volume":6000,"label":" ","price":11.5},{"type":"A","date":"2018-03-28T06:57:18.000Z","volume":2000,"label":" ","price":11.5},{"type":"A","date":"2018-03-28T06:57:59.000Z","volume":2000,"label":" ","price":11.5},{"type":"A","date":"2018-03-28T06:58:32.000Z","volume":2000,"label":" ","price":11.5},{"type":"A","date":"2018-03-28T06:59:14.000Z","volume":2000,"label":" ","price":11.5},{"type":"A","date":"2018-03-28T07:00:14.000Z","volume":2000,"label":" ","price":11.5},{"type":"B","date":"2018-03-28T07:00:17.000Z","volume":4000,"label":" ","price":11.48},{"type":"B","date":"2018-03-28T07:00:19.000Z","volume":2000,"label":" ","price":11.48},{"type":"B","date":"2018-03-28T07:00:24.000Z","volume":2000,"label":" ","price":11.48},{"type":"B","date":"2018-03-28T07:00:37.000Z","volume":10000,"label":" ","price":11.48},{"type":"B","date":"2018-03-28T07:00:37.000Z","volume":4000,"label":" ","price":11.48},{"type":"A","date":"2018-03-28T07:00:44.000Z","volume":2000,"label":" ","price":11.5},{"type":"A","date":"2018-03-28T07:01:29.000Z","volume":2000,"label":" ","price":11.5},{"type":"A","date":"2018-03-28T07:01:33.000Z","volume":2000,"label":" ","price":11.5},{"type":"A","date":"2018-03-28T07:02:14.000Z","volume":2000,"label":" ","price":11.5},{"type":"A","date":"2018-03-28T07:02:59.000Z","volume":2000,"label":" ","price":11.5},{"type":"A","date":"2018-03-28T07:03:59.000Z","volume":2000,"label":" ","price":11.5},{"type":"A","date":"2018-03-28T07:05:32.000Z","volume":2000,"label":" ","price":11.5},{"type":"B","date":"2018-03-28T07:05:44.000Z","volume":2000,"label":"Y","price":11.48},{"type":"B","date":"2018-03-28T07:05:44.000Z","volume":2000,"label":" ","price":11.48},{"type":"B","date":"2018-03-28T07:05:45.000Z","volume":2000,"label":" ","price":11.48},{"type":"B","date":"2018-03-28T07:05:50.000Z","volume":2000,"label":" ","price":11.48},{"type":"B","date":"2018-03-28T07:05:54.000Z","volume":2000,"label":" ","price":11.48},{"type":"B","date":"2018-03-28T07:05:54.000Z","volume":2000,"label":" ","price":11.48},{"type":"B","date":"2018-03-28T07:05:54.000Z","volume":2000,"label":" ","price":11.48},{"type":"A","date":"2018-03-28T07:05:55.000Z","volume":2000,"label":" ","price":11.5},{"type":"B","date":"2018-03-28T07:05:57.000Z","volume":2000,"label":" ","price":11.48},{"type":"B","date":"2018-03-28T07:06:11.000Z","volume":2000,"label":" ","price":11.48},{"type":"B","date":"2018-03-28T07:06:11.000Z","volume":2000,"label":" ","price":11.48},{"type":"B","date":"2018-03-28T07:07:54.000Z","volume":44000,"label":" ","price":11.48},{"type":"B","date":"2018-03-28T07:07:54.000Z","volume":2000,"label":" ","price":11.48},{"type":"A","date":"2018-03-28T07:07:54.000Z","volume":2000,"label":" ","price":11.5},{"type":"B","date":"2018-03-28T07:07:54.000Z","volume":20000,"label":" ","price":11.48},{"type":"B","date":"2018-03-28T07:07:54.000Z","volume":6000,"label":" ","price":11.48},{"type":"B","date":"2018-03-28T07:07:54.000Z","volume":20000,"label":" ","price":11.48},{"type":"B","date":"2018-03-28T07:07:54.000Z","volume":2000,"label":" ","price":11.48},{"type":"B","date":"2018-03-28T07:07:54.000Z","volume":4000,"label":" ","price":11.48},{"type":"A","date":"2018-03-28T07:07:55.000Z","volume":2000,"label":" ","price":11.48},{"type":"A","date":"2018-03-28T07:10:39.000Z","volume":18000,"label":" ","price":11.48},{"type":"A","date":"2018-03-28T07:10:39.000Z","volume":2000,"label":"Y","price":11.48},{"type":"A","date":"2018-03-28T07:10:39.000Z","volume":14000,"label":" ","price":11.48},{"type":"A","date":"2018-03-28T07:10:40.000Z","volume":2000,"label":" ","price":11.48},{"type":"A","date":"2018-03-28T07:11:02.000Z","volume":2000,"label":" ","price":11.5},{"type":"A","date":"2018-03-28T07:11:03.000Z","volume":8000,"label":" ","price":11.5},{"type":"A","date":"2018-03-28T07:12:14.000Z","volume":2000,"label":" ","price":11.5},{"type":"A","date":"2018-03-28T07:13:29.000Z","volume":2000,"label":" ","price":11.5},{"type":"B","date":"2018-03-28T07:13:34.000Z","volume":10000,"label":" ","price":11.48},{"type":"B","date":"2018-03-28T07:13:38.000Z","volume":2000,"label":" ","price":11.48},{"type":"A","date":"2018-03-28T07:13:48.000Z","volume":2000,"label":" ","price":11.5},{"type":"B","date":"2018-03-28T07:14:03.000Z","volume":10000,"label":" ","price":11.48},{"type":"A","date":"2018-03-28T07:16:02.000Z","volume":2000,"label":" ","price":11.5},{"type":"B","date":"2018-03-28T07:16:05.000Z","volume":2000,"label":" ","price":11.48},{"type":"B","date":"2018-03-28T07:20:06.000Z","volume":2000,"label":"Y","price":11.48},{"type":"A","date":"2018-03-28T07:21:47.000Z","volume":2000,"label":" ","price":11.5},{"type":"A","date":"2018-03-28T07:21:48.000Z","volume":2000,"label":" ","price":11.5},{"type":"A","date":"2018-03-28T07:22:42.000Z","volume":4000,"label":" ","price":11.5},{"type":"A","date":"2018-03-28T07:24:12.000Z","volume":2000,"label":" ","price":11.5},{"type":"A","date":"2018-03-28T07:25:12.000Z","volume":4000,"label":" ","price":11.5},{"type":"A","date":"2018-03-28T07:26:12.000Z","volume":4000,"label":" ","price":11.5},{"type":"A","date":"2018-03-28T07:26:18.000Z","volume":2000,"label":" ","price":11.5},{"type":"A","date":"2018-03-28T07:26:58.000Z","volume":2000,"label":" ","price":11.5},{"type":"A","date":"2018-03-28T07:27:42.000Z","volume":2000,"label":" ","price":11.5},{"type":"A","date":"2018-03-28T07:27:43.000Z","volume":2000,"label":" ","price":11.5},{"type":"A","date":"2018-03-28T07:28:02.000Z","volume":2000,"label":" ","price":11.5},{"type":"A","date":"2018-03-28T07:28:12.000Z","volume":4000,"label":" ","price":11.5},{"type":"A","date":"2018-03-28T07:28:14.000Z","volume":6000,"label":" ","price":11.5},{"type":"A","date":"2018-03-28T07:28:18.000Z","volume":2000,"label":" ","price":11.5},{"type":"A","date":"2018-03-28T07:28:32.000Z","volume":2000,"label":" ","price":11.5},{"type":"A","date":"2018-03-28T07:29:03.000Z","volume":2000,"label":" ","price":11.5},{"type":"B","date":"2018-03-28T07:29:06.000Z","volume":2000,"label":"Y","price":11.48},{"type":"A","date":"2018-03-28T07:29:07.000Z","volume":2000,"label":" ","price":11.5},{"type":"B","date":"2018-03-28T07:29:41.000Z","volume":6000,"label":" ","price":11.48},{"type":"A","date":"2018-03-28T07:29:42.000Z","volume":4000,"label":" ","price":11.5},{"type":"A","date":"2018-03-28T07:29:48.000Z","volume":2000,"label":" ","price":11.5},{"type":"A","date":"2018-03-28T07:30:42.000Z","volume":4000,"label":" ","price":11.5},{"type":"A","date":"2018-03-28T07:32:05.000Z","volume":4000,"label":" ","price":11.5},{"type":"B","date":"2018-03-28T07:32:05.000Z","volume":2000,"label":" ","price":11.48},{"type":"A","date":"2018-03-28T07:32:06.000Z","volume":2000,"label":" ","price":11.5},{"type":"A","date":"2018-03-28T07:32:18.000Z","volume":2000,"label":" ","price":11.5},{"type":"A","date":"2018-03-28T07:32:44.000Z","volume":6000,"label":"Y","price":11.5},{"type":"A","date":"2018-03-28T07:32:44.000Z","volume":434000,"label":" ","price":11.5},{"type":"A","date":"2018-03-28T07:32:44.000Z","volume":14000,"label":" ","price":11.52},{"type":"A","date":"2018-03-28T07:32:44.000Z","volume":8000,"label":" ","price":11.52},{"type":"A","date":"2018-03-28T07:32:44.000Z","volume":12000,"label":" ","price":11.54},{"type":"A","date":"2018-03-28T07:32:44.000Z","volume":2000,"label":" ","price":11.54},{"type":"A","date":"2018-03-28T07:32:44.000Z","volume":2000,"label":" ","price":11.54},{"type":"A","date":"2018-03-28T07:32:44.000Z","volume":2000,"label":" ","price":11.54},{"type":"A","date":"2018-03-28T07:32:44.000Z","volume":2000,"label":" ","price":11.54},{"type":"A","date":"2018-03-28T07:32:44.000Z","volume":2000,"label":" ","price":11.54},{"type":"A","date":"2018-03-28T07:32:46.000Z","volume":18000,"label":" ","price":11.54},{"type":"A","date":"2018-03-28T07:32:46.000Z","volume":6000,"label":" ","price":11.54},{"type":"A","date":"2018-03-28T07:32:49.000Z","volume":6000,"label":" ","price":11.54},{"type":"A","date":"2018-03-28T07:32:50.000Z","volume":4000,"label":" ","price":11.54},{"type":"A","date":"2018-03-28T07:32:50.000Z","volume":6000,"label":" ","price":11.54},{"type":"A","date":"2018-03-28T07:32:51.000Z","volume":2000,"label":" ","price":11.54},{"type":"A","date":"2018-03-28T07:32:52.000Z","volume":6000,"label":" ","price":11.54},{"type":"A","date":"2018-03-28T07:32:55.000Z","volume":14000,"label":" ","price":11.54},{"type":"A","date":"2018-03-28T07:32:58.000Z","volume":6000,"label":" ","price":11.54},{"type":"A","date":"2018-03-28T07:32:59.000Z","volume":2000,"label":" ","price":11.54},{"type":"A","date":"2018-03-28T07:33:12.000Z","volume":4000,"label":" ","price":11.56},{"type":"A","date":"2018-03-28T07:33:14.000Z","volume":2000,"label":" ","price":11.56},{"type":"A","date":"2018-03-28T07:33:14.000Z","volume":2000,"label":" ","price":11.56},{"type":"A","date":"2018-03-28T07:33:14.000Z","volume":2000,"label":" ","price":11.56},{"type":"A","date":"2018-03-28T07:33:14.000Z","volume":4000,"label":" ","price":11.56},{"type":"A","date":"2018-03-28T07:33:15.000Z","volume":2000,"label":" ","price":11.6},{"type":"A","date":"2018-03-28T07:33:26.000Z","volume":50000,"label":" ","price":11.6},{"type":"A","date":"2018-03-28T07:33:26.000Z","volume":2000,"label":" ","price":11.6},{"type":"B","date":"2018-03-28T07:33:28.000Z","volume":14000,"label":" ","price":11.6},{"type":"B","date":"2018-03-28T07:33:28.000Z","volume":36000,"label":" ","price":11.58},{"type":"A","date":"2018-03-28T07:33:31.000Z","volume":8000,"label":" ","price":11.64},{"type":"A","date":"2018-03-28T07:33:37.000Z","volume":6000,"label":" ","price":11.64},{"type":"A","date":"2018-03-28T07:33:54.000Z","volume":2000,"label":" ","price":11.72},{"type":"A","date":"2018-03-28T07:33:57.000Z","volume":6000,"label":" ","price":11.72},{"type":"A","date":"2018-03-28T07:34:02.000Z","volume":2000,"label":" ","price":11.72},{"type":"A","date":"2018-03-28T07:34:05.000Z","volume":2000,"label":" ","price":11.74},{"type":"A","date":"2018-03-28T07:34:08.000Z","volume":2000,"label":" ","price":11.76},{"type":"A","date":"2018-03-28T07:34:10.000Z","volume":6000,"label":" ","price":11.76},{"type":"A","date":"2018-03-28T07:34:14.000Z","volume":6000,"label":" ","price":11.78},{"type":"A","date":"2018-03-28T07:34:17.000Z","volume":4000,"label":" ","price":11.78},{"type":"A","date":"2018-03-28T07:34:18.000Z","volume":6000,"label":" ","price":11.78},{"type":"A","date":"2018-03-28T07:34:18.000Z","volume":4000,"label":" ","price":11.78},{"type":"B","date":"2018-03-28T07:34:22.000Z","volume":10000,"label":" ","price":11.8},{"type":"B","date":"2018-03-28T07:34:22.000Z","volume":14000,"label":" ","price":11.78},{"type":"B","date":"2018-03-28T07:34:22.000Z","volume":6000,"label":" ","price":11.76},{"type":"B","date":"2018-03-28T07:34:25.000Z","volume":4000,"label":" ","price":11.76},{"type":"A","date":"2018-03-28T07:34:36.000Z","volume":4000,"label":" ","price":11.8},{"type":"A","date":"2018-03-28T07:34:42.000Z","volume":2000,"label":" ","price":11.8},{"type":"B","date":"2018-03-28T07:35:09.000Z","volume":4000,"label":" ","price":11.8},{"type":"B","date":"2018-03-28T07:35:09.000Z","volume":60000,"label":" ","price":11.8},{"type":"U","date":"2018-03-28T07:35:21.000Z","volume":2000,"label":" ","price":11.84},{"type":"A","date":"2018-03-28T07:35:37.000Z","volume":20000,"label":" ","price":11.86},{"type":"A","date":"2018-03-28T07:35:40.000Z","volume":2000,"label":" ","price":11.86},{"type":"A","date":"2018-03-28T07:35:57.000Z","volume":2000,"label":" ","price":11.86},{"type":"A","date":"2018-03-28T07:36:02.000Z","volume":4000,"label":" ","price":11.86},{"type":"A","date":"2018-03-28T07:36:06.000Z","volume":6000,"label":" ","price":11.86},{"type":"A","date":"2018-03-28T07:36:10.000Z","volume":30000,"label":" ","price":11.86},{"type":"A","date":"2018-03-28T07:36:11.000Z","volume":4000,"label":" ","price":11.86},{"type":"B","date":"2018-03-28T07:36:19.000Z","volume":2000,"label":" ","price":11.86},{"type":"A","date":"2018-03-28T07:36:24.000Z","volume":2000,"label":" ","price":11.9},{"type":"A","date":"2018-03-28T07:36:27.000Z","volume":6000,"label":" ","price":11.88},{"type":"A","date":"2018-03-28T07:36:29.000Z","volume":10000,"label":" ","price":11.9},{"type":"A","date":"2018-03-28T07:36:29.000Z","volume":6000,"label":" ","price":11.9},{"type":"B","date":"2018-03-28T07:36:30.000Z","volume":2000,"label":" ","price":11.9},{"type":"A","date":"2018-03-28T07:36:31.000Z","volume":2000,"label":" ","price":11.94},{"type":"B","date":"2018-03-28T07:36:40.000Z","volume":64000,"label":" ","price":11.86},{"type":"B","date":"2018-03-28T07:36:40.000Z","volume":36000,"label":" ","price":11.84},{"type":"B","date":"2018-03-28T07:36:42.000Z","volume":30000,"label":" ","price":11.84},{"type":"B","date":"2018-03-28T07:36:42.000Z","volume":30000,"label":" ","price":11.84},{"type":"B","date":"2018-03-28T07:36:43.000Z","volume":4000,"label":" ","price":11.84},{"type":"B","date":"2018-03-28T07:36:49.000Z","volume":2000,"label":" ","price":11.84},{"type":"B","date":"2018-03-28T07:36:51.000Z","volume":6000,"label":" ","price":11.84},{"type":"A","date":"2018-03-28T07:37:00.000Z","volume":4000,"label":" ","price":11.86},{"type":"B","date":"2018-03-28T07:38:53.000Z","volume":148000,"label":" ","price":11.88},{"type":"B","date":"2018-03-28T07:38:53.000Z","volume":8000,"label":" ","price":11.86},{"type":"B","date":"2018-03-28T07:39:12.000Z","volume":10000,"label":" ","price":11.64},{"type":"A","date":"2018-03-28T07:39:24.000Z","volume":2000,"label":" ","price":11.72},{"type":"B","date":"2018-03-28T07:39:25.000Z","volume":4000,"label":" ","price":11.66},{"type":"B","date":"2018-03-28T07:39:26.000Z","volume":8000,"label":" ","price":11.66},{"type":"A","date":"2018-03-28T07:40:24.000Z","volume":4000,"label":" ","price":11.66},{"type":"A","date":"2018-03-28T07:40:31.000Z","volume":2000,"label":" ","price":11.66},{"type":"A","date":"2018-03-28T07:40:33.000Z","volume":6000,"label":" ","price":11.66},{"type":"A","date":"2018-03-28T07:40:39.000Z","volume":4000,"label":" ","price":11.7},{"type":"A","date":"2018-03-28T07:40:45.000Z","volume":2000,"label":" ","price":11.7},{"type":"A","date":"2018-03-28T07:41:14.000Z","volume":2000,"label":" ","price":11.7},{"type":"A","date":"2018-03-28T07:41:16.000Z","volume":24000,"label":" ","price":11.7},{"type":"A","date":"2018-03-28T07:41:16.000Z","volume":4000,"label":" ","price":11.7},{"type":"A","date":"2018-03-28T07:41:17.000Z","volume":10000,"label":" ","price":11.7},{"type":"A","date":"2018-03-28T07:41:18.000Z","volume":6000,"label":" ","price":11.7},{"type":"A","date":"2018-03-28T07:41:18.000Z","volume":2000,"label":" ","price":11.7},{"type":"A","date":"2018-03-28T07:41:23.000Z","volume":10000,"label":" ","price":11.7},{"type":"A","date":"2018-03-28T07:41:23.000Z","volume":8000,"label":" ","price":11.7},{"type":"B","date":"2018-03-28T07:41:27.000Z","volume":26000,"label":" ","price":11.7},{"type":"B","date":"2018-03-28T07:41:36.000Z","volume":2000,"label":" ","price":11.7},{"type":"A","date":"2018-03-28T07:41:44.000Z","volume":2000,"label":" ","price":11.76},{"type":"B","date":"2018-03-28T07:41:46.000Z","volume":10000,"label":" ","price":11.76},{"type":"B","date":"2018-03-28T07:41:47.000Z","volume":2000,"label":" ","price":11.7},{"type":"B","date":"2018-03-28T07:41:53.000Z","volume":2000,"label":" ","price":11.7},{"type":"B","date":"2018-03-28T07:42:21.000Z","volume":296000,"label":" ","price":11.7},{"type":"B","date":"2018-03-28T07:42:24.000Z","volume":24000,"label":" ","price":11.7},{"type":"B","date":"2018-03-28T07:42:36.000Z","volume":2000,"label":" ","price":11.7},{"type":"A","date":"2018-03-28T07:44:32.000Z","volume":2000,"label":" ","price":11.7},{"type":"A","date":"2018-03-28T07:45:26.000Z","volume":4000,"label":" ","price":11.7},{"type":"A","date":"2018-03-28T07:45:47.000Z","volume":8000,"label":" ","price":11.7},{"type":"B","date":"2018-03-28T07:46:00.000Z","volume":100000,"label":" ","price":11.68},{"type":"A","date":"2018-03-28T07:46:00.000Z","volume":4000,"label":"Y","price":11.7},{"type":"A","date":"2018-03-28T07:46:00.000Z","volume":22000,"label":" ","price":11.7},{"type":"B","date":"2018-03-28T07:46:14.000Z","volume":2000,"label":"Y","price":11.7},{"type":"B","date":"2018-03-28T07:46:14.000Z","volume":22000,"label":" ","price":11.7},{"type":"B","date":"2018-03-28T07:47:03.000Z","volume":4000,"label":" ","price":11.7},{"type":"B","date":"2018-03-28T07:47:15.000Z","volume":20000,"label":" ","price":11.68},{"type":"B","date":"2018-03-28T07:47:21.000Z","volume":26000,"label":" ","price":11.68},{"type":"B","date":"2018-03-28T07:47:28.000Z","volume":4000,"label":" ","price":11.72},{"type":"B","date":"2018-03-28T07:47:29.000Z","volume":8000,"label":" ","price":11.72},{"type":"B","date":"2018-03-28T07:47:31.000Z","volume":4000,"label":" ","price":11.7},{"type":"B","date":"2018-03-28T07:47:47.000Z","volume":20000,"label":" ","price":11.68},{"type":"A","date":"2018-03-28T07:47:47.000Z","volume":2000,"label":" ","price":11.74},{"type":"B","date":"2018-03-28T07:47:54.000Z","volume":6000,"label":" ","price":11.68},{"type":"B","date":"2018-03-28T07:48:17.000Z","volume":2000,"label":" ","price":11.68},{"type":"B","date":"2018-03-28T07:48:22.000Z","volume":2000,"label":" ","price":11.68},{"type":"B","date":"2018-03-28T07:49:06.000Z","volume":4000,"label":" ","price":11.66},{"type":"B","date":"2018-03-28T07:50:06.000Z","volume":24000,"label":" ","price":11.66},{"type":"A","date":"2018-03-28T07:53:26.000Z","volume":2000,"label":" ","price":11.68},{"type":"A","date":"2018-03-28T07:53:44.000Z","volume":2000,"label":" ","price":11.68},{"type":"A","date":"2018-03-28T07:53:45.000Z","volume":2000,"label":" ","price":11.68},{"type":"A","date":"2018-03-28T07:53:45.000Z","volume":6000,"label":" ","price":11.68},{"type":"A","date":"2018-03-28T07:53:45.000Z","volume":4000,"label":" ","price":11.68},{"type":"A","date":"2018-03-28T07:54:14.000Z","volume":2000,"label":" ","price":11.68},{"type":"A","date":"2018-03-28T07:54:44.000Z","volume":2000,"label":" ","price":11.68},{"type":"U","date":"2018-03-28T07:54:54.000Z","volume":2000,"label":"X","price":11.67},{"type":"A","date":"2018-03-28T07:55:29.000Z","volume":2000,"label":" ","price":11.68},{"type":"A","date":"2018-03-28T07:55:58.000Z","volume":2000,"label":" ","price":11.68},{"type":"B","date":"2018-03-28T07:55:58.000Z","volume":2000,"label":" ","price":11.66},{"type":"A","date":"2018-03-28T07:56:19.000Z","volume":8000,"label":" ","price":11.68},{"type":"A","date":"2018-03-28T07:56:29.000Z","volume":4000,"label":" ","price":11.68},{"type":"A","date":"2018-03-28T07:56:29.000Z","volume":2000,"label":" ","price":11.68},{"type":"B","date":"2018-03-28T07:56:51.000Z","volume":2000,"label":" ","price":11.66},{"type":"A","date":"2018-03-28T07:57:07.000Z","volume":2000,"label":" ","price":11.68},{"type":"A","date":"2018-03-28T07:57:11.000Z","volume":2000,"label":" ","price":11.68},{"type":"A","date":"2018-03-28T07:57:11.000Z","volume":2000,"label":" ","price":11.68},{"type":"A","date":"2018-03-28T07:57:14.000Z","volume":2000,"label":" ","price":11.68},{"type":"A","date":"2018-03-28T07:57:19.000Z","volume":2000,"label":" ","price":11.68},{"type":"B","date":"2018-03-28T07:57:25.000Z","volume":4000,"label":" ","price":11.66},{"type":"B","date":"2018-03-28T07:57:25.000Z","volume":2000,"label":" ","price":11.66},{"type":"A","date":"2018-03-28T07:57:25.000Z","volume":2000,"label":" ","price":11.68},{"type":"A","date":"2018-03-28T07:57:35.000Z","volume":2000,"label":" ","price":11.68},{"type":"A","date":"2018-03-28T07:57:44.000Z","volume":2000,"label":" ","price":11.68},{"type":"A","date":"2018-03-28T07:57:47.000Z","volume":4000,"label":" ","price":11.68},{"type":"B","date":"2018-03-28T07:57:51.000Z","volume":2000,"label":" ","price":11.66},{"type":"B","date":"2018-03-28T07:57:51.000Z","volume":8000,"label":" ","price":11.66},{"type":"B","date":"2018-03-28T07:57:52.000Z","volume":4000,"label":" ","price":11.66},{"type":"B","date":"2018-03-28T07:57:55.000Z","volume":10000,"label":" ","price":11.66},{"type":"B","date":"2018-03-28T07:57:55.000Z","volume":2000,"label":" ","price":11.66},{"type":"B","date":"2018-03-28T07:57:55.000Z","volume":2000,"label":" ","price":11.66},{"type":"A","date":"2018-03-28T07:57:55.000Z","volume":2000,"label":" ","price":11.68},{"type":"A","date":"2018-03-28T07:57:56.000Z","volume":2000,"label":" ","price":11.68},{"type":"B","date":"2018-03-28T07:57:56.000Z","volume":10000,"label":" ","price":11.66},{"type":"B","date":"2018-03-28T07:57:56.000Z","volume":8000,"label":" ","price":11.66},{"type":"B","date":"2018-03-28T07:57:57.000Z","volume":6000,"label":" ","price":11.66},{"type":"B","date":"2018-03-28T07:57:58.000Z","volume":2000,"label":" ","price":11.64},{"type":"B","date":"2018-03-28T07:57:58.000Z","volume":4000,"label":" ","price":11.62},{"type":"B","date":"2018-03-28T07:57:58.000Z","volume":10000,"label":" ","price":11.6},{"type":"A","date":"2018-03-28T07:57:59.000Z","volume":2000,"label":" ","price":11.6},{"type":"B","date":"2018-03-28T07:57:59.000Z","volume":8000,"label":" ","price":11.6},{"type":"B","date":"2018-03-28T07:58:04.000Z","volume":2000,"label":" ","price":11.6},{"type":"A","date":"2018-03-28T07:58:04.000Z","volume":2000,"label":" ","price":11.62},{"type":"A","date":"2018-03-28T07:58:04.000Z","volume":2000,"label":" ","price":11.66},{"type":"A","date":"2018-03-28T07:58:04.000Z","volume":4000,"label":" ","price":11.66},{"type":"A","date":"2018-03-28T07:58:04.000Z","volume":2000,"label":" ","price":11.66},{"type":"B","date":"2018-03-28T07:58:14.000Z","volume":10000,"label":" ","price":11.58},{"type":"B","date":"2018-03-28T07:58:15.000Z","volume":6000,"label":" ","price":11.58},{"type":"A","date":"2018-03-28T07:58:15.000Z","volume":2000,"label":" ","price":11.6},{"type":"A","date":"2018-03-28T07:58:16.000Z","volume":10000,"label":" ","price":11.6},{"type":"A","date":"2018-03-28T07:58:26.000Z","volume":4000,"label":" ","price":11.6},{"type":"B","date":"2018-03-28T07:58:49.000Z","volume":2000,"label":" ","price":11.58},{"type":"A","date":"2018-03-28T07:59:01.000Z","volume":2000,"label":" ","price":11.6},{"type":"B","date":"2018-03-28T07:59:03.000Z","volume":4000,"label":" ","price":11.58},{"type":"A","date":"2018-03-28T07:59:03.000Z","volume":2000,"label":"Y","price":11.6},{"type":"A","date":"2018-03-28T07:59:03.000Z","volume":4000,"label":" ","price":11.6},{"type":"A","date":"2018-03-28T07:59:05.000Z","volume":2000,"label":" ","price":11.6},{"type":"A","date":"2018-03-28T07:59:08.000Z","volume":2000,"label":" ","price":11.6},{"type":"B","date":"2018-03-28T07:59:14.000Z","volume":2000,"label":"Y","price":11.58},{"type":"A","date":"2018-03-28T07:59:20.000Z","volume":10000,"label":" ","price":11.6},{"type":"A","date":"2018-03-28T07:59:22.000Z","volume":6000,"label":" ","price":11.6},{"type":"A","date":"2018-03-28T07:59:29.000Z","volume":2000,"label":" ","price":11.6},{"type":"A","date":"2018-03-28T07:59:30.000Z","volume":12000,"label":" ","price":11.6},{"type":"A","date":"2018-03-28T07:59:30.000Z","volume":6000,"label":" ","price":11.6},{"type":"A","date":"2018-03-28T07:59:30.000Z","volume":2000,"label":" ","price":11.6},{"type":"A","date":"2018-03-28T07:59:30.000Z","volume":2000,"label":" ","price":11.6},{"type":"A","date":"2018-03-28T07:59:41.000Z","volume":6000,"label":" ","price":11.6},{"type":"A","date":"2018-03-28T07:59:45.000Z","volume":2000,"label":" ","price":11.6},{"type":"A","date":"2018-03-28T07:59:45.000Z","volume":2000,"label":" ","price":11.6},{"type":"A","date":"2018-03-28T07:59:50.000Z","volume":8000,"label":" ","price":11.6},{"type":"A","date":"2018-03-28T07:59:53.000Z","volume":8000,"label":" ","price":11.6},{"type":"A","date":"2018-03-28T07:59:53.000Z","volume":2000,"label":" ","price":11.6},{"type":"A","date":"2018-03-28T07:59:55.000Z","volume":8000,"label":" ","price":11.6},{"type":"A","date":"2018-03-28T07:59:55.000Z","volume":2000,"label":" ","price":11.6},{"type":"A","date":"2018-03-28T07:59:55.000Z","volume":2000,"label":" ","price":11.6},{"type":"A","date":"2018-03-28T07:59:56.000Z","volume":2000,"label":" ","price":11.6},{"type":"A","date":"2018-03-28T07:59:56.000Z","volume":2000,"label":" ","price":11.6},{"type":"A","date":"2018-03-28T07:59:59.000Z","volume":2000,"label":" ","price":11.6},{"type":"U","date":"2018-03-28T08:08:42.000Z","volume":318000,"label":"U","price":11.5}]