[{"type":"A","date":"2018-04-23T02:00:47.000Z","volume":66000,"label":"Y","price":0.77},{"type":"A","date":"2018-04-23T02:00:47.000Z","volume":82000,"label":" ","price":0.77},{"type":"B","date":"2018-04-23T02:00:51.000Z","volume":20000,"label":" ","price":0.77},{"type":"B","date":"2018-04-23T02:03:27.000Z","volume":10000,"label":" ","price":0.77},{"type":"B","date":"2018-04-23T02:04:09.000Z","volume":100000,"label":" ","price":0.77},{"type":"B","date":"2018-04-23T02:09:35.000Z","volume":1220000,"label":" ","price":0.77},{"type":"B","date":"2018-04-23T02:09:57.000Z","volume":2000,"label":" ","price":0.77},{"type":"B","date":"2018-04-23T02:35:35.000Z","volume":30000,"label":" ","price":0.76},{"type":"B","date":"2018-04-23T02:51:32.000Z","volume":2000,"label":" ","price":0.76},{"type":"B","date":"2018-04-23T03:24:17.000Z","volume":2000,"label":" ","price":0.76},{"type":"B","date":"2018-04-23T03:46:07.000Z","volume":16000,"label":" ","price":0.76},{"type":"B","date":"2018-04-23T03:52:11.000Z","volume":38000,"label":"Y","price":0.76},{"type":"B","date":"2018-04-23T03:52:11.000Z","volume":62000,"label":" ","price":0.76},{"type":"B","date":"2018-04-23T05:03:45.000Z","volume":20000,"label":" ","price":0.76},{"type":"B","date":"2018-04-23T05:06:17.000Z","volume":2000,"label":" ","price":0.76},{"type":"A","date":"2018-04-23T05:19:15.000Z","volume":40000,"label":" ","price":0.77},{"type":"A","date":"2018-04-23T05:23:13.000Z","volume":86000,"label":" ","price":0.77},{"type":"B","date":"2018-04-23T05:38:23.000Z","volume":38000,"label":" ","price":0.77},{"type":"B","date":"2018-04-23T05:40:09.000Z","volume":50000,"label":" ","price":0.77},{"type":"B","date":"2018-04-23T06:29:57.000Z","volume":40000,"label":" ","price":0.77},{"type":"B","date":"2018-04-23T06:41:34.000Z","volume":2000,"label":" ","price":0.77},{"type":"B","date":"2018-04-23T06:45:17.000Z","volume":30000,"label":" ","price":0.77},{"type":"B","date":"2018-04-23T07:19:31.000Z","volume":66000,"label":" ","price":0.77},{"type":"B","date":"2018-04-23T07:26:49.000Z","volume":2000,"label":" ","price":0.77},{"type":"B","date":"2018-04-23T07:28:57.000Z","volume":206000,"label":" ","price":0.77},{"type":"B","date":"2018-04-23T07:57:04.000Z","volume":30000,"label":" ","price":0.76},{"type":"B","date":"2018-04-23T07:58:00.000Z","volume":2000,"label":" ","price":0.76}]