[{"type":"U","date":"2018-05-02T01:20:00.000Z","volume":9000,"label":"U","price":3.05},{"type":"A","date":"2018-05-02T01:30:21.000Z","volume":7000,"label":" ","price":3.06},{"type":"B","date":"2018-05-02T01:30:22.000Z","volume":1000,"label":" ","price":3.05},{"type":"B","date":"2018-05-02T01:30:28.000Z","volume":1000,"label":" ","price":3.05},{"type":"B","date":"2018-05-02T01:31:41.000Z","volume":2000,"label":" ","price":3.05},{"type":"B","date":"2018-05-02T01:31:42.000Z","volume":1000,"label":" ","price":3.05},{"type":"B","date":"2018-05-02T01:36:48.000Z","volume":1000,"label":" ","price":3.05},{"type":"B","date":"2018-05-02T01:39:56.000Z","volume":12000,"label":" ","price":3.05},{"type":"B","date":"2018-05-02T01:39:57.000Z","volume":2000,"label":" ","price":3.05},{"type":"B","date":"2018-05-02T01:39:57.000Z","volume":3000,"label":" ","price":3.05},{"type":"B","date":"2018-05-02T01:39:58.000Z","volume":1000,"label":" ","price":3.05},{"type":"B","date":"2018-05-02T01:39:59.000Z","volume":1000,"label":" ","price":3.05},{"type":"B","date":"2018-05-02T01:40:18.000Z","volume":1000,"label":" ","price":3.05},{"type":"A","date":"2018-05-02T01:40:59.000Z","volume":10000,"label":" ","price":3.06},{"type":"B","date":"2018-05-02T01:40:59.000Z","volume":1000,"label":" ","price":3.05},{"type":"B","date":"2018-05-02T01:41:00.000Z","volume":2000,"label":" ","price":3.05},{"type":"B","date":"2018-05-02T01:41:01.000Z","volume":1000,"label":" ","price":3.05},{"type":"A","date":"2018-05-02T01:44:35.000Z","volume":15000,"label":" ","price":3.07},{"type":"A","date":"2018-05-02T01:44:35.000Z","volume":2000,"label":" ","price":3.07},{"type":"B","date":"2018-05-02T01:44:36.000Z","volume":1000,"label":" ","price":3.06},{"type":"A","date":"2018-05-02T01:46:10.000Z","volume":17000,"label":" ","price":3.08},{"type":"A","date":"2018-05-02T01:46:10.000Z","volume":7000,"label":" ","price":3.09},{"type":"A","date":"2018-05-02T01:46:10.000Z","volume":2000,"label":" ","price":3.08},{"type":"A","date":"2018-05-02T01:46:10.000Z","volume":1000,"label":" ","price":3.09},{"type":"A","date":"2018-05-02T01:46:10.000Z","volume":1000,"label":" ","price":3.08},{"type":"A","date":"2018-05-02T01:46:10.000Z","volume":1000,"label":" ","price":3.08},{"type":"B","date":"2018-05-02T01:49:29.000Z","volume":1000,"label":" ","price":3.09},{"type":"B","date":"2018-05-02T01:50:17.000Z","volume":9000,"label":" ","price":3.09},{"type":"B","date":"2018-05-02T01:50:18.000Z","volume":1000,"label":" ","price":3.08},{"type":"A","date":"2018-05-02T01:50:19.000Z","volume":2000,"label":" ","price":3.09},{"type":"B","date":"2018-05-02T01:51:27.000Z","volume":5000,"label":" ","price":3.09},{"type":"B","date":"2018-05-02T01:51:28.000Z","volume":1000,"label":" ","price":3.09},{"type":"B","date":"2018-05-02T01:51:29.000Z","volume":1000,"label":" ","price":3.09},{"type":"B","date":"2018-05-02T01:51:34.000Z","volume":1000,"label":" ","price":3.09},{"type":"B","date":"2018-05-02T01:59:26.000Z","volume":1000,"label":" ","price":3.08},{"type":"B","date":"2018-05-02T01:59:55.000Z","volume":1000,"label":"Y","price":3.08},{"type":"B","date":"2018-05-02T01:59:56.000Z","volume":1000,"label":" ","price":3.08},{"type":"B","date":"2018-05-02T01:59:56.000Z","volume":1000,"label":" ","price":3.08},{"type":"B","date":"2018-05-02T02:14:18.000Z","volume":1000,"label":" ","price":3.09},{"type":"B","date":"2018-05-02T02:14:33.000Z","volume":1000,"label":" ","price":3.09},{"type":"B","date":"2018-05-02T02:15:13.000Z","volume":1000,"label":" ","price":3.09},{"type":"B","date":"2018-05-02T02:17:24.000Z","volume":1000,"label":" ","price":3.09},{"type":"B","date":"2018-05-02T02:37:03.000Z","volume":1000,"label":" ","price":3.09},{"type":"B","date":"2018-05-02T02:37:04.000Z","volume":1000,"label":" ","price":3.09},{"type":"A","date":"2018-05-02T02:37:14.000Z","volume":7000,"label":" ","price":3.1},{"type":"B","date":"2018-05-02T02:37:15.000Z","volume":1000,"label":" ","price":3.09},{"type":"B","date":"2018-05-02T02:37:15.000Z","volume":3000,"label":" ","price":3.09},{"type":"B","date":"2018-05-02T02:52:22.000Z","volume":7000,"label":" ","price":3.09},{"type":"B","date":"2018-05-02T02:52:22.000Z","volume":11000,"label":" ","price":3.09},{"type":"B","date":"2018-05-02T02:52:22.000Z","volume":5000,"label":" ","price":3.08},{"type":"B","date":"2018-05-02T02:52:23.000Z","volume":4000,"label":" ","price":3.08},{"type":"B","date":"2018-05-02T02:52:23.000Z","volume":6000,"label":" ","price":3.08},{"type":"B","date":"2018-05-02T02:52:23.000Z","volume":2000,"label":" ","price":3.08},{"type":"B","date":"2018-05-02T02:52:23.000Z","volume":1000,"label":" ","price":3.08},{"type":"B","date":"2018-05-02T02:53:34.000Z","volume":2000,"label":" ","price":3.08},{"type":"B","date":"2018-05-02T02:53:48.000Z","volume":1000,"label":" ","price":3.08},{"type":"B","date":"2018-05-02T02:54:27.000Z","volume":3000,"label":"Y","price":3.08},{"type":"B","date":"2018-05-02T02:54:28.000Z","volume":1000,"label":" ","price":3.07},{"type":"B","date":"2018-05-02T02:54:28.000Z","volume":3000,"label":" ","price":3.07},{"type":"B","date":"2018-05-02T02:54:33.000Z","volume":1000,"label":" ","price":3.06},{"type":"B","date":"2018-05-02T02:57:51.000Z","volume":1000,"label":" ","price":3.07},{"type":"B","date":"2018-05-02T02:57:51.000Z","volume":4000,"label":" ","price":3.07},{"type":"B","date":"2018-05-02T02:57:52.000Z","volume":1000,"label":" ","price":3.06},{"type":"B","date":"2018-05-02T02:58:03.000Z","volume":1000,"label":" ","price":3.06},{"type":"B","date":"2018-05-02T02:58:04.000Z","volume":1000,"label":" ","price":3.06},{"type":"B","date":"2018-05-02T03:13:31.000Z","volume":10000,"label":" ","price":3.06},{"type":"B","date":"2018-05-02T03:13:32.000Z","volume":1000,"label":" ","price":3.06},{"type":"B","date":"2018-05-02T03:13:32.000Z","volume":4000,"label":" ","price":3.06},{"type":"B","date":"2018-05-02T03:13:33.000Z","volume":1000,"label":" ","price":3.06},{"type":"B","date":"2018-05-02T03:15:16.000Z","volume":1000,"label":" ","price":3.06},{"type":"B","date":"2018-05-02T03:15:30.000Z","volume":6000,"label":" ","price":3.06},{"type":"B","date":"2018-05-02T03:15:31.000Z","volume":1000,"label":" ","price":3.06},{"type":"B","date":"2018-05-02T03:15:33.000Z","volume":1000,"label":" ","price":3.06},{"type":"B","date":"2018-05-02T03:15:33.000Z","volume":1000,"label":" ","price":3.06},{"type":"B","date":"2018-05-02T03:15:34.000Z","volume":1000,"label":" ","price":3.06},{"type":"A","date":"2018-05-02T03:42:33.000Z","volume":2000,"label":" ","price":3.07},{"type":"A","date":"2018-05-02T03:43:07.000Z","volume":14000,"label":" ","price":3.08},{"type":"B","date":"2018-05-02T03:43:07.000Z","volume":1000,"label":" ","price":3.07},{"type":"B","date":"2018-05-02T03:43:22.000Z","volume":4000,"label":" ","price":3.06},{"type":"A","date":"2018-05-02T03:50:01.000Z","volume":2000,"label":" ","price":3.08},{"type":"A","date":"2018-05-02T03:56:11.000Z","volume":25000,"label":" ","price":3.08},{"type":"A","date":"2018-05-02T03:56:11.000Z","volume":1000,"label":" ","price":3.08},{"type":"B","date":"2018-05-02T03:56:11.000Z","volume":6000,"label":" ","price":3.07},{"type":"B","date":"2018-05-02T03:56:11.000Z","volume":1000,"label":" ","price":3.07},{"type":"B","date":"2018-05-02T03:56:11.000Z","volume":1000,"label":" ","price":3.07},{"type":"B","date":"2018-05-02T03:56:11.000Z","volume":1000,"label":" ","price":3.07},{"type":"B","date":"2018-05-02T05:00:05.000Z","volume":1000,"label":" ","price":3.07},{"type":"B","date":"2018-05-02T05:16:38.000Z","volume":4000,"label":" ","price":3.07},{"type":"B","date":"2018-05-02T05:16:47.000Z","volume":1000,"label":" ","price":3.06},{"type":"A","date":"2018-05-02T05:26:36.000Z","volume":10000,"label":" ","price":3.07},{"type":"B","date":"2018-05-02T05:26:37.000Z","volume":1000,"label":" ","price":3.06},{"type":"B","date":"2018-05-02T05:26:47.000Z","volume":1000,"label":" ","price":3.06},{"type":"B","date":"2018-05-02T05:26:47.000Z","volume":1000,"label":" ","price":3.06},{"type":"B","date":"2018-05-02T05:26:47.000Z","volume":1000,"label":" ","price":3.06},{"type":"A","date":"2018-05-02T05:27:26.000Z","volume":35000,"label":" ","price":3.07},{"type":"B","date":"2018-05-02T05:27:26.000Z","volume":7000,"label":" ","price":3.06},{"type":"B","date":"2018-05-02T05:27:26.000Z","volume":1000,"label":" ","price":3.06},{"type":"B","date":"2018-05-02T05:27:26.000Z","volume":1000,"label":" ","price":3.06},{"type":"A","date":"2018-05-02T05:27:36.000Z","volume":4000,"label":" ","price":3.07},{"type":"B","date":"2018-05-02T05:27:37.000Z","volume":1000,"label":" ","price":3.06},{"type":"B","date":"2018-05-02T05:42:13.000Z","volume":46000,"label":" ","price":3.06},{"type":"B","date":"2018-05-02T05:42:14.000Z","volume":8000,"label":" ","price":3.06},{"type":"B","date":"2018-05-02T05:42:14.000Z","volume":6000,"label":" ","price":3.06},{"type":"B","date":"2018-05-02T05:42:14.000Z","volume":1000,"label":" ","price":3.06},{"type":"A","date":"2018-05-02T05:42:18.000Z","volume":6000,"label":" ","price":3.07},{"type":"B","date":"2018-05-02T06:05:43.000Z","volume":3000,"label":" ","price":3.08},{"type":"B","date":"2018-05-02T06:13:37.000Z","volume":7000,"label":" ","price":3.07},{"type":"B","date":"2018-05-02T06:13:47.000Z","volume":1000,"label":" ","price":3.07},{"type":"B","date":"2018-05-02T06:25:27.000Z","volume":1000,"label":" ","price":3.07},{"type":"B","date":"2018-05-02T06:25:28.000Z","volume":1000,"label":" ","price":3.07},{"type":"B","date":"2018-05-02T06:25:32.000Z","volume":1000,"label":" ","price":3.07},{"type":"B","date":"2018-05-02T06:26:22.000Z","volume":18000,"label":" ","price":3.07},{"type":"B","date":"2018-05-02T06:26:23.000Z","volume":3000,"label":" ","price":3.06},{"type":"B","date":"2018-05-02T06:26:32.000Z","volume":1000,"label":" ","price":3.06},{"type":"A","date":"2018-05-02T06:31:04.000Z","volume":6000,"label":" ","price":3.07},{"type":"A","date":"2018-05-02T06:31:04.000Z","volume":4000,"label":" ","price":3.08},{"type":"B","date":"2018-05-02T06:31:05.000Z","volume":1000,"label":" ","price":3.07},{"type":"A","date":"2018-05-02T06:33:31.000Z","volume":1000,"label":"Y","price":3.08},{"type":"A","date":"2018-05-02T06:33:31.000Z","volume":11000,"label":" ","price":3.08},{"type":"B","date":"2018-05-02T06:37:49.000Z","volume":4000,"label":"Y","price":3.08},{"type":"A","date":"2018-05-02T06:38:03.000Z","volume":11000,"label":" ","price":3.08},{"type":"A","date":"2018-05-02T06:38:03.000Z","volume":13000,"label":" ","price":3.09},{"type":"B","date":"2018-05-02T06:38:03.000Z","volume":2000,"label":" ","price":3.09},{"type":"A","date":"2018-05-02T06:39:37.000Z","volume":3000,"label":" ","price":3.09},{"type":"B","date":"2018-05-02T06:39:38.000Z","volume":1000,"label":" ","price":3.07},{"type":"B","date":"2018-05-02T06:40:23.000Z","volume":6000,"label":" ","price":3.07},{"type":"B","date":"2018-05-02T06:40:24.000Z","volume":1000,"label":" ","price":3.07},{"type":"B","date":"2018-05-02T06:47:42.000Z","volume":1000,"label":" ","price":3.08},{"type":"A","date":"2018-05-02T06:47:42.000Z","volume":4000,"label":" ","price":3.09},{"type":"B","date":"2018-05-02T06:47:43.000Z","volume":1000,"label":" ","price":3.08},{"type":"A","date":"2018-05-02T06:50:59.000Z","volume":1000,"label":"Y","price":3.1},{"type":"A","date":"2018-05-02T06:50:59.000Z","volume":29000,"label":" ","price":3.1},{"type":"B","date":"2018-05-02T06:51:00.000Z","volume":2000,"label":" ","price":3.09},{"type":"B","date":"2018-05-02T06:51:00.000Z","volume":7000,"label":" ","price":3.08},{"type":"B","date":"2018-05-02T06:51:01.000Z","volume":6000,"label":" ","price":3.08},{"type":"A","date":"2018-05-02T06:51:17.000Z","volume":3000,"label":" ","price":3.1},{"type":"B","date":"2018-05-02T06:51:17.000Z","volume":1000,"label":" ","price":3.07},{"type":"A","date":"2018-05-02T07:00:35.000Z","volume":3000,"label":" ","price":3.09},{"type":"B","date":"2018-05-02T07:00:36.000Z","volume":1000,"label":" ","price":3.08},{"type":"B","date":"2018-05-02T07:03:27.000Z","volume":1000,"label":" ","price":3.08},{"type":"B","date":"2018-05-02T07:05:56.000Z","volume":1000,"label":" ","price":3.08},{"type":"B","date":"2018-05-02T07:07:26.000Z","volume":5000,"label":" ","price":3.08},{"type":"B","date":"2018-05-02T07:07:27.000Z","volume":1000,"label":" ","price":3.07},{"type":"B","date":"2018-05-02T07:07:32.000Z","volume":1000,"label":" ","price":3.07},{"type":"B","date":"2018-05-02T07:11:33.000Z","volume":1000,"label":" ","price":3.07},{"type":"B","date":"2018-05-02T07:13:17.000Z","volume":1000,"label":" ","price":3.07},{"type":"A","date":"2018-05-02T07:23:45.000Z","volume":10000,"label":" ","price":3.08},{"type":"B","date":"2018-05-02T07:23:45.000Z","volume":1000,"label":" ","price":3.07},{"type":"B","date":"2018-05-02T07:23:45.000Z","volume":5000,"label":" ","price":3.07},{"type":"B","date":"2018-05-02T07:23:46.000Z","volume":1000,"label":" ","price":3.07},{"type":"B","date":"2018-05-02T07:25:45.000Z","volume":1000,"label":"Y","price":3.07},{"type":"B","date":"2018-05-02T07:25:45.000Z","volume":1000,"label":" ","price":3.07},{"type":"A","date":"2018-05-02T07:32:57.000Z","volume":2000,"label":" ","price":3.08},{"type":"B","date":"2018-05-02T07:36:02.000Z","volume":2000,"label":" ","price":3.07},{"type":"B","date":"2018-05-02T07:36:02.000Z","volume":1000,"label":" ","price":3.07},{"type":"A","date":"2018-05-02T07:52:23.000Z","volume":4000,"label":" ","price":3.08},{"type":"B","date":"2018-05-02T07:52:24.000Z","volume":1000,"label":" ","price":3.07},{"type":"B","date":"2018-05-02T07:52:32.000Z","volume":1000,"label":" ","price":3.07},{"type":"B","date":"2018-05-02T07:52:32.000Z","volume":1000,"label":" ","price":3.07},{"type":"A","date":"2018-05-02T07:52:39.000Z","volume":3000,"label":" ","price":3.08},{"type":"B","date":"2018-05-02T07:53:15.000Z","volume":1000,"label":"Y","price":3.07},{"type":"B","date":"2018-05-02T07:53:16.000Z","volume":1000,"label":" ","price":3.07},{"type":"B","date":"2018-05-02T07:53:17.000Z","volume":1000,"label":" ","price":3.07},{"type":"B","date":"2018-05-02T07:53:58.000Z","volume":2000,"label":" ","price":3.07},{"type":"B","date":"2018-05-02T07:54:27.000Z","volume":10000,"label":" ","price":3.07},{"type":"B","date":"2018-05-02T07:54:28.000Z","volume":2000,"label":" ","price":3.07},{"type":"B","date":"2018-05-02T07:54:32.000Z","volume":1000,"label":" ","price":3.07},{"type":"B","date":"2018-05-02T07:55:25.000Z","volume":5000,"label":" ","price":3.07},{"type":"B","date":"2018-05-02T07:55:26.000Z","volume":1000,"label":" ","price":3.06},{"type":"A","date":"2018-05-02T07:55:26.000Z","volume":3000,"label":" ","price":3.07},{"type":"B","date":"2018-05-02T07:57:32.000Z","volume":4000,"label":" ","price":3.06},{"type":"B","date":"2018-05-02T07:57:32.000Z","volume":1000,"label":" ","price":3.06},{"type":"B","date":"2018-05-02T07:57:32.000Z","volume":1000,"label":" ","price":3.06},{"type":"A","date":"2018-05-02T07:59:27.000Z","volume":4000,"label":" ","price":3.08},{"type":"B","date":"2018-05-02T07:59:28.000Z","volume":1000,"label":" ","price":3.06},{"type":"B","date":"2018-05-02T07:59:30.000Z","volume":1000,"label":" ","price":3.06},{"type":"A","date":"2018-05-02T07:59:51.000Z","volume":27000,"label":" ","price":3.08},{"type":"A","date":"2018-05-02T07:59:51.000Z","volume":193000,"label":" ","price":3.09},{"type":"A","date":"2018-05-02T07:59:51.000Z","volume":42000,"label":" ","price":3.09},{"type":"A","date":"2018-05-02T07:59:51.000Z","volume":3000,"label":" ","price":3.09},{"type":"A","date":"2018-05-02T07:59:51.000Z","volume":1000,"label":" ","price":3.09},{"type":"A","date":"2018-05-02T07:59:51.000Z","volume":6000,"label":" ","price":3.09},{"type":"A","date":"2018-05-02T07:59:51.000Z","volume":1000,"label":" ","price":3.09},{"type":"A","date":"2018-05-02T07:59:51.000Z","volume":1000,"label":" ","price":3.09},{"type":"B","date":"2018-05-02T07:59:51.000Z","volume":3000,"label":" ","price":3.09},{"type":"B","date":"2018-05-02T07:59:51.000Z","volume":2000,"label":" ","price":3.09},{"type":"A","date":"2018-05-02T07:59:51.000Z","volume":17000,"label":" ","price":3.1},{"type":"B","date":"2018-05-02T07:59:52.000Z","volume":3000,"label":" ","price":3.09},{"type":"B","date":"2018-05-02T07:59:52.000Z","volume":6000,"label":" ","price":3.09},{"type":"B","date":"2018-05-02T07:59:53.000Z","volume":1000,"label":" ","price":3.09},{"type":"B","date":"2018-05-02T07:59:59.000Z","volume":2000,"label":" ","price":3.09}]