[{"type":"U","date":"2018-03-23T01:20:00.000Z","volume":718000,"label":"U","price":1.5},{"type":"A","date":"2018-03-23T01:30:01.000Z","volume":4000,"label":" ","price":1.5},{"type":"B","date":"2018-03-23T01:30:04.000Z","volume":44000,"label":" ","price":1.49},{"type":"B","date":"2018-03-23T01:30:04.000Z","volume":136000,"label":" ","price":1.49},{"type":"B","date":"2018-03-23T01:30:04.000Z","volume":5000,"label":" ","price":1.49},{"type":"A","date":"2018-03-23T01:30:07.000Z","volume":40000,"label":" ","price":1.5},{"type":"A","date":"2018-03-23T01:30:11.000Z","volume":6000,"label":" ","price":1.5},{"type":"B","date":"2018-03-23T01:30:17.000Z","volume":13000,"label":" ","price":1.48},{"type":"A","date":"2018-03-23T01:30:23.000Z","volume":30000,"label":" ","price":1.5},{"type":"A","date":"2018-03-23T01:30:46.000Z","volume":40000,"label":" ","price":1.49},{"type":"A","date":"2018-03-23T01:31:13.000Z","volume":60000,"label":" ","price":1.49},{"type":"B","date":"2018-03-23T01:32:03.000Z","volume":10000,"label":" ","price":1.48},{"type":"B","date":"2018-03-23T01:32:03.000Z","volume":1000,"label":" ","price":1.48},{"type":"B","date":"2018-03-23T01:32:03.000Z","volume":21000,"label":" ","price":1.48},{"type":"B","date":"2018-03-23T01:32:03.000Z","volume":128000,"label":" ","price":1.48},{"type":"B","date":"2018-03-23T01:33:14.000Z","volume":20000,"label":" ","price":1.47},{"type":"B","date":"2018-03-23T01:33:14.000Z","volume":3000,"label":" ","price":1.47},{"type":"A","date":"2018-03-23T01:33:15.000Z","volume":10000,"label":" ","price":1.48},{"type":"B","date":"2018-03-23T01:33:21.000Z","volume":100000,"label":" ","price":1.47},{"type":"B","date":"2018-03-23T01:33:21.000Z","volume":125000,"label":" ","price":1.47},{"type":"U","date":"2018-03-23T01:34:48.000Z","volume":28000,"label":" ","price":1.47},{"type":"U","date":"2018-03-23T01:34:48.000Z","volume":2000,"label":" ","price":1.47},{"type":"B","date":"2018-03-23T01:34:51.000Z","volume":2000,"label":" ","price":1.47},{"type":"B","date":"2018-03-23T01:35:42.000Z","volume":40000,"label":" ","price":1.46},{"type":"A","date":"2018-03-23T01:35:52.000Z","volume":100000,"label":" ","price":1.47},{"type":"A","date":"2018-03-23T01:36:08.000Z","volume":1000,"label":" ","price":1.47},{"type":"A","date":"2018-03-23T01:36:20.000Z","volume":13000,"label":" ","price":1.47},{"type":"A","date":"2018-03-23T01:36:29.000Z","volume":100000,"label":" ","price":1.47},{"type":"A","date":"2018-03-23T01:36:30.000Z","volume":231000,"label":" ","price":1.47},{"type":"A","date":"2018-03-23T01:36:32.000Z","volume":9000,"label":" ","price":1.47},{"type":"B","date":"2018-03-23T01:36:36.000Z","volume":38000,"label":" ","price":1.46},{"type":"B","date":"2018-03-23T01:37:10.000Z","volume":20000,"label":" ","price":1.46},{"type":"A","date":"2018-03-23T01:37:15.000Z","volume":33000,"label":" ","price":1.47},{"type":"A","date":"2018-03-23T01:37:41.000Z","volume":6000,"label":" ","price":1.47},{"type":"A","date":"2018-03-23T01:37:56.000Z","volume":30000,"label":" ","price":1.47},{"type":"B","date":"2018-03-23T01:37:58.000Z","volume":14000,"label":"Y","price":1.46},{"type":"B","date":"2018-03-23T01:37:58.000Z","volume":455000,"label":" ","price":1.46},{"type":"A","date":"2018-03-23T01:38:03.000Z","volume":3000,"label":" ","price":1.47},{"type":"A","date":"2018-03-23T01:38:26.000Z","volume":20000,"label":" ","price":1.47},{"type":"A","date":"2018-03-23T01:38:36.000Z","volume":20000,"label":" ","price":1.47},{"type":"A","date":"2018-03-23T01:38:56.000Z","volume":30000,"label":" ","price":1.47},{"type":"A","date":"2018-03-23T01:39:13.000Z","volume":100000,"label":" ","price":1.47},{"type":"A","date":"2018-03-23T01:39:23.000Z","volume":50000,"label":" ","price":1.47},{"type":"A","date":"2018-03-23T01:39:41.000Z","volume":40000,"label":" ","price":1.47},{"type":"A","date":"2018-03-23T01:39:44.000Z","volume":2000,"label":" ","price":1.47},{"type":"A","date":"2018-03-23T01:39:46.000Z","volume":300000,"label":" ","price":1.47},{"type":"A","date":"2018-03-23T01:39:50.000Z","volume":429000,"label":" ","price":1.47},{"type":"A","date":"2018-03-23T01:39:50.000Z","volume":71000,"label":" ","price":1.47},{"type":"B","date":"2018-03-23T01:39:56.000Z","volume":25000,"label":" ","price":1.47},{"type":"B","date":"2018-03-23T01:39:56.000Z","volume":95000,"label":" ","price":1.46},{"type":"U","date":"2018-03-23T01:40:22.000Z","volume":10000,"label":" ","price":1.47},{"type":"U","date":"2018-03-23T01:41:00.000Z","volume":20000,"label":" ","price":1.47},{"type":"A","date":"2018-03-23T01:41:04.000Z","volume":20000,"label":" ","price":1.48},{"type":"A","date":"2018-03-23T01:41:19.000Z","volume":100000,"label":" ","price":1.47},{"type":"A","date":"2018-03-23T01:41:58.000Z","volume":40000,"label":" ","price":1.47},{"type":"A","date":"2018-03-23T01:42:00.000Z","volume":18000,"label":" ","price":1.47},{"type":"A","date":"2018-03-23T01:42:08.000Z","volume":50000,"label":" ","price":1.47},{"type":"A","date":"2018-03-23T01:42:15.000Z","volume":20000,"label":" ","price":1.47},{"type":"B","date":"2018-03-23T01:42:19.000Z","volume":30000,"label":" ","price":1.46},{"type":"B","date":"2018-03-23T01:42:35.000Z","volume":10000,"label":" ","price":1.46},{"type":"A","date":"2018-03-23T01:42:47.000Z","volume":16000,"label":" ","price":1.47},{"type":"B","date":"2018-03-23T01:42:50.000Z","volume":10000,"label":"Y","price":1.46},{"type":"A","date":"2018-03-23T01:43:05.000Z","volume":10000,"label":" ","price":1.47},{"type":"A","date":"2018-03-23T01:43:12.000Z","volume":50000,"label":" ","price":1.47},{"type":"A","date":"2018-03-23T01:44:19.000Z","volume":10000,"label":" ","price":1.47},{"type":"A","date":"2018-03-23T01:45:35.000Z","volume":2000,"label":" ","price":1.47},{"type":"A","date":"2018-03-23T01:46:11.000Z","volume":10000,"label":" ","price":1.47},{"type":"B","date":"2018-03-23T01:50:57.000Z","volume":10000,"label":" ","price":1.46},{"type":"B","date":"2018-03-23T01:51:00.000Z","volume":17000,"label":" ","price":1.46},{"type":"A","date":"2018-03-23T01:51:24.000Z","volume":20000,"label":" ","price":1.47},{"type":"B","date":"2018-03-23T01:51:33.000Z","volume":10000,"label":" ","price":1.46},{"type":"A","date":"2018-03-23T01:51:55.000Z","volume":10000,"label":" ","price":1.47},{"type":"B","date":"2018-03-23T01:52:27.000Z","volume":21000,"label":" ","price":1.46},{"type":"A","date":"2018-03-23T01:52:29.000Z","volume":3000,"label":" ","price":1.47},{"type":"B","date":"2018-03-23T01:52:33.000Z","volume":100000,"label":" ","price":1.46},{"type":"A","date":"2018-03-23T01:52:35.000Z","volume":25000,"label":" ","price":1.47},{"type":"A","date":"2018-03-23T01:52:40.000Z","volume":246000,"label":" ","price":1.47},{"type":"A","date":"2018-03-23T01:53:07.000Z","volume":8000,"label":" ","price":1.47},{"type":"A","date":"2018-03-23T01:53:38.000Z","volume":200000,"label":" ","price":1.47},{"type":"B","date":"2018-03-23T01:53:39.000Z","volume":1000,"label":" ","price":1.46},{"type":"A","date":"2018-03-23T01:53:44.000Z","volume":100000,"label":" ","price":1.47},{"type":"B","date":"2018-03-23T01:53:55.000Z","volume":2000,"label":" ","price":1.46},{"type":"A","date":"2018-03-23T01:53:58.000Z","volume":30000,"label":"Y","price":1.47},{"type":"A","date":"2018-03-23T01:54:28.000Z","volume":60000,"label":" ","price":1.47},{"type":"B","date":"2018-03-23T01:54:29.000Z","volume":21000,"label":" ","price":1.46},{"type":"A","date":"2018-03-23T01:54:34.000Z","volume":100000,"label":" ","price":1.47},{"type":"A","date":"2018-03-23T01:54:36.000Z","volume":1000,"label":" ","price":1.47},{"type":"A","date":"2018-03-23T01:56:10.000Z","volume":8000,"label":" ","price":1.47},{"type":"A","date":"2018-03-23T01:56:25.000Z","volume":20000,"label":"Y","price":1.47},{"type":"A","date":"2018-03-23T01:56:48.000Z","volume":20000,"label":" ","price":1.47},{"type":"A","date":"2018-03-23T01:57:16.000Z","volume":6000,"label":" ","price":1.47},{"type":"A","date":"2018-03-23T01:57:28.000Z","volume":200000,"label":" ","price":1.47},{"type":"A","date":"2018-03-23T01:57:30.000Z","volume":100000,"label":" ","price":1.47},{"type":"A","date":"2018-03-23T01:57:38.000Z","volume":10000,"label":" ","price":1.47},{"type":"A","date":"2018-03-23T01:57:44.000Z","volume":10000,"label":" ","price":1.47},{"type":"A","date":"2018-03-23T01:57:46.000Z","volume":150000,"label":" ","price":1.47},{"type":"A","date":"2018-03-23T01:57:51.000Z","volume":50000,"label":" ","price":1.47},{"type":"A","date":"2018-03-23T01:57:52.000Z","volume":9000,"label":"Y","price":1.47},{"type":"A","date":"2018-03-23T01:57:55.000Z","volume":37000,"label":" ","price":1.47},{"type":"A","date":"2018-03-23T01:57:55.000Z","volume":1000,"label":"Y","price":1.47},{"type":"A","date":"2018-03-23T01:57:56.000Z","volume":177000,"label":" ","price":1.47},{"type":"B","date":"2018-03-23T01:57:59.000Z","volume":21000,"label":" ","price":1.47},{"type":"B","date":"2018-03-23T01:58:05.000Z","volume":10000,"label":" ","price":1.47},{"type":"B","date":"2018-03-23T01:58:05.000Z","volume":2000,"label":" ","price":1.47},{"type":"B","date":"2018-03-23T01:58:05.000Z","volume":10000,"label":" ","price":1.47},{"type":"B","date":"2018-03-23T01:58:53.000Z","volume":1000,"label":"Y","price":1.47},{"type":"B","date":"2018-03-23T01:58:53.000Z","volume":9000,"label":" ","price":1.47},{"type":"A","date":"2018-03-23T02:00:31.000Z","volume":61000,"label":" ","price":1.48},{"type":"B","date":"2018-03-23T02:01:15.000Z","volume":2000,"label":" ","price":1.47},{"type":"B","date":"2018-03-23T02:02:33.000Z","volume":30000,"label":" ","price":1.47},{"type":"A","date":"2018-03-23T02:02:48.000Z","volume":487000,"label":" ","price":1.48},{"type":"B","date":"2018-03-23T02:02:53.000Z","volume":21000,"label":" ","price":1.48},{"type":"B","date":"2018-03-23T02:02:59.000Z","volume":10000,"label":" ","price":1.48},{"type":"B","date":"2018-03-23T02:04:49.000Z","volume":5000,"label":" ","price":1.48},{"type":"B","date":"2018-03-23T02:05:53.000Z","volume":10000,"label":" ","price":1.48},{"type":"A","date":"2018-03-23T02:06:08.000Z","volume":9000,"label":" ","price":1.49},{"type":"A","date":"2018-03-23T02:09:21.000Z","volume":18000,"label":" ","price":1.49},{"type":"A","date":"2018-03-23T02:09:42.000Z","volume":8000,"label":" ","price":1.49},{"type":"A","date":"2018-03-23T02:10:13.000Z","volume":2000,"label":" ","price":1.49},{"type":"A","date":"2018-03-23T02:10:18.000Z","volume":13000,"label":" ","price":1.49},{"type":"B","date":"2018-03-23T02:10:42.000Z","volume":100000,"label":" ","price":1.48},{"type":"A","date":"2018-03-23T02:11:55.000Z","volume":20000,"label":" ","price":1.49},{"type":"A","date":"2018-03-23T02:11:59.000Z","volume":7000,"label":" ","price":1.49},{"type":"A","date":"2018-03-23T02:12:12.000Z","volume":4000,"label":" ","price":1.49},{"type":"A","date":"2018-03-23T02:13:07.000Z","volume":1000,"label":" ","price":1.49},{"type":"A","date":"2018-03-23T02:13:09.000Z","volume":3000,"label":" ","price":1.49},{"type":"A","date":"2018-03-23T02:13:30.000Z","volume":6000,"label":" ","price":1.49},{"type":"A","date":"2018-03-23T02:13:59.000Z","volume":1000,"label":" ","price":1.49},{"type":"A","date":"2018-03-23T02:15:02.000Z","volume":1000,"label":" ","price":1.49},{"type":"A","date":"2018-03-23T02:15:19.000Z","volume":4000,"label":" ","price":1.49},{"type":"A","date":"2018-03-23T02:16:06.000Z","volume":2000,"label":" ","price":1.49},{"type":"B","date":"2018-03-23T02:17:53.000Z","volume":450000,"label":" ","price":1.48},{"type":"B","date":"2018-03-23T02:18:00.000Z","volume":5000,"label":" ","price":1.48},{"type":"A","date":"2018-03-23T02:18:11.000Z","volume":33000,"label":" ","price":1.49},{"type":"A","date":"2018-03-23T02:18:31.000Z","volume":24000,"label":" ","price":1.49},{"type":"A","date":"2018-03-23T02:19:09.000Z","volume":3000,"label":" ","price":1.49},{"type":"B","date":"2018-03-23T02:19:51.000Z","volume":1000,"label":" ","price":1.48},{"type":"B","date":"2018-03-23T02:19:51.000Z","volume":1000,"label":" ","price":1.48},{"type":"B","date":"2018-03-23T02:21:08.000Z","volume":8000,"label":" ","price":1.48},{"type":"B","date":"2018-03-23T02:25:21.000Z","volume":1000,"label":" ","price":1.48},{"type":"B","date":"2018-03-23T02:26:33.000Z","volume":10000,"label":" ","price":1.48},{"type":"A","date":"2018-03-23T02:27:18.000Z","volume":15000,"label":" ","price":1.49},{"type":"U","date":"2018-03-23T02:27:41.000Z","volume":9000,"label":"X","price":1.485},{"type":"A","date":"2018-03-23T02:28:05.000Z","volume":8000,"label":" ","price":1.49},{"type":"A","date":"2018-03-23T02:29:11.000Z","volume":2000,"label":" ","price":1.49},{"type":"A","date":"2018-03-23T02:29:47.000Z","volume":10000,"label":" ","price":1.49},{"type":"B","date":"2018-03-23T02:30:06.000Z","volume":1000,"label":" ","price":1.48},{"type":"B","date":"2018-03-23T02:30:06.000Z","volume":1000,"label":" ","price":1.48},{"type":"A","date":"2018-03-23T02:30:17.000Z","volume":8000,"label":" ","price":1.49},{"type":"B","date":"2018-03-23T02:30:39.000Z","volume":8000,"label":" ","price":1.48},{"type":"U","date":"2018-03-23T02:30:39.000Z","volume":1000,"label":"X","price":1.485},{"type":"A","date":"2018-03-23T02:30:54.000Z","volume":1000,"label":" ","price":1.49},{"type":"B","date":"2018-03-23T02:31:25.000Z","volume":20000,"label":" ","price":1.48},{"type":"B","date":"2018-03-23T02:32:09.000Z","volume":7000,"label":" ","price":1.48},{"type":"A","date":"2018-03-23T02:32:11.000Z","volume":11000,"label":" ","price":1.49},{"type":"A","date":"2018-03-23T02:32:22.000Z","volume":1000,"label":" ","price":1.49},{"type":"A","date":"2018-03-23T02:33:18.000Z","volume":11000,"label":"Y","price":1.49},{"type":"A","date":"2018-03-23T02:33:18.000Z","volume":9000,"label":" ","price":1.49},{"type":"A","date":"2018-03-23T02:33:52.000Z","volume":1000,"label":" ","price":1.49},{"type":"A","date":"2018-03-23T02:34:03.000Z","volume":4000,"label":" ","price":1.49},{"type":"A","date":"2018-03-23T02:34:04.000Z","volume":16000,"label":" ","price":1.49},{"type":"A","date":"2018-03-23T02:35:19.000Z","volume":2000,"label":" ","price":1.49},{"type":"A","date":"2018-03-23T02:35:20.000Z","volume":1000,"label":" ","price":1.49},{"type":"A","date":"2018-03-23T02:35:27.000Z","volume":20000,"label":" ","price":1.49},{"type":"A","date":"2018-03-23T02:35:54.000Z","volume":1000,"label":" ","price":1.49},{"type":"B","date":"2018-03-23T02:36:09.000Z","volume":7000,"label":" ","price":1.48},{"type":"A","date":"2018-03-23T02:36:48.000Z","volume":1000,"label":" ","price":1.49},{"type":"A","date":"2018-03-23T02:37:45.000Z","volume":2000,"label":" ","price":1.49},{"type":"B","date":"2018-03-23T02:38:06.000Z","volume":1000,"label":" ","price":1.48},{"type":"B","date":"2018-03-23T02:38:06.000Z","volume":1000,"label":" ","price":1.48},{"type":"B","date":"2018-03-23T02:38:06.000Z","volume":1000,"label":" ","price":1.48},{"type":"A","date":"2018-03-23T02:38:16.000Z","volume":1000,"label":" ","price":1.49},{"type":"A","date":"2018-03-23T02:39:45.000Z","volume":42000,"label":" ","price":1.49},{"type":"A","date":"2018-03-23T02:39:46.000Z","volume":1000,"label":" ","price":1.49},{"type":"A","date":"2018-03-23T02:40:03.000Z","volume":14000,"label":" ","price":1.49},{"type":"B","date":"2018-03-23T02:40:09.000Z","volume":6000,"label":" ","price":1.48},{"type":"U","date":"2018-03-23T02:40:11.000Z","volume":10000,"label":"X","price":1.49},{"type":"A","date":"2018-03-23T02:40:13.000Z","volume":3000,"label":" ","price":1.49},{"type":"A","date":"2018-03-23T02:41:14.000Z","volume":1000,"label":" ","price":1.49},{"type":"A","date":"2018-03-23T02:41:59.000Z","volume":2000,"label":" ","price":1.49},{"type":"A","date":"2018-03-23T02:42:44.000Z","volume":1000,"label":" ","price":1.49},{"type":"A","date":"2018-03-23T02:42:50.000Z","volume":1000,"label":" ","price":1.49},{"type":"A","date":"2018-03-23T02:42:54.000Z","volume":1000,"label":" ","price":1.49},{"type":"B","date":"2018-03-23T02:43:09.000Z","volume":1000,"label":" ","price":1.48},{"type":"B","date":"2018-03-23T02:44:11.000Z","volume":1000,"label":" ","price":1.48},{"type":"A","date":"2018-03-23T02:44:12.000Z","volume":1000,"label":"Y","price":1.49},{"type":"B","date":"2018-03-23T02:44:37.000Z","volume":50000,"label":" ","price":1.48},{"type":"B","date":"2018-03-23T02:45:09.000Z","volume":10000,"label":" ","price":1.48},{"type":"A","date":"2018-03-23T02:45:18.000Z","volume":2000,"label":" ","price":1.49},{"type":"A","date":"2018-03-23T02:45:40.000Z","volume":1000,"label":" ","price":1.49},{"type":"B","date":"2018-03-23T02:45:59.000Z","volume":1000,"label":" ","price":1.48},{"type":"B","date":"2018-03-23T02:46:49.000Z","volume":16000,"label":" ","price":1.48},{"type":"A","date":"2018-03-23T02:47:08.000Z","volume":1000,"label":" ","price":1.49},{"type":"B","date":"2018-03-23T02:47:36.000Z","volume":1000,"label":" ","price":1.48},{"type":"B","date":"2018-03-23T02:47:36.000Z","volume":1000,"label":" ","price":1.48},{"type":"B","date":"2018-03-23T02:47:36.000Z","volume":1000,"label":" ","price":1.48},{"type":"A","date":"2018-03-23T02:48:38.000Z","volume":1000,"label":" ","price":1.49},{"type":"B","date":"2018-03-23T02:48:50.000Z","volume":1000,"label":" ","price":1.48},{"type":"A","date":"2018-03-23T02:50:06.000Z","volume":1000,"label":" ","price":1.49},{"type":"A","date":"2018-03-23T02:50:14.000Z","volume":1000,"label":" ","price":1.49},{"type":"A","date":"2018-03-23T02:51:08.000Z","volume":5000,"label":" ","price":1.49},{"type":"B","date":"2018-03-23T02:51:21.000Z","volume":17000,"label":" ","price":1.48},{"type":"A","date":"2018-03-23T02:51:36.000Z","volume":1000,"label":" ","price":1.49},{"type":"B","date":"2018-03-23T02:51:50.000Z","volume":1000,"label":" ","price":1.48},{"type":"B","date":"2018-03-23T02:52:53.000Z","volume":20000,"label":" ","price":1.48},{"type":"A","date":"2018-03-23T02:53:00.000Z","volume":7000,"label":"Y","price":1.49},{"type":"A","date":"2018-03-23T02:53:00.000Z","volume":33000,"label":" ","price":1.49},{"type":"A","date":"2018-03-23T02:53:04.000Z","volume":1000,"label":" ","price":1.49},{"type":"B","date":"2018-03-23T02:54:24.000Z","volume":100000,"label":" ","price":1.48},{"type":"B","date":"2018-03-23T02:54:30.000Z","volume":10000,"label":" ","price":1.48},{"type":"A","date":"2018-03-23T02:54:32.000Z","volume":1000,"label":" ","price":1.49},{"type":"B","date":"2018-03-23T02:55:02.000Z","volume":1000,"label":" ","price":1.48},{"type":"B","date":"2018-03-23T02:55:10.000Z","volume":6000,"label":" ","price":1.48},{"type":"A","date":"2018-03-23T02:55:14.000Z","volume":6000,"label":" ","price":1.49},{"type":"B","date":"2018-03-23T02:55:47.000Z","volume":11000,"label":" ","price":1.48},{"type":"A","date":"2018-03-23T02:56:00.000Z","volume":1000,"label":" ","price":1.49},{"type":"A","date":"2018-03-23T02:57:30.000Z","volume":1000,"label":" ","price":1.49},{"type":"A","date":"2018-03-23T02:58:24.000Z","volume":86000,"label":" ","price":1.49},{"type":"A","date":"2018-03-23T02:58:25.000Z","volume":4000,"label":" ","price":1.49},{"type":"B","date":"2018-03-23T02:58:32.000Z","volume":1000,"label":" ","price":1.48},{"type":"A","date":"2018-03-23T02:58:58.000Z","volume":1000,"label":" ","price":1.49},{"type":"A","date":"2018-03-23T03:00:18.000Z","volume":3000,"label":" ","price":1.49},{"type":"A","date":"2018-03-23T03:00:19.000Z","volume":1000,"label":" ","price":1.49},{"type":"A","date":"2018-03-23T03:00:25.000Z","volume":2000,"label":" ","price":1.49},{"type":"A","date":"2018-03-23T03:00:26.000Z","volume":1000,"label":" ","price":1.49},{"type":"A","date":"2018-03-23T03:00:40.000Z","volume":2000,"label":" ","price":1.49},{"type":"A","date":"2018-03-23T03:01:01.000Z","volume":60000,"label":" ","price":1.49},{"type":"A","date":"2018-03-23T03:01:05.000Z","volume":2000,"label":" ","price":1.49},{"type":"A","date":"2018-03-23T03:01:10.000Z","volume":4000,"label":" ","price":1.49},{"type":"A","date":"2018-03-23T03:01:10.000Z","volume":4000,"label":" ","price":1.49},{"type":"A","date":"2018-03-23T03:01:55.000Z","volume":8000,"label":" ","price":1.49},{"type":"A","date":"2018-03-23T03:01:56.000Z","volume":1000,"label":" ","price":1.49},{"type":"A","date":"2018-03-23T03:02:04.000Z","volume":10000,"label":" ","price":1.49},{"type":"A","date":"2018-03-23T03:02:05.000Z","volume":3000,"label":" ","price":1.49},{"type":"A","date":"2018-03-23T03:02:10.000Z","volume":1000,"label":" ","price":1.49},{"type":"B","date":"2018-03-23T03:02:14.000Z","volume":1000,"label":" ","price":1.48},{"type":"B","date":"2018-03-23T03:02:21.000Z","volume":1000,"label":" ","price":1.48},{"type":"B","date":"2018-03-23T03:02:21.000Z","volume":1000,"label":" ","price":1.48},{"type":"B","date":"2018-03-23T03:02:21.000Z","volume":1000,"label":" ","price":1.48},{"type":"A","date":"2018-03-23T03:02:40.000Z","volume":3000,"label":" ","price":1.49},{"type":"A","date":"2018-03-23T03:02:40.000Z","volume":4000,"label":" ","price":1.49},{"type":"B","date":"2018-03-23T03:03:10.000Z","volume":6000,"label":" ","price":1.48},{"type":"A","date":"2018-03-23T03:03:11.000Z","volume":2000,"label":" ","price":1.49},{"type":"A","date":"2018-03-23T03:03:24.000Z","volume":1000,"label":" ","price":1.49},{"type":"A","date":"2018-03-23T03:04:18.000Z","volume":1000,"label":" ","price":1.49},{"type":"A","date":"2018-03-23T03:04:52.000Z","volume":1000,"label":" ","price":1.49},{"type":"A","date":"2018-03-23T03:04:52.000Z","volume":1000,"label":" ","price":1.49},{"type":"A","date":"2018-03-23T03:05:10.000Z","volume":4000,"label":" ","price":1.49},{"type":"A","date":"2018-03-23T03:06:07.000Z","volume":3000,"label":" ","price":1.49},{"type":"A","date":"2018-03-23T03:06:10.000Z","volume":1000,"label":" ","price":1.49},{"type":"A","date":"2018-03-23T03:06:20.000Z","volume":1000,"label":"Y","price":1.49},{"type":"B","date":"2018-03-23T03:06:35.000Z","volume":1000,"label":" ","price":1.48},{"type":"A","date":"2018-03-23T03:07:50.000Z","volume":1000,"label":"Y","price":1.49},{"type":"A","date":"2018-03-23T03:08:31.000Z","volume":10000,"label":" ","price":1.49},{"type":"A","date":"2018-03-23T03:08:37.000Z","volume":36000,"label":" ","price":1.49},{"type":"A","date":"2018-03-23T03:09:07.000Z","volume":2000,"label":" ","price":1.49},{"type":"A","date":"2018-03-23T03:09:18.000Z","volume":1000,"label":" ","price":1.49},{"type":"A","date":"2018-03-23T03:10:07.000Z","volume":9000,"label":" ","price":1.49},{"type":"A","date":"2018-03-23T03:10:16.000Z","volume":2000,"label":" ","price":1.49},{"type":"A","date":"2018-03-23T03:10:46.000Z","volume":1000,"label":" ","price":1.49},{"type":"A","date":"2018-03-23T03:11:16.000Z","volume":1000,"label":" ","price":1.49},{"type":"B","date":"2018-03-23T03:11:17.000Z","volume":1000,"label":" ","price":1.48},{"type":"A","date":"2018-03-23T03:12:16.000Z","volume":1000,"label":" ","price":1.49},{"type":"B","date":"2018-03-23T03:12:53.000Z","volume":8000,"label":" ","price":1.48},{"type":"U","date":"2018-03-23T03:13:02.000Z","volume":1000,"label":"X","price":1.485},{"type":"A","date":"2018-03-23T03:13:44.000Z","volume":1000,"label":" ","price":1.49},{"type":"A","date":"2018-03-23T03:14:37.000Z","volume":8000,"label":" ","price":1.49},{"type":"A","date":"2018-03-23T03:15:12.000Z","volume":1000,"label":" ","price":1.49},{"type":"A","date":"2018-03-23T03:15:18.000Z","volume":1000,"label":" ","price":1.49},{"type":"B","date":"2018-03-23T03:16:11.000Z","volume":5000,"label":" ","price":1.48},{"type":"B","date":"2018-03-23T03:16:20.000Z","volume":1000,"label":" ","price":1.48},{"type":"B","date":"2018-03-23T03:16:39.000Z","volume":10000,"label":" ","price":1.48},{"type":"A","date":"2018-03-23T03:16:42.000Z","volume":1000,"label":" ","price":1.49},{"type":"B","date":"2018-03-23T03:17:55.000Z","volume":10000,"label":" ","price":1.48},{"type":"A","date":"2018-03-23T03:18:10.000Z","volume":1000,"label":"Y","price":1.49},{"type":"A","date":"2018-03-23T03:19:30.000Z","volume":1000,"label":"Y","price":1.49},{"type":"B","date":"2018-03-23T03:20:41.000Z","volume":5000,"label":" ","price":1.48},{"type":"A","date":"2018-03-23T03:21:27.000Z","volume":10000,"label":" ","price":1.49},{"type":"B","date":"2018-03-23T03:21:31.000Z","volume":1000,"label":" ","price":1.48},{"type":"A","date":"2018-03-23T03:22:10.000Z","volume":1000,"label":"Y","price":1.49},{"type":"B","date":"2018-03-23T03:23:21.000Z","volume":1000,"label":" ","price":1.48},{"type":"B","date":"2018-03-23T03:23:21.000Z","volume":1000,"label":" ","price":1.48},{"type":"B","date":"2018-03-23T03:23:21.000Z","volume":1000,"label":" ","price":1.48},{"type":"B","date":"2018-03-23T03:23:21.000Z","volume":1000,"label":" ","price":1.48},{"type":"A","date":"2018-03-23T03:23:30.000Z","volume":1000,"label":"Y","price":1.49},{"type":"B","date":"2018-03-23T03:23:41.000Z","volume":10000,"label":" ","price":1.48},{"type":"B","date":"2018-03-23T03:24:27.000Z","volume":309000,"label":" ","price":1.48},{"type":"U","date":"2018-03-23T03:24:43.000Z","volume":10000,"label":"X","price":1.485},{"type":"A","date":"2018-03-23T03:25:07.000Z","volume":11000,"label":" ","price":1.49},{"type":"A","date":"2018-03-23T03:25:07.000Z","volume":11000,"label":" ","price":1.49},{"type":"A","date":"2018-03-23T03:25:07.000Z","volume":15000,"label":" ","price":1.49},{"type":"B","date":"2018-03-23T03:25:24.000Z","volume":150000,"label":" ","price":1.48},{"type":"B","date":"2018-03-23T03:25:39.000Z","volume":1000,"label":" ","price":1.48},{"type":"B","date":"2018-03-23T03:26:54.000Z","volume":1000,"label":" ","price":1.48},{"type":"B","date":"2018-03-23T03:27:11.000Z","volume":6000,"label":" ","price":1.48},{"type":"B","date":"2018-03-23T03:27:15.000Z","volume":10000,"label":" ","price":1.48},{"type":"A","date":"2018-03-23T03:27:45.000Z","volume":7000,"label":" ","price":1.49},{"type":"A","date":"2018-03-23T03:27:45.000Z","volume":7000,"label":" ","price":1.49},{"type":"B","date":"2018-03-23T03:31:32.000Z","volume":130000,"label":" ","price":1.48},{"type":"B","date":"2018-03-23T03:32:05.000Z","volume":651000,"label":" ","price":1.48},{"type":"B","date":"2018-03-23T03:32:05.000Z","volume":87000,"label":" ","price":1.48},{"type":"B","date":"2018-03-23T03:32:05.000Z","volume":17000,"label":" ","price":1.48},{"type":"B","date":"2018-03-23T03:32:05.000Z","volume":104000,"label":" ","price":1.48},{"type":"B","date":"2018-03-23T03:32:09.000Z","volume":4000,"label":" ","price":1.48},{"type":"B","date":"2018-03-23T03:32:11.000Z","volume":11000,"label":" ","price":1.48},{"type":"B","date":"2018-03-23T03:32:25.000Z","volume":1000,"label":" ","price":1.48},{"type":"B","date":"2018-03-23T03:32:29.000Z","volume":11000,"label":"Y","price":1.48},{"type":"B","date":"2018-03-23T03:32:29.000Z","volume":108000,"label":" ","price":1.48},{"type":"B","date":"2018-03-23T03:32:30.000Z","volume":7000,"label":" ","price":1.48},{"type":"B","date":"2018-03-23T03:32:31.000Z","volume":1000,"label":" ","price":1.48},{"type":"B","date":"2018-03-23T03:32:36.000Z","volume":1000,"label":" ","price":1.48},{"type":"B","date":"2018-03-23T03:32:36.000Z","volume":1000,"label":" ","price":1.48},{"type":"B","date":"2018-03-23T03:32:36.000Z","volume":1000,"label":" ","price":1.48},{"type":"B","date":"2018-03-23T03:32:36.000Z","volume":1000,"label":" ","price":1.48},{"type":"B","date":"2018-03-23T03:32:36.000Z","volume":1000,"label":" ","price":1.48},{"type":"B","date":"2018-03-23T03:32:44.000Z","volume":297000,"label":" ","price":1.48},{"type":"B","date":"2018-03-23T03:34:14.000Z","volume":50000,"label":"Y","price":1.47},{"type":"B","date":"2018-03-23T03:34:14.000Z","volume":601000,"label":" ","price":1.47},{"type":"B","date":"2018-03-23T03:36:02.000Z","volume":15000,"label":"Y","price":1.47},{"type":"B","date":"2018-03-23T03:36:02.000Z","volume":1543000,"label":" ","price":1.47},{"type":"B","date":"2018-03-23T03:36:02.000Z","volume":7000,"label":" ","price":1.47},{"type":"B","date":"2018-03-23T03:36:02.000Z","volume":7000,"label":" ","price":1.47},{"type":"B","date":"2018-03-23T03:36:02.000Z","volume":11000,"label":" ","price":1.47},{"type":"B","date":"2018-03-23T03:36:02.000Z","volume":7000,"label":" ","price":1.47},{"type":"B","date":"2018-03-23T03:36:02.000Z","volume":11000,"label":" ","price":1.47},{"type":"A","date":"2018-03-23T03:36:03.000Z","volume":2000,"label":" ","price":1.47},{"type":"A","date":"2018-03-23T03:36:09.000Z","volume":105000,"label":" ","price":1.47},{"type":"B","date":"2018-03-23T03:38:27.000Z","volume":1000,"label":" ","price":1.46},{"type":"A","date":"2018-03-23T03:38:49.000Z","volume":5000,"label":" ","price":1.47},{"type":"B","date":"2018-03-23T03:40:33.000Z","volume":5000,"label":" ","price":1.46},{"type":"B","date":"2018-03-23T03:40:49.000Z","volume":50000,"label":" ","price":1.46},{"type":"A","date":"2018-03-23T03:41:20.000Z","volume":10000,"label":" ","price":1.47},{"type":"B","date":"2018-03-23T03:41:37.000Z","volume":6000,"label":" ","price":1.46},{"type":"B","date":"2018-03-23T03:43:15.000Z","volume":18000,"label":" ","price":1.46},{"type":"B","date":"2018-03-23T03:43:42.000Z","volume":8000,"label":" ","price":1.46},{"type":"B","date":"2018-03-23T03:43:49.000Z","volume":1000,"label":" ","price":1.46},{"type":"A","date":"2018-03-23T03:43:50.000Z","volume":10000,"label":" ","price":1.47},{"type":"A","date":"2018-03-23T03:44:17.000Z","volume":30000,"label":" ","price":1.47},{"type":"B","date":"2018-03-23T03:44:42.000Z","volume":8000,"label":" ","price":1.46},{"type":"B","date":"2018-03-23T03:46:12.000Z","volume":7000,"label":" ","price":1.46},{"type":"B","date":"2018-03-23T03:47:12.000Z","volume":9000,"label":" ","price":1.46},{"type":"B","date":"2018-03-23T03:48:12.000Z","volume":7000,"label":" ","price":1.46},{"type":"B","date":"2018-03-23T03:48:34.000Z","volume":20000,"label":" ","price":1.46},{"type":"B","date":"2018-03-23T03:49:12.000Z","volume":7000,"label":" ","price":1.46},{"type":"B","date":"2018-03-23T03:49:26.000Z","volume":1000,"label":" ","price":1.46},{"type":"B","date":"2018-03-23T03:49:28.000Z","volume":7000,"label":" ","price":1.46},{"type":"B","date":"2018-03-23T03:50:12.000Z","volume":7000,"label":" ","price":1.46},{"type":"B","date":"2018-03-23T03:50:42.000Z","volume":7000,"label":" ","price":1.46},{"type":"B","date":"2018-03-23T03:51:00.000Z","volume":2000,"label":" ","price":1.46},{"type":"B","date":"2018-03-23T03:51:42.000Z","volume":7000,"label":" ","price":1.46},{"type":"B","date":"2018-03-23T03:51:49.000Z","volume":52000,"label":" ","price":1.46},{"type":"B","date":"2018-03-23T03:52:12.000Z","volume":9000,"label":" ","price":1.46},{"type":"B","date":"2018-03-23T03:52:42.000Z","volume":8000,"label":" ","price":1.46},{"type":"B","date":"2018-03-23T03:52:49.000Z","volume":1000,"label":" ","price":1.46},{"type":"B","date":"2018-03-23T03:53:20.000Z","volume":1000,"label":" ","price":1.46},{"type":"A","date":"2018-03-23T03:53:22.000Z","volume":3000,"label":" ","price":1.47},{"type":"A","date":"2018-03-23T03:53:22.000Z","volume":4000,"label":" ","price":1.47},{"type":"B","date":"2018-03-23T03:54:12.000Z","volume":7000,"label":" ","price":1.46},{"type":"A","date":"2018-03-23T03:54:15.000Z","volume":1000,"label":" ","price":1.47},{"type":"A","date":"2018-03-23T03:54:15.000Z","volume":2000,"label":" ","price":1.47},{"type":"A","date":"2018-03-23T03:54:18.000Z","volume":6000,"label":"Y","price":1.47},{"type":"A","date":"2018-03-23T03:54:18.000Z","volume":5000,"label":" ","price":1.47},{"type":"B","date":"2018-03-23T03:55:12.000Z","volume":9000,"label":" ","price":1.46},{"type":"B","date":"2018-03-23T03:55:34.000Z","volume":270000,"label":" ","price":1.46},{"type":"A","date":"2018-03-23T03:55:52.000Z","volume":8000,"label":" ","price":1.47},{"type":"A","date":"2018-03-23T03:56:00.000Z","volume":1000,"label":" ","price":1.47},{"type":"A","date":"2018-03-23T03:56:00.000Z","volume":4000,"label":" ","price":1.47},{"type":"B","date":"2018-03-23T03:56:13.000Z","volume":8000,"label":" ","price":1.46},{"type":"B","date":"2018-03-23T03:56:41.000Z","volume":1000,"label":" ","price":1.46},{"type":"B","date":"2018-03-23T03:57:13.000Z","volume":7000,"label":" ","price":1.46},{"type":"B","date":"2018-03-23T03:58:13.000Z","volume":7000,"label":" ","price":1.46},{"type":"B","date":"2018-03-23T03:58:29.000Z","volume":8000,"label":" ","price":1.46},{"type":"A","date":"2018-03-23T03:58:53.000Z","volume":1000,"label":" ","price":1.47},{"type":"A","date":"2018-03-23T03:58:53.000Z","volume":1000,"label":" ","price":1.47},{"type":"A","date":"2018-03-23T03:59:00.000Z","volume":1000,"label":" ","price":1.47},{"type":"A","date":"2018-03-23T03:59:35.000Z","volume":7000,"label":" ","price":1.47},{"type":"A","date":"2018-03-23T03:59:52.000Z","volume":1000,"label":" ","price":1.47},{"type":"A","date":"2018-03-23T05:00:00.000Z","volume":10000,"label":" ","price":1.47},{"type":"A","date":"2018-03-23T05:00:01.000Z","volume":12000,"label":" ","price":1.47},{"type":"A","date":"2018-03-23T05:00:01.000Z","volume":1000,"label":" ","price":1.47},{"type":"A","date":"2018-03-23T05:00:03.000Z","volume":100000,"label":" ","price":1.47},{"type":"A","date":"2018-03-23T05:00:06.000Z","volume":5000,"label":" ","price":1.47},{"type":"A","date":"2018-03-23T05:00:07.000Z","volume":200000,"label":" ","price":1.47},{"type":"A","date":"2018-03-23T05:00:07.000Z","volume":2000,"label":" ","price":1.47},{"type":"A","date":"2018-03-23T05:00:07.000Z","volume":2000,"label":" ","price":1.47},{"type":"A","date":"2018-03-23T05:00:08.000Z","volume":19000,"label":" ","price":1.47},{"type":"A","date":"2018-03-23T05:00:11.000Z","volume":29000,"label":" ","price":1.47},{"type":"A","date":"2018-03-23T05:00:17.000Z","volume":36000,"label":" ","price":1.47},{"type":"A","date":"2018-03-23T05:00:17.000Z","volume":152000,"label":" ","price":1.47},{"type":"A","date":"2018-03-23T05:00:17.000Z","volume":4000,"label":" ","price":1.47},{"type":"A","date":"2018-03-23T05:00:17.000Z","volume":1000,"label":" ","price":1.47},{"type":"A","date":"2018-03-23T05:00:17.000Z","volume":3000,"label":" ","price":1.47},{"type":"A","date":"2018-03-23T05:00:17.000Z","volume":3000,"label":" ","price":1.47},{"type":"A","date":"2018-03-23T05:00:17.000Z","volume":2000,"label":" ","price":1.47},{"type":"B","date":"2018-03-23T05:00:32.000Z","volume":3000,"label":" ","price":1.47},{"type":"B","date":"2018-03-23T05:01:17.000Z","volume":80000,"label":" ","price":1.47},{"type":"B","date":"2018-03-23T05:02:21.000Z","volume":6000,"label":" ","price":1.47},{"type":"B","date":"2018-03-23T05:03:18.000Z","volume":6000,"label":"Y","price":1.47},{"type":"B","date":"2018-03-23T05:03:18.000Z","volume":94000,"label":" ","price":1.47},{"type":"B","date":"2018-03-23T05:03:39.000Z","volume":6000,"label":" ","price":1.47},{"type":"A","date":"2018-03-23T05:04:04.000Z","volume":54000,"label":" ","price":1.47},{"type":"A","date":"2018-03-23T05:04:04.000Z","volume":7000,"label":" ","price":1.47},{"type":"A","date":"2018-03-23T05:04:54.000Z","volume":6000,"label":" ","price":1.47},{"type":"A","date":"2018-03-23T05:05:01.000Z","volume":2000,"label":"Y","price":1.47},{"type":"A","date":"2018-03-23T05:05:01.000Z","volume":2000,"label":" ","price":1.47},{"type":"A","date":"2018-03-23T05:05:16.000Z","volume":27000,"label":" ","price":1.47},{"type":"A","date":"2018-03-23T05:05:17.000Z","volume":12000,"label":" ","price":1.47},{"type":"A","date":"2018-03-23T05:05:17.000Z","volume":5000,"label":" ","price":1.47},{"type":"A","date":"2018-03-23T05:05:19.000Z","volume":7000,"label":" ","price":1.47},{"type":"A","date":"2018-03-23T05:05:19.000Z","volume":12000,"label":" ","price":1.47},{"type":"A","date":"2018-03-23T05:05:29.000Z","volume":10000,"label":" ","price":1.47},{"type":"A","date":"2018-03-23T05:06:20.000Z","volume":1000,"label":" ","price":1.47},{"type":"A","date":"2018-03-23T05:08:48.000Z","volume":3000,"label":" ","price":1.47},{"type":"B","date":"2018-03-23T05:08:56.000Z","volume":184000,"label":"Y","price":1.46},{"type":"B","date":"2018-03-23T05:08:56.000Z","volume":522000,"label":" ","price":1.46},{"type":"A","date":"2018-03-23T05:08:56.000Z","volume":1000,"label":" ","price":1.47},{"type":"U","date":"2018-03-23T05:09:08.000Z","volume":5000,"label":"X","price":1.465},{"type":"A","date":"2018-03-23T05:09:17.000Z","volume":68000,"label":" ","price":1.47},{"type":"A","date":"2018-03-23T05:10:04.000Z","volume":20000,"label":" ","price":1.47},{"type":"A","date":"2018-03-23T05:10:19.000Z","volume":1000,"label":" ","price":1.47},{"type":"B","date":"2018-03-23T05:10:24.000Z","volume":210000,"label":" ","price":1.46},{"type":"B","date":"2018-03-23T05:13:27.000Z","volume":100000,"label":" ","price":1.46},{"type":"A","date":"2018-03-23T05:14:24.000Z","volume":5000,"label":" ","price":1.47},{"type":"B","date":"2018-03-23T05:14:33.000Z","volume":150000,"label":" ","price":1.46},{"type":"B","date":"2018-03-23T05:15:32.000Z","volume":10000,"label":" ","price":1.46},{"type":"A","date":"2018-03-23T05:15:48.000Z","volume":40000,"label":" ","price":1.47},{"type":"A","date":"2018-03-23T05:17:28.000Z","volume":20000,"label":" ","price":1.47},{"type":"A","date":"2018-03-23T05:17:54.000Z","volume":7000,"label":" ","price":1.47},{"type":"U","date":"2018-03-23T05:19:08.000Z","volume":1000,"label":"X","price":1.463},{"type":"A","date":"2018-03-23T05:19:16.000Z","volume":1000,"label":" ","price":1.47},{"type":"B","date":"2018-03-23T05:21:37.000Z","volume":21000,"label":" ","price":1.46},{"type":"A","date":"2018-03-23T05:22:01.000Z","volume":6000,"label":" ","price":1.47},{"type":"B","date":"2018-03-23T05:23:20.000Z","volume":10000,"label":" ","price":1.46},{"type":"B","date":"2018-03-23T05:23:51.000Z","volume":20000,"label":" ","price":1.46},{"type":"A","date":"2018-03-23T05:24:07.000Z","volume":1000,"label":" ","price":1.47},{"type":"U","date":"2018-03-23T05:24:08.000Z","volume":5000,"label":"X","price":1.461},{"type":"A","date":"2018-03-23T05:24:13.000Z","volume":5000,"label":" ","price":1.47},{"type":"A","date":"2018-03-23T05:24:27.000Z","volume":81000,"label":" ","price":1.47},{"type":"U","date":"2018-03-23T05:25:08.000Z","volume":1000,"label":"X","price":1.47},{"type":"B","date":"2018-03-23T05:28:46.000Z","volume":7000,"label":" ","price":1.46},{"type":"B","date":"2018-03-23T05:31:01.000Z","volume":15000,"label":" ","price":1.46},{"type":"B","date":"2018-03-23T05:31:20.000Z","volume":1000,"label":" ","price":1.46},{"type":"B","date":"2018-03-23T05:31:27.000Z","volume":10000,"label":" ","price":1.46},{"type":"B","date":"2018-03-23T05:31:35.000Z","volume":5000,"label":" ","price":1.46},{"type":"A","date":"2018-03-23T05:31:47.000Z","volume":11000,"label":" ","price":1.47},{"type":"A","date":"2018-03-23T05:32:04.000Z","volume":10000,"label":" ","price":1.47},{"type":"B","date":"2018-03-23T05:33:16.000Z","volume":7000,"label":" ","price":1.46},{"type":"B","date":"2018-03-23T05:33:17.000Z","volume":1000,"label":" ","price":1.46},{"type":"B","date":"2018-03-23T05:33:52.000Z","volume":15000,"label":" ","price":1.46},{"type":"B","date":"2018-03-23T05:34:05.000Z","volume":27000,"label":" ","price":1.46},{"type":"A","date":"2018-03-23T05:34:10.000Z","volume":19000,"label":" ","price":1.47},{"type":"B","date":"2018-03-23T05:34:42.000Z","volume":4000,"label":" ","price":1.46},{"type":"B","date":"2018-03-23T05:35:00.000Z","volume":1000,"label":" ","price":1.46},{"type":"U","date":"2018-03-23T05:35:08.000Z","volume":6000,"label":"X","price":1.463},{"type":"B","date":"2018-03-23T05:35:16.000Z","volume":14000,"label":"Y","price":1.46},{"type":"B","date":"2018-03-23T05:35:16.000Z","volume":46000,"label":" ","price":1.46},{"type":"A","date":"2018-03-23T05:35:20.000Z","volume":9000,"label":" ","price":1.47},{"type":"B","date":"2018-03-23T05:36:42.000Z","volume":5000,"label":" ","price":1.46},{"type":"B","date":"2018-03-23T05:36:47.000Z","volume":6000,"label":" ","price":1.46},{"type":"A","date":"2018-03-23T05:36:47.000Z","volume":11000,"label":" ","price":1.47},{"type":"A","date":"2018-03-23T05:36:47.000Z","volume":11000,"label":" ","price":1.47},{"type":"A","date":"2018-03-23T05:36:56.000Z","volume":1000,"label":" ","price":1.47},{"type":"A","date":"2018-03-23T05:37:00.000Z","volume":100000,"label":" ","price":1.47},{"type":"B","date":"2018-03-23T05:39:40.000Z","volume":140000,"label":" ","price":1.46},{"type":"A","date":"2018-03-23T05:39:41.000Z","volume":9000,"label":" ","price":1.47},{"type":"B","date":"2018-03-23T05:39:51.000Z","volume":11000,"label":" ","price":1.46},{"type":"B","date":"2018-03-23T05:40:02.000Z","volume":1000,"label":" ","price":1.46},{"type":"U","date":"2018-03-23T05:40:08.000Z","volume":4000,"label":"X","price":1.464},{"type":"A","date":"2018-03-23T05:41:09.000Z","volume":7000,"label":" ","price":1.47},{"type":"A","date":"2018-03-23T05:41:17.000Z","volume":11000,"label":" ","price":1.47},{"type":"A","date":"2018-03-23T05:41:17.000Z","volume":8000,"label":" ","price":1.47},{"type":"B","date":"2018-03-23T05:41:23.000Z","volume":1000,"label":" ","price":1.46},{"type":"B","date":"2018-03-23T05:42:44.000Z","volume":26000,"label":" ","price":1.46},{"type":"B","date":"2018-03-23T05:43:07.000Z","volume":9000,"label":" ","price":1.46},{"type":"B","date":"2018-03-23T05:43:27.000Z","volume":14000,"label":" ","price":1.46},{"type":"B","date":"2018-03-23T05:44:08.000Z","volume":5000,"label":" ","price":1.46},{"type":"B","date":"2018-03-23T05:44:14.000Z","volume":1000,"label":" ","price":1.46},{"type":"B","date":"2018-03-23T05:44:25.000Z","volume":16000,"label":" ","price":1.46},{"type":"B","date":"2018-03-23T05:44:57.000Z","volume":3000,"label":" ","price":1.46},{"type":"A","date":"2018-03-23T05:45:23.000Z","volume":3000,"label":" ","price":1.47},{"type":"B","date":"2018-03-23T05:45:26.000Z","volume":2000,"label":" ","price":1.46},{"type":"A","date":"2018-03-23T05:45:47.000Z","volume":14000,"label":" ","price":1.47},{"type":"B","date":"2018-03-23T05:45:55.000Z","volume":1000,"label":" ","price":1.46},{"type":"U","date":"2018-03-23T05:46:08.000Z","volume":4000,"label":"X","price":1.464},{"type":"B","date":"2018-03-23T05:46:24.000Z","volume":1000,"label":" ","price":1.46},{"type":"A","date":"2018-03-23T05:46:32.000Z","volume":15000,"label":" ","price":1.47},{"type":"B","date":"2018-03-23T05:46:53.000Z","volume":2000,"label":" ","price":1.46},{"type":"U","date":"2018-03-23T05:47:08.000Z","volume":1000,"label":"X","price":1.468},{"type":"B","date":"2018-03-23T05:47:15.000Z","volume":1000,"label":" ","price":1.46},{"type":"A","date":"2018-03-23T05:47:30.000Z","volume":1000,"label":" ","price":1.47},{"type":"U","date":"2018-03-23T05:48:08.000Z","volume":1000,"label":"X","price":1.465},{"type":"A","date":"2018-03-23T05:48:32.000Z","volume":11000,"label":" ","price":1.47},{"type":"A","date":"2018-03-23T05:48:32.000Z","volume":10000,"label":" ","price":1.47},{"type":"A","date":"2018-03-23T05:48:50.000Z","volume":1000,"label":" ","price":1.47},{"type":"B","date":"2018-03-23T05:48:55.000Z","volume":2000,"label":" ","price":1.46},{"type":"B","date":"2018-03-23T05:49:00.000Z","volume":10000,"label":" ","price":1.46},{"type":"B","date":"2018-03-23T05:49:24.000Z","volume":1000,"label":" ","price":1.46},{"type":"B","date":"2018-03-23T05:49:47.000Z","volume":1000,"label":" ","price":1.46},{"type":"U","date":"2018-03-23T05:49:47.000Z","volume":6000,"label":"X","price":1.465},{"type":"A","date":"2018-03-23T05:49:50.000Z","volume":40000,"label":" ","price":1.47},{"type":"B","date":"2018-03-23T05:49:53.000Z","volume":1000,"label":" ","price":1.46},{"type":"B","date":"2018-03-23T05:49:56.000Z","volume":1000,"label":" ","price":1.46},{"type":"A","date":"2018-03-23T05:50:10.000Z","volume":1000,"label":"Y","price":1.47},{"type":"B","date":"2018-03-23T05:50:13.000Z","volume":10000,"label":" ","price":1.46},{"type":"A","date":"2018-03-23T05:50:17.000Z","volume":10000,"label":" ","price":1.47},{"type":"A","date":"2018-03-23T05:50:17.000Z","volume":10000,"label":" ","price":1.47},{"type":"A","date":"2018-03-23T05:50:21.000Z","volume":20000,"label":" ","price":1.47},{"type":"A","date":"2018-03-23T05:50:23.000Z","volume":5000,"label":" ","price":1.47},{"type":"B","date":"2018-03-23T05:50:32.000Z","volume":4000,"label":" ","price":1.46},{"type":"B","date":"2018-03-23T05:50:59.000Z","volume":12000,"label":" ","price":1.46},{"type":"B","date":"2018-03-23T05:51:27.000Z","volume":6000,"label":" ","price":1.46},{"type":"A","date":"2018-03-23T05:51:30.000Z","volume":1000,"label":" ","price":1.47},{"type":"B","date":"2018-03-23T05:51:56.000Z","volume":2000,"label":" ","price":1.46},{"type":"B","date":"2018-03-23T05:52:47.000Z","volume":1000,"label":" ","price":1.46},{"type":"A","date":"2018-03-23T05:52:50.000Z","volume":1000,"label":" ","price":1.47},{"type":"B","date":"2018-03-23T05:53:47.000Z","volume":1000,"label":" ","price":1.46},{"type":"A","date":"2018-03-23T05:54:10.000Z","volume":1000,"label":" ","price":1.47},{"type":"A","date":"2018-03-23T05:55:20.000Z","volume":1000,"label":" ","price":1.47},{"type":"A","date":"2018-03-23T05:55:30.000Z","volume":1000,"label":" ","price":1.47},{"type":"B","date":"2018-03-23T05:55:37.000Z","volume":1000,"label":" ","price":1.46},{"type":"B","date":"2018-03-23T05:56:02.000Z","volume":1000,"label":" ","price":1.46},{"type":"U","date":"2018-03-23T05:56:17.000Z","volume":7000,"label":"X","price":1.465},{"type":"B","date":"2018-03-23T05:56:27.000Z","volume":1000,"label":" ","price":1.46},{"type":"B","date":"2018-03-23T05:56:32.000Z","volume":10000,"label":" ","price":1.46},{"type":"A","date":"2018-03-23T05:56:50.000Z","volume":1000,"label":" ","price":1.47},{"type":"B","date":"2018-03-23T05:57:31.000Z","volume":1000,"label":" ","price":1.46},{"type":"U","date":"2018-03-23T05:58:08.000Z","volume":6000,"label":"X","price":1.466},{"type":"A","date":"2018-03-23T05:58:10.000Z","volume":1000,"label":" ","price":1.47},{"type":"B","date":"2018-03-23T05:58:15.000Z","volume":10000,"label":" ","price":1.46},{"type":"B","date":"2018-03-23T05:58:16.000Z","volume":10000,"label":" ","price":1.46},{"type":"B","date":"2018-03-23T05:58:37.000Z","volume":1000,"label":" ","price":1.46},{"type":"A","date":"2018-03-23T05:58:47.000Z","volume":12000,"label":" ","price":1.47},{"type":"A","date":"2018-03-23T05:58:47.000Z","volume":11000,"label":" ","price":1.47},{"type":"A","date":"2018-03-23T05:58:47.000Z","volume":14000,"label":" ","price":1.47},{"type":"B","date":"2018-03-23T05:59:11.000Z","volume":1000,"label":" ","price":1.46},{"type":"A","date":"2018-03-23T05:59:30.000Z","volume":1000,"label":" ","price":1.47},{"type":"B","date":"2018-03-23T05:59:47.000Z","volume":1000,"label":" ","price":1.46},{"type":"U","date":"2018-03-23T06:00:08.000Z","volume":2000,"label":"X","price":1.466},{"type":"B","date":"2018-03-23T06:00:10.000Z","volume":5000,"label":" ","price":1.46},{"type":"A","date":"2018-03-23T06:00:11.000Z","volume":34000,"label":" ","price":1.47},{"type":"B","date":"2018-03-23T06:00:16.000Z","volume":30000,"label":" ","price":1.46},{"type":"A","date":"2018-03-23T06:00:20.000Z","volume":5000,"label":" ","price":1.47},{"type":"A","date":"2018-03-23T06:00:50.000Z","volume":1000,"label":" ","price":1.47},{"type":"B","date":"2018-03-23T06:01:02.000Z","volume":8000,"label":" ","price":1.46},{"type":"B","date":"2018-03-23T06:01:39.000Z","volume":1000,"label":" ","price":1.46},{"type":"B","date":"2018-03-23T06:01:41.000Z","volume":1000,"label":" ","price":1.46},{"type":"A","date":"2018-03-23T06:02:10.000Z","volume":1000,"label":" ","price":1.47},{"type":"B","date":"2018-03-23T06:02:17.000Z","volume":1000,"label":" ","price":1.46},{"type":"A","date":"2018-03-23T06:03:30.000Z","volume":1000,"label":" ","price":1.47},{"type":"U","date":"2018-03-23T06:03:47.000Z","volume":5000,"label":"X","price":1.465},{"type":"A","date":"2018-03-23T06:04:21.000Z","volume":12000,"label":" ","price":1.47},{"type":"B","date":"2018-03-23T06:04:39.000Z","volume":1000,"label":" ","price":1.46},{"type":"A","date":"2018-03-23T06:04:47.000Z","volume":11000,"label":" ","price":1.47},{"type":"A","date":"2018-03-23T06:04:47.000Z","volume":12000,"label":" ","price":1.47},{"type":"B","date":"2018-03-23T06:04:48.000Z","volume":1000,"label":" ","price":1.46},{"type":"A","date":"2018-03-23T06:04:50.000Z","volume":1000,"label":" ","price":1.47},{"type":"U","date":"2018-03-23T06:05:08.000Z","volume":4000,"label":"X","price":1.466},{"type":"A","date":"2018-03-23T06:05:19.000Z","volume":1000,"label":" ","price":1.47},{"type":"B","date":"2018-03-23T06:05:26.000Z","volume":2408000,"label":" ","price":1.46},{"type":"B","date":"2018-03-23T06:05:27.000Z","volume":3000,"label":" ","price":1.45},{"type":"B","date":"2018-03-23T06:05:35.000Z","volume":32000,"label":" ","price":1.45},{"type":"B","date":"2018-03-23T06:05:47.000Z","volume":1000,"label":" ","price":1.45},{"type":"B","date":"2018-03-23T06:06:03.000Z","volume":25000,"label":" ","price":1.45},{"type":"B","date":"2018-03-23T06:06:03.000Z","volume":68000,"label":" ","price":1.45},{"type":"U","date":"2018-03-23T06:06:08.000Z","volume":1000,"label":"X","price":1.459},{"type":"B","date":"2018-03-23T06:06:27.000Z","volume":19000,"label":" ","price":1.45},{"type":"B","date":"2018-03-23T06:06:45.000Z","volume":28000,"label":" ","price":1.45},{"type":"U","date":"2018-03-23T06:07:08.000Z","volume":1000,"label":"X","price":1.45},{"type":"B","date":"2018-03-23T06:07:15.000Z","volume":9000,"label":" ","price":1.45},{"type":"B","date":"2018-03-23T06:07:44.000Z","volume":11000,"label":" ","price":1.45},{"type":"B","date":"2018-03-23T06:07:47.000Z","volume":1000,"label":" ","price":1.45},{"type":"B","date":"2018-03-23T06:08:00.000Z","volume":1000,"label":" ","price":1.45},{"type":"B","date":"2018-03-23T06:08:25.000Z","volume":22000,"label":" ","price":1.45},{"type":"B","date":"2018-03-23T06:08:28.000Z","volume":1000,"label":" ","price":1.45},{"type":"B","date":"2018-03-23T06:10:32.000Z","volume":1000,"label":" ","price":1.45},{"type":"B","date":"2018-03-23T06:10:59.000Z","volume":28000,"label":" ","price":1.45},{"type":"B","date":"2018-03-23T06:11:20.000Z","volume":1000,"label":" ","price":1.45},{"type":"A","date":"2018-03-23T06:11:33.000Z","volume":1000,"label":" ","price":1.46},{"type":"B","date":"2018-03-23T06:13:32.000Z","volume":8000,"label":" ","price":1.45},{"type":"B","date":"2018-03-23T06:14:11.000Z","volume":27000,"label":" ","price":1.45},{"type":"A","date":"2018-03-23T06:14:25.000Z","volume":16000,"label":" ","price":1.46},{"type":"B","date":"2018-03-23T06:15:02.000Z","volume":1000,"label":" ","price":1.45},{"type":"A","date":"2018-03-23T06:15:19.000Z","volume":8000,"label":" ","price":1.46},{"type":"U","date":"2018-03-23T06:17:08.000Z","volume":6000,"label":"X","price":1.452},{"type":"B","date":"2018-03-23T06:17:15.000Z","volume":21000,"label":" ","price":1.45},{"type":"A","date":"2018-03-23T06:18:17.000Z","volume":13000,"label":" ","price":1.46},{"type":"A","date":"2018-03-23T06:18:17.000Z","volume":11000,"label":" ","price":1.46},{"type":"B","date":"2018-03-23T06:19:02.000Z","volume":1000,"label":" ","price":1.45},{"type":"B","date":"2018-03-23T06:19:06.000Z","volume":8000,"label":" ","price":1.45},{"type":"B","date":"2018-03-23T06:19:19.000Z","volume":17000,"label":" ","price":1.45},{"type":"A","date":"2018-03-23T06:20:22.000Z","volume":2000,"label":" ","price":1.46},{"type":"B","date":"2018-03-23T06:20:27.000Z","volume":6000,"label":" ","price":1.45},{"type":"B","date":"2018-03-23T06:20:47.000Z","volume":1000,"label":" ","price":1.45},{"type":"B","date":"2018-03-23T06:21:25.000Z","volume":100000,"label":" ","price":1.45},{"type":"U","date":"2018-03-23T06:22:08.000Z","volume":5000,"label":"X","price":1.451},{"type":"B","date":"2018-03-23T06:22:31.000Z","volume":20000,"label":" ","price":1.45},{"type":"B","date":"2018-03-23T06:22:49.000Z","volume":8000,"label":" ","price":1.45},{"type":"B","date":"2018-03-23T06:23:13.000Z","volume":1000,"label":" ","price":1.45},{"type":"B","date":"2018-03-23T06:23:49.000Z","volume":9000,"label":" ","price":1.45},{"type":"A","date":"2018-03-23T06:24:31.000Z","volume":40000,"label":" ","price":1.46},{"type":"B","date":"2018-03-23T06:24:41.000Z","volume":8000,"label":" ","price":1.45},{"type":"B","date":"2018-03-23T06:24:46.000Z","volume":11000,"label":" ","price":1.45},{"type":"B","date":"2018-03-23T06:24:49.000Z","volume":8000,"label":" ","price":1.45},{"type":"A","date":"2018-03-23T06:25:19.000Z","volume":7000,"label":" ","price":1.46},{"type":"B","date":"2018-03-23T06:25:26.000Z","volume":4000,"label":" ","price":1.45},{"type":"B","date":"2018-03-23T06:26:16.000Z","volume":11000,"label":" ","price":1.45},{"type":"B","date":"2018-03-23T06:26:19.000Z","volume":8000,"label":" ","price":1.45},{"type":"B","date":"2018-03-23T06:26:20.000Z","volume":21000,"label":" ","price":1.45},{"type":"U","date":"2018-03-23T06:27:08.000Z","volume":4000,"label":"X","price":1.453},{"type":"A","date":"2018-03-23T06:27:49.000Z","volume":24000,"label":" ","price":1.46},{"type":"B","date":"2018-03-23T06:27:53.000Z","volume":1000,"label":" ","price":1.45},{"type":"U","date":"2018-03-23T06:28:08.000Z","volume":1000,"label":"X","price":1.46},{"type":"U","date":"2018-03-23T06:28:18.000Z","volume":6000,"label":"X","price":1.45},{"type":"A","date":"2018-03-23T06:28:24.000Z","volume":4000,"label":" ","price":1.46},{"type":"B","date":"2018-03-23T06:29:11.000Z","volume":19000,"label":" ","price":1.45},{"type":"B","date":"2018-03-23T06:29:19.000Z","volume":9000,"label":" ","price":1.45},{"type":"B","date":"2018-03-23T06:29:45.000Z","volume":8000,"label":" ","price":1.45},{"type":"A","date":"2018-03-23T06:29:47.000Z","volume":9000,"label":" ","price":1.46},{"type":"A","date":"2018-03-23T06:29:47.000Z","volume":10000,"label":" ","price":1.46},{"type":"A","date":"2018-03-23T06:29:47.000Z","volume":11000,"label":" ","price":1.46},{"type":"A","date":"2018-03-23T06:29:47.000Z","volume":11000,"label":" ","price":1.46},{"type":"A","date":"2018-03-23T06:30:18.000Z","volume":4000,"label":" ","price":1.46},{"type":"B","date":"2018-03-23T06:30:25.000Z","volume":2000,"label":" ","price":1.45},{"type":"A","date":"2018-03-23T06:30:53.000Z","volume":1000,"label":" ","price":1.46},{"type":"B","date":"2018-03-23T06:31:19.000Z","volume":6000,"label":" ","price":1.45},{"type":"B","date":"2018-03-23T06:32:32.000Z","volume":1000,"label":" ","price":1.45},{"type":"A","date":"2018-03-23T06:32:40.000Z","volume":42000,"label":" ","price":1.46},{"type":"A","date":"2018-03-23T06:32:46.000Z","volume":42000,"label":" ","price":1.46},{"type":"B","date":"2018-03-23T06:33:04.000Z","volume":1000,"label":" ","price":1.45},{"type":"B","date":"2018-03-23T06:33:50.000Z","volume":9000,"label":" ","price":1.45},{"type":"A","date":"2018-03-23T06:34:32.000Z","volume":14000,"label":" ","price":1.46},{"type":"A","date":"2018-03-23T06:35:13.000Z","volume":13000,"label":" ","price":1.46},{"type":"A","date":"2018-03-23T06:35:16.000Z","volume":4000,"label":" ","price":1.46},{"type":"B","date":"2018-03-23T06:35:21.000Z","volume":22000,"label":" ","price":1.45},{"type":"B","date":"2018-03-23T06:35:26.000Z","volume":3000,"label":" ","price":1.45},{"type":"B","date":"2018-03-23T06:35:34.000Z","volume":50000,"label":" ","price":1.45},{"type":"B","date":"2018-03-23T06:35:51.000Z","volume":8000,"label":" ","price":1.45},{"type":"B","date":"2018-03-23T06:35:56.000Z","volume":4000,"label":" ","price":1.45},{"type":"B","date":"2018-03-23T06:36:47.000Z","volume":158000,"label":" ","price":1.45},{"type":"B","date":"2018-03-23T06:37:08.000Z","volume":1000,"label":" ","price":1.45},{"type":"A","date":"2018-03-23T06:37:17.000Z","volume":9000,"label":" ","price":1.46},{"type":"A","date":"2018-03-23T06:37:17.000Z","volume":8000,"label":" ","price":1.46},{"type":"A","date":"2018-03-23T06:37:17.000Z","volume":11000,"label":" ","price":1.46},{"type":"U","date":"2018-03-23T06:38:08.000Z","volume":7000,"label":"X","price":1.454},{"type":"A","date":"2018-03-23T06:38:14.000Z","volume":30000,"label":" ","price":1.46},{"type":"A","date":"2018-03-23T06:38:30.000Z","volume":10000,"label":" ","price":1.46},{"type":"B","date":"2018-03-23T06:38:35.000Z","volume":1000,"label":" ","price":1.45},{"type":"B","date":"2018-03-23T06:39:25.000Z","volume":9000,"label":"Y","price":1.45},{"type":"B","date":"2018-03-23T06:39:25.000Z","volume":230000,"label":" ","price":1.45},{"type":"B","date":"2018-03-23T06:39:32.000Z","volume":21000,"label":" ","price":1.45},{"type":"B","date":"2018-03-23T06:39:54.000Z","volume":6000,"label":" ","price":1.45},{"type":"U","date":"2018-03-23T06:40:08.000Z","volume":2000,"label":"X","price":1.451},{"type":"B","date":"2018-03-23T06:40:10.000Z","volume":13000,"label":" ","price":1.45},{"type":"A","date":"2018-03-23T06:40:11.000Z","volume":2000,"label":" ","price":1.46},{"type":"B","date":"2018-03-23T06:40:17.000Z","volume":1000,"label":" ","price":1.45},{"type":"B","date":"2018-03-23T06:40:20.000Z","volume":8000,"label":" ","price":1.45},{"type":"B","date":"2018-03-23T06:40:22.000Z","volume":2000,"label":"Y","price":1.45},{"type":"U","date":"2018-03-23T06:42:08.000Z","volume":2000,"label":"X","price":1.451},{"type":"A","date":"2018-03-23T06:42:11.000Z","volume":10000,"label":" ","price":1.46},{"type":"B","date":"2018-03-23T06:43:57.000Z","volume":6000,"label":" ","price":1.45},{"type":"U","date":"2018-03-23T06:44:18.000Z","volume":4000,"label":"X","price":1.45},{"type":"U","date":"2018-03-23T06:44:18.000Z","volume":6000,"label":"X","price":1.45},{"type":"A","date":"2018-03-23T06:44:26.000Z","volume":30000,"label":" ","price":1.46},{"type":"B","date":"2018-03-23T06:44:26.000Z","volume":1000,"label":" ","price":1.45},{"type":"A","date":"2018-03-23T06:44:32.000Z","volume":50000,"label":" ","price":1.46},{"type":"B","date":"2018-03-23T06:44:32.000Z","volume":1000,"label":" ","price":1.45},{"type":"B","date":"2018-03-23T06:44:39.000Z","volume":23000,"label":" ","price":1.45},{"type":"B","date":"2018-03-23T06:45:24.000Z","volume":2000,"label":" ","price":1.45},{"type":"A","date":"2018-03-23T06:46:10.000Z","volume":10000,"label":" ","price":1.46},{"type":"A","date":"2018-03-23T06:46:56.000Z","volume":10000,"label":" ","price":1.46},{"type":"U","date":"2018-03-23T06:47:08.000Z","volume":4000,"label":"X","price":1.458},{"type":"A","date":"2018-03-23T06:47:17.000Z","volume":7000,"label":" ","price":1.46},{"type":"A","date":"2018-03-23T06:47:17.000Z","volume":9000,"label":" ","price":1.46},{"type":"B","date":"2018-03-23T06:47:32.000Z","volume":1000,"label":" ","price":1.45},{"type":"B","date":"2018-03-23T06:48:01.000Z","volume":6000,"label":" ","price":1.45},{"type":"B","date":"2018-03-23T06:48:16.000Z","volume":20000,"label":" ","price":1.45},{"type":"A","date":"2018-03-23T06:48:37.000Z","volume":2000,"label":" ","price":1.46},{"type":"B","date":"2018-03-23T06:48:48.000Z","volume":10000,"label":"Y","price":1.45},{"type":"B","date":"2018-03-23T06:48:48.000Z","volume":390000,"label":" ","price":1.45},{"type":"A","date":"2018-03-23T06:48:50.000Z","volume":4000,"label":" ","price":1.46},{"type":"U","date":"2018-03-23T06:48:50.000Z","volume":1000,"label":"X","price":1.455},{"type":"B","date":"2018-03-23T06:49:17.000Z","volume":25000,"label":" ","price":1.45},{"type":"B","date":"2018-03-23T06:49:28.000Z","volume":64000,"label":" ","price":1.45},{"type":"B","date":"2018-03-23T06:50:20.000Z","volume":1000,"label":" ","price":1.45},{"type":"B","date":"2018-03-23T06:50:38.000Z","volume":1000,"label":" ","price":1.45},{"type":"B","date":"2018-03-23T06:50:47.000Z","volume":1000,"label":" ","price":1.45},{"type":"A","date":"2018-03-23T06:50:55.000Z","volume":10000,"label":" ","price":1.46},{"type":"A","date":"2018-03-23T06:51:30.000Z","volume":1000,"label":" ","price":1.46},{"type":"B","date":"2018-03-23T06:51:34.000Z","volume":6000,"label":" ","price":1.45},{"type":"B","date":"2018-03-23T06:51:51.000Z","volume":7000,"label":" ","price":1.45},{"type":"U","date":"2018-03-23T06:52:08.000Z","volume":4000,"label":"X","price":1.451},{"type":"A","date":"2018-03-23T06:52:50.000Z","volume":1000,"label":" ","price":1.46},{"type":"A","date":"2018-03-23T06:53:19.000Z","volume":5000,"label":" ","price":1.46},{"type":"B","date":"2018-03-23T06:53:34.000Z","volume":29000,"label":" ","price":1.45},{"type":"A","date":"2018-03-23T06:54:10.000Z","volume":1000,"label":" ","price":1.46},{"type":"B","date":"2018-03-23T06:54:47.000Z","volume":1000,"label":" ","price":1.45},{"type":"B","date":"2018-03-23T06:55:21.000Z","volume":3000,"label":" ","price":1.45},{"type":"A","date":"2018-03-23T06:55:23.000Z","volume":2000,"label":" ","price":1.46},{"type":"A","date":"2018-03-23T06:55:30.000Z","volume":1000,"label":" ","price":1.46},{"type":"B","date":"2018-03-23T06:55:37.000Z","volume":5000,"label":" ","price":1.45},{"type":"U","date":"2018-03-23T06:55:48.000Z","volume":6000,"label":"X","price":1.455},{"type":"U","date":"2018-03-23T06:55:48.000Z","volume":9000,"label":"X","price":1.455},{"type":"U","date":"2018-03-23T06:55:48.000Z","volume":4000,"label":"X","price":1.455},{"type":"B","date":"2018-03-23T06:56:04.000Z","volume":11000,"label":" ","price":1.45},{"type":"B","date":"2018-03-23T06:56:06.000Z","volume":10000,"label":" ","price":1.45},{"type":"B","date":"2018-03-23T06:56:39.000Z","volume":1000,"label":" ","price":1.45},{"type":"A","date":"2018-03-23T06:56:50.000Z","volume":1000,"label":" ","price":1.46},{"type":"U","date":"2018-03-23T06:57:08.000Z","volume":4000,"label":"X","price":1.452},{"type":"A","date":"2018-03-23T06:58:10.000Z","volume":1000,"label":" ","price":1.46},{"type":"U","date":"2018-03-23T06:59:08.000Z","volume":2000,"label":"X","price":1.46},{"type":"A","date":"2018-03-23T06:59:26.000Z","volume":1000,"label":" ","price":1.46},{"type":"B","date":"2018-03-23T06:59:41.000Z","volume":6000,"label":" ","price":1.45},{"type":"B","date":"2018-03-23T06:59:52.000Z","volume":29000,"label":" ","price":1.45},{"type":"A","date":"2018-03-23T07:00:17.000Z","volume":11000,"label":" ","price":1.46},{"type":"A","date":"2018-03-23T07:00:17.000Z","volume":10000,"label":" ","price":1.46},{"type":"A","date":"2018-03-23T07:00:17.000Z","volume":8000,"label":" ","price":1.46},{"type":"B","date":"2018-03-23T07:00:19.000Z","volume":2000,"label":" ","price":1.45},{"type":"B","date":"2018-03-23T07:01:24.000Z","volume":11000,"label":" ","price":1.45},{"type":"A","date":"2018-03-23T07:01:54.000Z","volume":1000,"label":" ","price":1.46},{"type":"B","date":"2018-03-23T07:02:17.000Z","volume":1000,"label":" ","price":1.45},{"type":"A","date":"2018-03-23T07:02:31.000Z","volume":2000,"label":" ","price":1.46},{"type":"B","date":"2018-03-23T07:02:51.000Z","volume":1000,"label":" ","price":1.45},{"type":"A","date":"2018-03-23T07:03:08.000Z","volume":1000,"label":" ","price":1.46},{"type":"B","date":"2018-03-23T07:03:24.000Z","volume":20000,"label":" ","price":1.45},{"type":"A","date":"2018-03-23T07:03:32.000Z","volume":3000,"label":" ","price":1.46},{"type":"A","date":"2018-03-23T07:04:00.000Z","volume":20000,"label":" ","price":1.46},{"type":"U","date":"2018-03-23T07:04:08.000Z","volume":4000,"label":"X","price":1.454},{"type":"A","date":"2018-03-23T07:04:14.000Z","volume":15000,"label":"Y","price":1.46},{"type":"A","date":"2018-03-23T07:04:14.000Z","volume":985000,"label":" ","price":1.46},{"type":"B","date":"2018-03-23T07:04:14.000Z","volume":7000,"label":" ","price":1.45},{"type":"A","date":"2018-03-23T07:04:17.000Z","volume":9000,"label":" ","price":1.46},{"type":"A","date":"2018-03-23T07:04:17.000Z","volume":7000,"label":" ","price":1.46},{"type":"A","date":"2018-03-23T07:04:17.000Z","volume":13000,"label":" ","price":1.46},{"type":"A","date":"2018-03-23T07:04:20.000Z","volume":1000,"label":" ","price":1.46},{"type":"A","date":"2018-03-23T07:05:02.000Z","volume":35000,"label":" ","price":1.46},{"type":"A","date":"2018-03-23T07:05:18.000Z","volume":1000,"label":" ","price":1.46},{"type":"A","date":"2018-03-23T07:05:23.000Z","volume":1000,"label":" ","price":1.46},{"type":"A","date":"2018-03-23T07:05:34.000Z","volume":1000,"label":" ","price":1.46},{"type":"A","date":"2018-03-23T07:06:24.000Z","volume":17000,"label":" ","price":1.46},{"type":"A","date":"2018-03-23T07:06:27.000Z","volume":41000,"label":" ","price":1.46},{"type":"A","date":"2018-03-23T07:06:46.000Z","volume":1000,"label":" ","price":1.46},{"type":"A","date":"2018-03-23T07:07:17.000Z","volume":10000,"label":" ","price":1.46},{"type":"A","date":"2018-03-23T07:07:21.000Z","volume":30000,"label":" ","price":1.46},{"type":"A","date":"2018-03-23T07:08:00.000Z","volume":1000,"label":" ","price":1.46},{"type":"B","date":"2018-03-23T07:09:02.000Z","volume":10000,"label":" ","price":1.45},{"type":"U","date":"2018-03-23T07:09:08.000Z","volume":4000,"label":"X","price":1.46},{"type":"A","date":"2018-03-23T07:09:14.000Z","volume":1000,"label":" ","price":1.46},{"type":"A","date":"2018-03-23T07:10:08.000Z","volume":1000,"label":" ","price":1.46},{"type":"A","date":"2018-03-23T07:10:16.000Z","volume":4000,"label":" ","price":1.46},{"type":"A","date":"2018-03-23T07:10:26.000Z","volume":1000,"label":"Y","price":1.46},{"type":"B","date":"2018-03-23T07:11:21.000Z","volume":47000,"label":" ","price":1.45},{"type":"A","date":"2018-03-23T07:11:40.000Z","volume":1000,"label":"Y","price":1.46},{"type":"A","date":"2018-03-23T07:12:09.000Z","volume":11000,"label":" ","price":1.46},{"type":"A","date":"2018-03-23T07:12:52.000Z","volume":1000,"label":"Y","price":1.46},{"type":"A","date":"2018-03-23T07:13:33.000Z","volume":15000,"label":" ","price":1.46},{"type":"A","date":"2018-03-23T07:14:06.000Z","volume":1000,"label":" ","price":1.46},{"type":"U","date":"2018-03-23T07:14:08.000Z","volume":4000,"label":"X","price":1.454},{"type":"A","date":"2018-03-23T07:14:19.000Z","volume":16000,"label":" ","price":1.46},{"type":"A","date":"2018-03-23T07:15:08.000Z","volume":4000,"label":"Y","price":1.46},{"type":"B","date":"2018-03-23T07:15:14.000Z","volume":1000,"label":" ","price":1.45},{"type":"A","date":"2018-03-23T07:15:16.000Z","volume":1000,"label":" ","price":1.46},{"type":"A","date":"2018-03-23T07:15:20.000Z","volume":1000,"label":" ","price":1.46},{"type":"A","date":"2018-03-23T07:15:37.000Z","volume":20000,"label":" ","price":1.46},{"type":"U","date":"2018-03-23T07:15:39.000Z","volume":1000,"label":"X","price":1.46},{"type":"A","date":"2018-03-23T07:15:42.000Z","volume":1000,"label":" ","price":1.46},{"type":"U","date":"2018-03-23T07:16:08.000Z","volume":2000,"label":"X","price":1.46},{"type":"A","date":"2018-03-23T07:16:34.000Z","volume":1000,"label":" ","price":1.46},{"type":"A","date":"2018-03-23T07:17:08.000Z","volume":5000,"label":" ","price":1.46},{"type":"A","date":"2018-03-23T07:17:16.000Z","volume":18000,"label":" ","price":1.46},{"type":"A","date":"2018-03-23T07:17:29.000Z","volume":10000,"label":" ","price":1.46},{"type":"A","date":"2018-03-23T07:17:46.000Z","volume":1000,"label":" ","price":1.46},{"type":"A","date":"2018-03-23T07:18:17.000Z","volume":47000,"label":" ","price":1.46},{"type":"A","date":"2018-03-23T07:18:19.000Z","volume":4000,"label":" ","price":1.46},{"type":"B","date":"2018-03-23T07:18:47.000Z","volume":8000,"label":" ","price":1.45},{"type":"A","date":"2018-03-23T07:19:00.000Z","volume":1000,"label":" ","price":1.46},{"type":"U","date":"2018-03-23T07:20:08.000Z","volume":4000,"label":"X","price":1.455},{"type":"A","date":"2018-03-23T07:20:12.000Z","volume":1000,"label":" ","price":1.46},{"type":"A","date":"2018-03-23T07:20:24.000Z","volume":3000,"label":" ","price":1.46},{"type":"A","date":"2018-03-23T07:20:34.000Z","volume":1000,"label":" ","price":1.46},{"type":"B","date":"2018-03-23T07:21:15.000Z","volume":30000,"label":" ","price":1.45},{"type":"U","date":"2018-03-23T07:21:16.000Z","volume":2000,"label":"X","price":1.457},{"type":"A","date":"2018-03-23T07:22:47.000Z","volume":9000,"label":" ","price":1.46},{"type":"B","date":"2018-03-23T07:23:00.000Z","volume":13000,"label":" ","price":1.45},{"type":"B","date":"2018-03-23T07:24:00.000Z","volume":1000,"label":" ","price":1.45},{"type":"A","date":"2018-03-23T07:25:23.000Z","volume":2000,"label":" ","price":1.46},{"type":"U","date":"2018-03-23T07:25:38.000Z","volume":4000,"label":"X","price":1.455},{"type":"B","date":"2018-03-23T07:25:40.000Z","volume":1000,"label":" ","price":1.45},{"type":"B","date":"2018-03-23T07:25:43.000Z","volume":402000,"label":" ","price":1.45},{"type":"U","date":"2018-03-23T07:26:19.000Z","volume":1000,"label":"X","price":1.45},{"type":"A","date":"2018-03-23T07:26:47.000Z","volume":7000,"label":" ","price":1.46},{"type":"A","date":"2018-03-23T07:26:47.000Z","volume":11000,"label":" ","price":1.46},{"type":"U","date":"2018-03-23T07:26:51.000Z","volume":475,"label":"D","price":1.4},{"type":"A","date":"2018-03-23T07:28:52.000Z","volume":10000,"label":" ","price":1.46},{"type":"B","date":"2018-03-23T07:30:03.000Z","volume":10000,"label":" ","price":1.45},{"type":"A","date":"2018-03-23T07:30:22.000Z","volume":5000,"label":" ","price":1.46},{"type":"B","date":"2018-03-23T07:30:32.000Z","volume":1000,"label":" ","price":1.45},{"type":"U","date":"2018-03-23T07:30:38.000Z","volume":4000,"label":"X","price":1.455},{"type":"U","date":"2018-03-23T07:30:41.000Z","volume":1000,"label":"X","price":1.458},{"type":"B","date":"2018-03-23T07:30:43.000Z","volume":1000,"label":" ","price":1.45},{"type":"B","date":"2018-03-23T07:31:06.000Z","volume":13000,"label":" ","price":1.45},{"type":"A","date":"2018-03-23T07:32:05.000Z","volume":992000,"label":" ","price":1.46},{"type":"B","date":"2018-03-23T07:32:05.000Z","volume":1000,"label":" ","price":1.46},{"type":"B","date":"2018-03-23T07:32:13.000Z","volume":32000,"label":" ","price":1.46},{"type":"A","date":"2018-03-23T07:32:47.000Z","volume":8000,"label":" ","price":1.47},{"type":"U","date":"2018-03-23T07:32:49.000Z","volume":3000,"label":"X","price":1.465},{"type":"B","date":"2018-03-23T07:34:14.000Z","volume":36000,"label":" ","price":1.46},{"type":"B","date":"2018-03-23T07:34:33.000Z","volume":103000,"label":" ","price":1.46},{"type":"B","date":"2018-03-23T07:34:33.000Z","volume":8000,"label":" ","price":1.46},{"type":"A","date":"2018-03-23T07:34:34.000Z","volume":11000,"label":" ","price":1.46},{"type":"A","date":"2018-03-23T07:35:25.000Z","volume":4000,"label":" ","price":1.46},{"type":"A","date":"2018-03-23T07:35:56.000Z","volume":10000,"label":" ","price":1.46},{"type":"A","date":"2018-03-23T07:36:20.000Z","volume":10000,"label":" ","price":1.46},{"type":"A","date":"2018-03-23T07:36:22.000Z","volume":5000,"label":" ","price":1.46},{"type":"B","date":"2018-03-23T07:36:53.000Z","volume":1000,"label":" ","price":1.45},{"type":"A","date":"2018-03-23T07:36:56.000Z","volume":3000,"label":" ","price":1.46},{"type":"A","date":"2018-03-23T07:37:01.000Z","volume":50000,"label":" ","price":1.46},{"type":"A","date":"2018-03-23T07:37:30.000Z","volume":2000,"label":" ","price":1.46},{"type":"A","date":"2018-03-23T07:37:31.000Z","volume":3000,"label":" ","price":1.46},{"type":"A","date":"2018-03-23T07:37:56.000Z","volume":10000,"label":" ","price":1.46},{"type":"B","date":"2018-03-23T07:38:29.000Z","volume":160000,"label":" ","price":1.45},{"type":"B","date":"2018-03-23T07:38:35.000Z","volume":1000,"label":" ","price":1.45},{"type":"A","date":"2018-03-23T07:39:11.000Z","volume":12000,"label":" ","price":1.46},{"type":"A","date":"2018-03-23T07:39:37.000Z","volume":3000,"label":" ","price":1.46},{"type":"B","date":"2018-03-23T07:39:40.000Z","volume":8000,"label":" ","price":1.45},{"type":"B","date":"2018-03-23T07:39:49.000Z","volume":3000,"label":" ","price":1.45},{"type":"A","date":"2018-03-23T07:40:04.000Z","volume":7000,"label":" ","price":1.46},{"type":"A","date":"2018-03-23T07:40:26.000Z","volume":20000,"label":" ","price":1.46},{"type":"A","date":"2018-03-23T07:40:36.000Z","volume":96000,"label":" ","price":1.46},{"type":"A","date":"2018-03-23T07:40:36.000Z","volume":9000,"label":" ","price":1.46},{"type":"A","date":"2018-03-23T07:40:37.000Z","volume":60000,"label":" ","price":1.46},{"type":"A","date":"2018-03-23T07:40:38.000Z","volume":20000,"label":" ","price":1.46},{"type":"B","date":"2018-03-23T07:40:47.000Z","volume":1000,"label":" ","price":1.46},{"type":"B","date":"2018-03-23T07:40:57.000Z","volume":39000,"label":" ","price":1.46},{"type":"A","date":"2018-03-23T07:41:46.000Z","volume":12000,"label":" ","price":1.47},{"type":"B","date":"2018-03-23T07:42:18.000Z","volume":1000,"label":" ","price":1.46},{"type":"B","date":"2018-03-23T07:42:25.000Z","volume":39000,"label":" ","price":1.46},{"type":"B","date":"2018-03-23T07:42:25.000Z","volume":10000,"label":" ","price":1.46},{"type":"B","date":"2018-03-23T07:42:45.000Z","volume":9000,"label":" ","price":1.46},{"type":"A","date":"2018-03-23T07:43:09.000Z","volume":1000,"label":" ","price":1.47},{"type":"A","date":"2018-03-23T07:43:39.000Z","volume":6000,"label":" ","price":1.47},{"type":"B","date":"2018-03-23T07:43:41.000Z","volume":1000,"label":" ","price":1.46},{"type":"B","date":"2018-03-23T07:44:02.000Z","volume":131000,"label":" ","price":1.46},{"type":"B","date":"2018-03-23T07:44:02.000Z","volume":27000,"label":" ","price":1.46},{"type":"A","date":"2018-03-23T07:44:02.000Z","volume":1000,"label":" ","price":1.46},{"type":"A","date":"2018-03-23T07:44:13.000Z","volume":71000,"label":" ","price":1.46},{"type":"A","date":"2018-03-23T07:44:18.000Z","volume":10000,"label":" ","price":1.46},{"type":"A","date":"2018-03-23T07:45:11.000Z","volume":17000,"label":" ","price":1.46},{"type":"A","date":"2018-03-23T07:45:13.000Z","volume":13000,"label":" ","price":1.46},{"type":"A","date":"2018-03-23T07:45:13.000Z","volume":20000,"label":" ","price":1.46},{"type":"B","date":"2018-03-23T07:45:17.000Z","volume":1000,"label":" ","price":1.46},{"type":"A","date":"2018-03-23T07:45:18.000Z","volume":10000,"label":" ","price":1.47},{"type":"A","date":"2018-03-23T07:45:42.000Z","volume":10000,"label":" ","price":1.47},{"type":"A","date":"2018-03-23T07:45:46.000Z","volume":1000,"label":" ","price":1.47},{"type":"B","date":"2018-03-23T07:46:22.000Z","volume":32000,"label":" ","price":1.46},{"type":"B","date":"2018-03-23T07:46:25.000Z","volume":42000,"label":" ","price":1.46},{"type":"B","date":"2018-03-23T07:46:25.000Z","volume":31000,"label":" ","price":1.46},{"type":"B","date":"2018-03-23T07:46:26.000Z","volume":3000,"label":" ","price":1.45},{"type":"A","date":"2018-03-23T07:47:11.000Z","volume":11000,"label":" ","price":1.46},{"type":"B","date":"2018-03-23T07:47:12.000Z","volume":1000,"label":" ","price":1.45},{"type":"A","date":"2018-03-23T07:48:21.000Z","volume":1000,"label":" ","price":1.46},{"type":"A","date":"2018-03-23T07:48:25.000Z","volume":50000,"label":" ","price":1.46},{"type":"B","date":"2018-03-23T07:48:29.000Z","volume":1000,"label":" ","price":1.45},{"type":"A","date":"2018-03-23T07:48:56.000Z","volume":10000,"label":" ","price":1.46},{"type":"A","date":"2018-03-23T07:49:15.000Z","volume":11000,"label":"Y","price":1.46},{"type":"A","date":"2018-03-23T07:49:15.000Z","volume":120000,"label":" ","price":1.46},{"type":"A","date":"2018-03-23T07:49:15.000Z","volume":10000,"label":" ","price":1.47},{"type":"B","date":"2018-03-23T07:49:15.000Z","volume":1000,"label":"Y","price":1.46},{"type":"A","date":"2018-03-23T07:49:28.000Z","volume":1000,"label":" ","price":1.47},{"type":"B","date":"2018-03-23T07:49:29.000Z","volume":100000,"label":" ","price":1.46},{"type":"B","date":"2018-03-23T07:50:13.000Z","volume":2000,"label":" ","price":1.46},{"type":"A","date":"2018-03-23T07:50:19.000Z","volume":3000,"label":" ","price":1.47},{"type":"B","date":"2018-03-23T07:50:48.000Z","volume":16000,"label":" ","price":1.46},{"type":"B","date":"2018-03-23T07:51:59.000Z","volume":653000,"label":" ","price":1.46},{"type":"B","date":"2018-03-23T07:52:29.000Z","volume":1000,"label":" ","price":1.46},{"type":"A","date":"2018-03-23T07:53:55.000Z","volume":20000,"label":" ","price":1.47},{"type":"A","date":"2018-03-23T07:54:01.000Z","volume":20000,"label":" ","price":1.47},{"type":"A","date":"2018-03-23T07:54:06.000Z","volume":4000,"label":" ","price":1.47},{"type":"B","date":"2018-03-23T07:54:20.000Z","volume":1000,"label":" ","price":1.46},{"type":"A","date":"2018-03-23T07:54:47.000Z","volume":10000,"label":" ","price":1.47},{"type":"A","date":"2018-03-23T07:54:47.000Z","volume":14000,"label":" ","price":1.47},{"type":"A","date":"2018-03-23T07:54:47.000Z","volume":8000,"label":" ","price":1.47},{"type":"A","date":"2018-03-23T07:54:49.000Z","volume":20000,"label":"Y","price":1.47},{"type":"B","date":"2018-03-23T07:55:02.000Z","volume":1000,"label":" ","price":1.46},{"type":"A","date":"2018-03-23T07:55:21.000Z","volume":3000,"label":" ","price":1.47},{"type":"B","date":"2018-03-23T07:55:24.000Z","volume":5000,"label":" ","price":1.46},{"type":"B","date":"2018-03-23T07:55:27.000Z","volume":15000,"label":"Y","price":1.46},{"type":"B","date":"2018-03-23T07:56:10.000Z","volume":120000,"label":" ","price":1.46},{"type":"B","date":"2018-03-23T07:56:12.000Z","volume":1000,"label":" ","price":1.46},{"type":"A","date":"2018-03-23T07:56:26.000Z","volume":6000,"label":" ","price":1.47},{"type":"B","date":"2018-03-23T07:56:33.000Z","volume":1000,"label":" ","price":1.46},{"type":"B","date":"2018-03-23T07:57:28.000Z","volume":9000,"label":"Y","price":1.46},{"type":"A","date":"2018-03-23T07:58:11.000Z","volume":5000,"label":" ","price":1.47},{"type":"B","date":"2018-03-23T07:58:12.000Z","volume":1000,"label":" ","price":1.46},{"type":"B","date":"2018-03-23T07:58:32.000Z","volume":4000,"label":"Y","price":1.46},{"type":"B","date":"2018-03-23T07:58:35.000Z","volume":6000,"label":"Y","price":1.46},{"type":"A","date":"2018-03-23T07:58:37.000Z","volume":1000,"label":" ","price":1.47},{"type":"A","date":"2018-03-23T07:58:55.000Z","volume":34000,"label":" ","price":1.47},{"type":"A","date":"2018-03-23T07:58:55.000Z","volume":15000,"label":" ","price":1.47},{"type":"A","date":"2018-03-23T07:59:02.000Z","volume":6000,"label":" ","price":1.47},{"type":"A","date":"2018-03-23T07:59:02.000Z","volume":10000,"label":" ","price":1.47},{"type":"A","date":"2018-03-23T07:59:02.000Z","volume":54000,"label":" ","price":1.47},{"type":"A","date":"2018-03-23T07:59:02.000Z","volume":6000,"label":" ","price":1.47},{"type":"B","date":"2018-03-23T07:59:03.000Z","volume":2000,"label":"Y","price":1.46},{"type":"B","date":"2018-03-23T07:59:03.000Z","volume":1000,"label":" ","price":1.46},{"type":"A","date":"2018-03-23T07:59:04.000Z","volume":12000,"label":" ","price":1.47},{"type":"A","date":"2018-03-23T07:59:10.000Z","volume":5000,"label":" ","price":1.47},{"type":"B","date":"2018-03-23T07:59:10.000Z","volume":3000,"label":"Y","price":1.46},{"type":"A","date":"2018-03-23T07:59:12.000Z","volume":24000,"label":" ","price":1.47},{"type":"A","date":"2018-03-23T07:59:17.000Z","volume":3000,"label":" ","price":1.47},{"type":"U","date":"2018-03-23T07:59:20.000Z","volume":5000,"label":"X","price":1.465},{"type":"A","date":"2018-03-23T07:59:20.000Z","volume":8000,"label":" ","price":1.47},{"type":"B","date":"2018-03-23T07:59:22.000Z","volume":1000,"label":"Y","price":1.46},{"type":"A","date":"2018-03-23T07:59:30.000Z","volume":4000,"label":" ","price":1.47},{"type":"B","date":"2018-03-23T07:59:30.000Z","volume":1000,"label":" ","price":1.46},{"type":"A","date":"2018-03-23T07:59:32.000Z","volume":1000,"label":" ","price":1.47},{"type":"A","date":"2018-03-23T07:59:36.000Z","volume":20000,"label":" ","price":1.47},{"type":"A","date":"2018-03-23T07:59:36.000Z","volume":3000,"label":" ","price":1.47},{"type":"B","date":"2018-03-23T07:59:40.000Z","volume":1000,"label":"Y","price":1.46},{"type":"A","date":"2018-03-23T07:59:41.000Z","volume":50000,"label":" ","price":1.47},{"type":"B","date":"2018-03-23T07:59:42.000Z","volume":1000,"label":"Y","price":1.46},{"type":"A","date":"2018-03-23T07:59:42.000Z","volume":6000,"label":" ","price":1.47},{"type":"A","date":"2018-03-23T07:59:47.000Z","volume":2000,"label":" ","price":1.47},{"type":"A","date":"2018-03-23T07:59:47.000Z","volume":1000,"label":" ","price":1.47},{"type":"A","date":"2018-03-23T07:59:47.000Z","volume":12000,"label":" ","price":1.47},{"type":"B","date":"2018-03-23T07:59:50.000Z","volume":1000,"label":"Y","price":1.46},{"type":"A","date":"2018-03-23T07:59:51.000Z","volume":1000,"label":" ","price":1.47},{"type":"A","date":"2018-03-23T07:59:59.000Z","volume":1000,"label":"Y","price":1.47},{"type":"A","date":"2018-03-23T07:59:59.000Z","volume":5000,"label":" ","price":1.47},{"type":"U","date":"2018-03-23T08:08:12.000Z","volume":548000,"label":"U","price":1.47}]