[{"type":"A","date":"2018-03-21T07:37:21.000Z","volume":10000,"price":12.08,"category":"ubbull"},{"type":"A","date":"2018-03-21T07:13:19.000Z","volume":9000,"price":12.1,"category":"ubbull"},{"type":"A","date":"2018-03-21T06:38:03.000Z","volume":20000,"price":12.04,"category":"ubbull"},{"type":"A","date":"2018-03-21T06:25:00.000Z","volume":14000,"price":12.22,"category":"ubbull"},{"type":"A","date":"2018-03-21T05:41:58.000Z","volume":8000,"price":12.3,"category":"ubbull"},{"type":"A","date":"2018-03-21T03:40:16.000Z","volume":17000,"price":12.4,"category":"ubbull"},{"type":"A","date":"2018-03-21T07:56:48.000Z","volume":5000,"price":12.04,"category":"bbull"},{"type":"A","date":"2018-03-21T07:44:39.000Z","volume":6000,"price":12.08,"category":"bbull"},{"type":"A","date":"2018-03-21T07:38:20.000Z","volume":4000,"price":12.08,"category":"bbull"},{"type":"A","date":"2018-03-21T07:37:21.000Z","volume":4000,"price":12.08,"category":"bbull"},{"type":"A","date":"2018-03-21T07:26:06.000Z","volume":3000,"price":12.08,"category":"bbull"},{"type":"A","date":"2018-03-21T06:39:13.000Z","volume":4000,"price":12.08,"category":"bbull"},{"type":"A","date":"2018-03-21T06:39:13.000Z","volume":6000,"price":12.08,"category":"bbull"},{"type":"A","date":"2018-03-21T06:32:35.000Z","volume":3000,"price":12.18,"category":"bbull"},{"type":"A","date":"2018-03-21T06:08:42.000Z","volume":5000,"price":12.34,"category":"bbull"},{"type":"A","date":"2018-03-21T05:57:39.000Z","volume":3000,"price":12.34,"category":"bbull"},{"type":"A","date":"2018-03-21T05:56:54.000Z","volume":4000,"price":12.32,"category":"bbull"},{"type":"A","date":"2018-03-21T05:41:58.000Z","volume":4000,"price":12.3,"category":"bbull"},{"type":"A","date":"2018-03-21T05:23:46.000Z","volume":5000,"price":12.46,"category":"bbull"},{"type":"A","date":"2018-03-21T03:51:18.000Z","volume":7000,"price":12.42,"category":"bbull"},{"type":"A","date":"2018-03-21T03:40:16.000Z","volume":3000,"price":12.46,"category":"bbull"},{"type":"A","date":"2018-03-21T03:40:10.000Z","volume":3000,"price":12.4,"category":"bbull"},{"type":"A","date":"2018-03-21T03:38:50.000Z","volume":3000,"price":12.4,"category":"bbull"},{"type":"A","date":"2018-03-21T03:33:26.000Z","volume":3000,"price":12.42,"category":"bbull"},{"type":"A","date":"2018-03-21T03:28:05.000Z","volume":3000,"price":12.46,"category":"bbull"},{"type":"A","date":"2018-03-21T03:21:46.000Z","volume":5000,"price":12.46,"category":"bbull"},{"type":"A","date":"2018-03-21T02:41:21.000Z","volume":3000,"price":12.46,"category":"bbull"},{"type":"A","date":"2018-03-21T02:35:43.000Z","volume":3000,"price":12.38,"category":"bbull"},{"type":"A","date":"2018-03-21T07:59:50.000Z","volume":1000,"price":12,"category":"rbull"},{"type":"A","date":"2018-03-21T07:59:27.000Z","volume":1000,"price":12,"category":"rbull"},{"type":"A","date":"2018-03-21T07:54:52.000Z","volume":1000,"price":12.04,"category":"rbull"},{"type":"A","date":"2018-03-21T07:54:15.000Z","volume":1000,"price":12.04,"category":"rbull"},{"type":"A","date":"2018-03-21T07:52:58.000Z","volume":1000,"price":12.04,"category":"rbull"},{"type":"A","date":"2018-03-21T07:51:34.000Z","volume":1000,"price":12.04,"category":"rbull"},{"type":"A","date":"2018-03-21T07:51:06.000Z","volume":1000,"price":12.04,"category":"rbull"},{"type":"A","date":"2018-03-21T07:49:34.000Z","volume":1000,"price":12.08,"category":"rbull"},{"type":"A","date":"2018-03-21T07:49:34.000Z","volume":1000,"price":12.08,"category":"rbull"},{"type":"A","date":"2018-03-21T07:44:44.000Z","volume":1000,"price":12.08,"category":"rbull"},{"type":"A","date":"2018-03-21T07:44:41.000Z","volume":1000,"price":12.08,"category":"rbull"},{"type":"A","date":"2018-03-21T07:40:21.000Z","volume":1000,"price":12.08,"category":"rbull"},{"type":"A","date":"2018-03-21T07:37:27.000Z","volume":1000,"price":12.08,"category":"rbull"},{"type":"A","date":"2018-03-21T07:37:21.000Z","volume":1000,"price":12.08,"category":"rbull"},{"type":"A","date":"2018-03-21T07:37:07.000Z","volume":1000,"price":12.08,"category":"rbull"},{"type":"A","date":"2018-03-21T07:37:07.000Z","volume":1000,"price":12.08,"category":"rbull"},{"type":"A","date":"2018-03-21T07:35:29.000Z","volume":1000,"price":12.08,"category":"rbull"},{"type":"A","date":"2018-03-21T07:33:29.000Z","volume":1000,"price":12.08,"category":"rbull"},{"type":"A","date":"2018-03-21T07:22:10.000Z","volume":1000,"price":12.08,"category":"rbull"},{"type":"A","date":"2018-03-21T07:17:30.000Z","volume":1000,"price":12.1,"category":"rbull"},{"type":"A","date":"2018-03-21T07:13:19.000Z","volume":1000,"price":12.1,"category":"rbull"},{"type":"A","date":"2018-03-21T07:10:35.000Z","volume":1000,"price":12.1,"category":"rbull"},{"type":"A","date":"2018-03-21T07:00:54.000Z","volume":1000,"price":12.1,"category":"rbull"},{"type":"A","date":"2018-03-21T06:47:09.000Z","volume":1000,"price":12.12,"category":"rbull"},{"type":"A","date":"2018-03-21T06:38:03.000Z","volume":1000,"price":12.06,"category":"rbull"},{"type":"A","date":"2018-03-21T06:38:03.000Z","volume":1000,"price":12.04,"category":"rbull"},{"type":"A","date":"2018-03-21T06:20:05.000Z","volume":1000,"price":12.26,"category":"rbull"},{"type":"A","date":"2018-03-21T06:06:12.000Z","volume":1000,"price":12.34,"category":"rbull"},{"type":"A","date":"2018-03-21T06:05:01.000Z","volume":1000,"price":12.32,"category":"rbull"},{"type":"A","date":"2018-03-21T06:05:01.000Z","volume":1000,"price":12.32,"category":"rbull"},{"type":"A","date":"2018-03-21T05:57:50.000Z","volume":1000,"price":12.34,"category":"rbull"},{"type":"A","date":"2018-03-21T05:57:00.000Z","volume":1000,"price":12.32,"category":"rbull"},{"type":"A","date":"2018-03-21T05:56:59.000Z","volume":1000,"price":12.32,"category":"rbull"},{"type":"A","date":"2018-03-21T05:56:56.000Z","volume":1000,"price":12.32,"category":"rbull"},{"type":"A","date":"2018-03-21T05:47:12.000Z","volume":1000,"price":12.32,"category":"rbull"},{"type":"A","date":"2018-03-21T05:47:12.000Z","volume":1000,"price":12.32,"category":"rbull"},{"type":"A","date":"2018-03-21T05:41:58.000Z","volume":1000,"price":12.3,"category":"rbull"},{"type":"A","date":"2018-03-21T05:29:25.000Z","volume":1000,"price":12.46,"category":"rbull"},{"type":"A","date":"2018-03-21T05:15:34.000Z","volume":1000,"price":12.46,"category":"rbull"},{"type":"A","date":"2018-03-21T03:59:00.000Z","volume":1000,"price":12.46,"category":"rbull"},{"type":"A","date":"2018-03-21T03:58:48.000Z","volume":1000,"price":12.46,"category":"rbull"},{"type":"A","date":"2018-03-21T03:47:06.000Z","volume":1000,"price":12.46,"category":"rbull"},{"type":"A","date":"2018-03-21T03:40:36.000Z","volume":1000,"price":12.46,"category":"rbull"},{"type":"A","date":"2018-03-21T03:27:56.000Z","volume":1000,"price":12.46,"category":"rbull"},{"type":"A","date":"2018-03-21T03:27:13.000Z","volume":1000,"price":12.46,"category":"rbull"},{"type":"A","date":"2018-03-21T03:19:54.000Z","volume":1000,"price":12.46,"category":"rbull"},{"type":"A","date":"2018-03-21T03:17:52.000Z","volume":1000,"price":12.44,"category":"rbull"},{"type":"A","date":"2018-03-21T03:08:40.000Z","volume":1000,"price":12.44,"category":"rbull"},{"type":"A","date":"2018-03-21T03:05:35.000Z","volume":1000,"price":12.44,"category":"rbull"},{"type":"A","date":"2018-03-21T02:43:34.000Z","volume":1000,"price":12.46,"category":"rbull"},{"type":"A","date":"2018-03-21T02:37:48.000Z","volume":1000,"price":12.44,"category":"rbull"},{"type":"A","date":"2018-03-21T02:37:33.000Z","volume":1000,"price":12.42,"category":"rbull"},{"type":"A","date":"2018-03-21T02:27:04.000Z","volume":1000,"price":12.38,"category":"rbull"},{"type":"A","date":"2018-03-21T02:22:20.000Z","volume":1000,"price":12.5,"category":"rbull"},{"type":"A","date":"2018-03-21T02:17:19.000Z","volume":1000,"price":12.5,"category":"rbull"},{"type":"A","date":"2018-03-21T02:12:09.000Z","volume":1000,"price":12.5,"category":"rbull"},{"type":"A","date":"2018-03-21T02:07:07.000Z","volume":1000,"price":12.5,"category":"rbull"},{"type":"A","date":"2018-03-21T02:02:06.000Z","volume":1000,"price":12.5,"category":"rbull"},{"type":"A","date":"2018-03-21T01:49:13.000Z","volume":1000,"price":12.5,"category":"rbull"},{"type":"B","date":"2018-03-21T07:59:26.000Z","volume":1000,"price":11.98,"category":"rbear"},{"type":"B","date":"2018-03-21T07:59:08.000Z","volume":1000,"price":11.98,"category":"rbear"},{"type":"B","date":"2018-03-21T07:58:58.000Z","volume":1000,"price":12,"category":"rbear"},{"type":"B","date":"2018-03-21T07:58:39.000Z","volume":1000,"price":12,"category":"rbear"},{"type":"B","date":"2018-03-21T07:58:30.000Z","volume":1000,"price":12,"category":"rbear"},{"type":"B","date":"2018-03-21T07:58:08.000Z","volume":1000,"price":12,"category":"rbear"},{"type":"B","date":"2018-03-21T07:58:02.000Z","volume":1000,"price":12,"category":"rbear"},{"type":"B","date":"2018-03-21T07:57:59.000Z","volume":1000,"price":12,"category":"rbear"},{"type":"B","date":"2018-03-21T07:57:36.000Z","volume":1000,"price":12,"category":"rbear"},{"type":"B","date":"2018-03-21T07:57:28.000Z","volume":1000,"price":12,"category":"rbear"},{"type":"B","date":"2018-03-21T07:57:05.000Z","volume":1000,"price":12,"category":"rbear"},{"type":"B","date":"2018-03-21T07:57:02.000Z","volume":1000,"price":12,"category":"rbear"},{"type":"B","date":"2018-03-21T07:56:51.000Z","volume":1000,"price":12,"category":"rbear"},{"type":"B","date":"2018-03-21T07:56:25.000Z","volume":1000,"price":12,"category":"rbear"},{"type":"B","date":"2018-03-21T07:56:08.000Z","volume":1000,"price":12,"category":"rbear"},{"type":"B","date":"2018-03-21T07:55:44.000Z","volume":1000,"price":12,"category":"rbear"},{"type":"B","date":"2018-03-21T07:55:18.000Z","volume":1000,"price":12,"category":"rbear"},{"type":"B","date":"2018-03-21T07:55:00.000Z","volume":1000,"price":12,"category":"rbear"},{"type":"B","date":"2018-03-21T07:54:48.000Z","volume":1000,"price":12,"category":"rbear"},{"type":"B","date":"2018-03-21T07:54:46.000Z","volume":1000,"price":12,"category":"rbear"},{"type":"B","date":"2018-03-21T07:54:06.000Z","volume":1000,"price":12.02,"category":"rbear"},{"type":"B","date":"2018-03-21T07:54:06.000Z","volume":1000,"price":12.02,"category":"rbear"},{"type":"B","date":"2018-03-21T07:53:39.000Z","volume":1000,"price":12.02,"category":"rbear"},{"type":"B","date":"2018-03-21T07:53:35.000Z","volume":1000,"price":12.02,"category":"rbear"},{"type":"B","date":"2018-03-21T07:53:32.000Z","volume":1000,"price":12.02,"category":"rbear"},{"type":"B","date":"2018-03-21T07:53:26.000Z","volume":1000,"price":12.02,"category":"rbear"},{"type":"B","date":"2018-03-21T07:53:14.000Z","volume":1000,"price":12.02,"category":"rbear"},{"type":"B","date":"2018-03-21T07:52:46.000Z","volume":1000,"price":12.02,"category":"rbear"},{"type":"B","date":"2018-03-21T07:52:38.000Z","volume":1000,"price":12.02,"category":"rbear"},{"type":"B","date":"2018-03-21T07:52:29.000Z","volume":1000,"price":12.02,"category":"rbear"},{"type":"B","date":"2018-03-21T07:52:14.000Z","volume":1000,"price":12.02,"category":"rbear"},{"type":"B","date":"2018-03-21T07:52:04.000Z","volume":1000,"price":12.02,"category":"rbear"},{"type":"B","date":"2018-03-21T07:51:24.000Z","volume":1000,"price":12.02,"category":"rbear"},{"type":"B","date":"2018-03-21T07:51:04.000Z","volume":1000,"price":12.02,"category":"rbear"},{"type":"B","date":"2018-03-21T07:50:39.000Z","volume":1000,"price":12.06,"category":"rbear"},{"type":"B","date":"2018-03-21T07:49:00.000Z","volume":1000,"price":12.06,"category":"rbear"},{"type":"B","date":"2018-03-21T07:48:42.000Z","volume":1000,"price":12.06,"category":"rbear"},{"type":"B","date":"2018-03-21T07:48:11.000Z","volume":1000,"price":12.06,"category":"rbear"},{"type":"B","date":"2018-03-21T07:47:22.000Z","volume":1000,"price":12.06,"category":"rbear"},{"type":"B","date":"2018-03-21T07:46:28.000Z","volume":1000,"price":12.06,"category":"rbear"},{"type":"B","date":"2018-03-21T07:44:09.000Z","volume":1000,"price":12.06,"category":"rbear"},{"type":"B","date":"2018-03-21T07:43:20.000Z","volume":1000,"price":12.06,"category":"rbear"},{"type":"B","date":"2018-03-21T07:42:31.000Z","volume":1000,"price":12.06,"category":"rbear"},{"type":"B","date":"2018-03-21T07:41:41.000Z","volume":1000,"price":12.06,"category":"rbear"},{"type":"B","date":"2018-03-21T07:40:57.000Z","volume":1000,"price":12.06,"category":"rbear"},{"type":"B","date":"2018-03-21T07:40:07.000Z","volume":1000,"price":12.06,"category":"rbear"},{"type":"B","date":"2018-03-21T07:39:22.000Z","volume":1000,"price":12.06,"category":"rbear"},{"type":"B","date":"2018-03-21T07:38:43.000Z","volume":1000,"price":12.06,"category":"rbear"},{"type":"B","date":"2018-03-21T07:37:02.000Z","volume":1000,"price":12.06,"category":"rbear"},{"type":"B","date":"2018-03-21T07:36:24.000Z","volume":1000,"price":12.06,"category":"rbear"},{"type":"B","date":"2018-03-21T07:35:39.000Z","volume":1000,"price":12.06,"category":"rbear"},{"type":"B","date":"2018-03-21T07:34:50.000Z","volume":1000,"price":12.06,"category":"rbear"},{"type":"B","date":"2018-03-21T07:34:05.000Z","volume":1000,"price":12.06,"category":"rbear"},{"type":"B","date":"2018-03-21T07:33:20.000Z","volume":1000,"price":12.06,"category":"rbear"},{"type":"B","date":"2018-03-21T07:32:31.000Z","volume":1000,"price":12.06,"category":"rbear"},{"type":"B","date":"2018-03-21T07:32:17.000Z","volume":1000,"price":12.06,"category":"rbear"},{"type":"B","date":"2018-03-21T07:31:36.000Z","volume":1000,"price":12.06,"category":"rbear"},{"type":"B","date":"2018-03-21T07:30:47.000Z","volume":1000,"price":12.06,"category":"rbear"},{"type":"B","date":"2018-03-21T07:29:53.000Z","volume":1000,"price":12.06,"category":"rbear"},{"type":"B","date":"2018-03-21T07:28:58.000Z","volume":1000,"price":12.06,"category":"rbear"},{"type":"B","date":"2018-03-21T07:28:09.000Z","volume":1000,"price":12.06,"category":"rbear"},{"type":"B","date":"2018-03-21T07:27:20.000Z","volume":1000,"price":12.06,"category":"rbear"},{"type":"B","date":"2018-03-21T07:26:26.000Z","volume":1000,"price":12.06,"category":"rbear"},{"type":"B","date":"2018-03-21T07:25:32.000Z","volume":1000,"price":12.06,"category":"rbear"},{"type":"B","date":"2018-03-21T07:24:39.000Z","volume":1000,"price":12.06,"category":"rbear"},{"type":"B","date":"2018-03-21T07:23:45.000Z","volume":1000,"price":12.06,"category":"rbear"},{"type":"B","date":"2018-03-21T07:22:46.000Z","volume":1000,"price":12.06,"category":"rbear"},{"type":"B","date":"2018-03-21T07:21:47.000Z","volume":1000,"price":12.06,"category":"rbear"},{"type":"B","date":"2018-03-21T07:19:47.000Z","volume":1000,"price":12.06,"category":"rbear"},{"type":"B","date":"2018-03-21T07:18:47.000Z","volume":1000,"price":12.06,"category":"rbear"},{"type":"B","date":"2018-03-21T07:16:48.000Z","volume":1000,"price":12.08,"category":"rbear"},{"type":"B","date":"2018-03-21T07:15:48.000Z","volume":1000,"price":12.08,"category":"rbear"},{"type":"B","date":"2018-03-21T07:15:01.000Z","volume":1000,"price":12.08,"category":"rbear"},{"type":"B","date":"2018-03-21T07:14:49.000Z","volume":1000,"price":12.08,"category":"rbear"},{"type":"B","date":"2018-03-21T07:12:44.000Z","volume":1000,"price":12.08,"category":"rbear"},{"type":"B","date":"2018-03-21T07:11:39.000Z","volume":1000,"price":12.06,"category":"rbear"},{"type":"B","date":"2018-03-21T07:10:30.000Z","volume":1000,"price":12.06,"category":"rbear"},{"type":"B","date":"2018-03-21T07:09:25.000Z","volume":1000,"price":12.06,"category":"rbear"},{"type":"B","date":"2018-03-21T07:08:20.000Z","volume":1000,"price":12.06,"category":"rbear"},{"type":"B","date":"2018-03-21T07:08:01.000Z","volume":1000,"price":12.06,"category":"rbear"},{"type":"B","date":"2018-03-21T07:07:10.000Z","volume":1000,"price":12.06,"category":"rbear"},{"type":"B","date":"2018-03-21T07:06:06.000Z","volume":1000,"price":12.06,"category":"rbear"},{"type":"B","date":"2018-03-21T07:05:01.000Z","volume":1000,"price":12.06,"category":"rbear"},{"type":"B","date":"2018-03-21T07:03:56.000Z","volume":1000,"price":12.06,"category":"rbear"},{"type":"B","date":"2018-03-21T07:02:32.000Z","volume":1000,"price":12.06,"category":"rbear"},{"type":"B","date":"2018-03-21T07:01:22.000Z","volume":1000,"price":12.06,"category":"rbear"},{"type":"B","date":"2018-03-21T07:00:07.000Z","volume":1000,"price":12.06,"category":"rbear"},{"type":"B","date":"2018-03-21T06:57:33.000Z","volume":1000,"price":12.06,"category":"rbear"},{"type":"B","date":"2018-03-21T06:56:14.000Z","volume":1000,"price":12.06,"category":"rbear"},{"type":"B","date":"2018-03-21T06:54:59.000Z","volume":1000,"price":12.06,"category":"rbear"},{"type":"B","date":"2018-03-21T06:53:39.000Z","volume":1000,"price":12.06,"category":"rbear"},{"type":"B","date":"2018-03-21T06:52:20.000Z","volume":1000,"price":12.08,"category":"rbear"},{"type":"B","date":"2018-03-21T06:52:20.000Z","volume":1000,"price":12.08,"category":"rbear"},{"type":"B","date":"2018-03-21T06:52:15.000Z","volume":1000,"price":12.08,"category":"rbear"},{"type":"B","date":"2018-03-21T06:51:00.000Z","volume":1000,"price":12.08,"category":"rbear"},{"type":"B","date":"2018-03-21T06:49:40.000Z","volume":1000,"price":12.08,"category":"rbear"},{"type":"B","date":"2018-03-21T06:48:16.000Z","volume":1000,"price":12.08,"category":"rbear"},{"type":"B","date":"2018-03-21T06:46:56.000Z","volume":1000,"price":12.06,"category":"rbear"},{"type":"B","date":"2018-03-21T06:45:32.000Z","volume":1000,"price":12.06,"category":"rbear"},{"type":"B","date":"2018-03-21T06:44:06.000Z","volume":1000,"price":12.06,"category":"rbear"},{"type":"B","date":"2018-03-21T06:40:05.000Z","volume":1000,"price":12.06,"category":"rbear"},{"type":"B","date":"2018-03-21T06:37:43.000Z","volume":1000,"price":12.06,"category":"rbear"},{"type":"B","date":"2018-03-21T06:37:18.000Z","volume":1000,"price":12.04,"category":"rbear"},{"type":"B","date":"2018-03-21T06:35:59.000Z","volume":1000,"price":12.04,"category":"rbear"},{"type":"B","date":"2018-03-21T06:34:33.000Z","volume":1000,"price":12.08,"category":"rbear"},{"type":"B","date":"2018-03-21T06:33:10.000Z","volume":1000,"price":12.06,"category":"rbear"},{"type":"B","date":"2018-03-21T06:31:44.000Z","volume":1000,"price":12.12,"category":"rbear"},{"type":"B","date":"2018-03-21T06:23:46.000Z","volume":1000,"price":12.18,"category":"rbear"},{"type":"B","date":"2018-03-21T06:20:05.000Z","volume":1000,"price":12.2,"category":"rbear"},{"type":"B","date":"2018-03-21T06:16:23.000Z","volume":1000,"price":12.2,"category":"rbear"},{"type":"B","date":"2018-03-21T06:13:29.000Z","volume":1000,"price":12.26,"category":"rbear"},{"type":"B","date":"2018-03-21T06:12:03.000Z","volume":1000,"price":12.26,"category":"rbear"},{"type":"B","date":"2018-03-21T06:11:59.000Z","volume":1000,"price":12.26,"category":"rbear"},{"type":"B","date":"2018-03-21T06:10:29.000Z","volume":1000,"price":12.3,"category":"rbear"},{"type":"B","date":"2018-03-21T06:08:00.000Z","volume":1000,"price":12.3,"category":"rbear"},{"type":"B","date":"2018-03-21T05:09:09.000Z","volume":1000,"price":12.4,"category":"rbear"},{"type":"B","date":"2018-03-21T05:05:29.000Z","volume":1000,"price":12.4,"category":"rbear"},{"type":"B","date":"2018-03-21T05:00:21.000Z","volume":1000,"price":12.4,"category":"rbear"},{"type":"B","date":"2018-03-21T03:22:06.000Z","volume":1000,"price":12.42,"category":"rbear"},{"type":"B","date":"2018-03-21T03:12:36.000Z","volume":1000,"price":12.4,"category":"rbear"},{"type":"B","date":"2018-03-21T02:50:52.000Z","volume":1000,"price":12.4,"category":"rbear"},{"type":"B","date":"2018-03-21T02:48:35.000Z","volume":1000,"price":12.4,"category":"rbear"},{"type":"B","date":"2018-03-21T02:45:03.000Z","volume":1000,"price":12.44,"category":"rbear"},{"type":"B","date":"2018-03-21T02:44:35.000Z","volume":1000,"price":12.44,"category":"rbear"},{"type":"B","date":"2018-03-21T02:35:45.000Z","volume":1000,"price":12.36,"category":"rbear"},{"type":"B","date":"2018-03-21T02:31:59.000Z","volume":1000,"price":12.32,"category":"rbear"},{"type":"B","date":"2018-03-21T02:30:05.000Z","volume":1000,"price":12.3,"category":"rbear"},{"type":"B","date":"2018-03-21T01:49:28.000Z","volume":1000,"price":12.48,"category":"rbear"},{"type":"B","date":"2018-03-21T01:49:19.000Z","volume":1000,"price":12.48,"category":"rbear"},{"type":"B","date":"2018-03-21T07:56:52.000Z","volume":5000,"price":12,"category":"bbear"},{"type":"B","date":"2018-03-21T07:52:53.000Z","volume":5000,"price":12.02,"category":"bbear"},{"type":"B","date":"2018-03-21T07:36:23.000Z","volume":4000,"price":12.06,"category":"bbear"},{"type":"B","date":"2018-03-21T07:18:46.000Z","volume":3000,"price":12.08,"category":"bbear"},{"type":"B","date":"2018-03-21T06:52:14.000Z","volume":7000,"price":12.1,"category":"bbear"},{"type":"B","date":"2018-03-21T06:40:05.000Z","volume":7000,"price":12.06,"category":"bbear"},{"type":"B","date":"2018-03-21T06:37:43.000Z","volume":5000,"price":12.02,"category":"bbear"},{"type":"B","date":"2018-03-21T06:37:43.000Z","volume":6000,"price":12.04,"category":"bbear"},{"type":"B","date":"2018-03-21T06:36:51.000Z","volume":3000,"price":12.04,"category":"bbear"},{"type":"B","date":"2018-03-21T06:34:48.000Z","volume":3000,"price":12.08,"category":"bbear"},{"type":"B","date":"2018-03-21T06:33:38.000Z","volume":3000,"price":12.06,"category":"bbear"},{"type":"B","date":"2018-03-21T06:32:58.000Z","volume":3000,"price":12.12,"category":"bbear"},{"type":"B","date":"2018-03-21T06:32:43.000Z","volume":3000,"price":12.16,"category":"bbear"},{"type":"B","date":"2018-03-21T06:31:55.000Z","volume":6000,"price":12.12,"category":"bbear"},{"type":"B","date":"2018-03-21T06:29:57.000Z","volume":7000,"price":12.14,"category":"bbear"},{"type":"B","date":"2018-03-21T06:29:57.000Z","volume":7000,"price":12.16,"category":"bbear"},{"type":"B","date":"2018-03-21T06:21:02.000Z","volume":3000,"price":12.2,"category":"bbear"},{"type":"B","date":"2018-03-21T06:15:56.000Z","volume":3000,"price":12.26,"category":"bbear"},{"type":"B","date":"2018-03-21T06:15:38.000Z","volume":4000,"price":12.28,"category":"bbear"},{"type":"B","date":"2018-03-21T05:37:08.000Z","volume":3000,"price":12.26,"category":"bbear"},{"type":"B","date":"2018-03-21T05:37:08.000Z","volume":3000,"price":12.3,"category":"bbear"},{"type":"B","date":"2018-03-21T05:32:22.000Z","volume":5000,"price":12.42,"category":"bbear"},{"type":"B","date":"2018-03-21T05:31:18.000Z","volume":3000,"price":12.42,"category":"bbear"},{"type":"B","date":"2018-03-21T03:38:29.000Z","volume":7000,"price":12.4,"category":"bbear"},{"type":"B","date":"2018-03-21T03:31:42.000Z","volume":6000,"price":12.42,"category":"bbear"},{"type":"B","date":"2018-03-21T02:48:34.000Z","volume":5000,"price":12.4,"category":"bbear"},{"type":"B","date":"2018-03-21T02:45:47.000Z","volume":5000,"price":12.4,"category":"bbear"},{"type":"B","date":"2018-03-21T02:45:03.000Z","volume":4000,"price":12.44,"category":"bbear"},{"type":"B","date":"2018-03-21T02:26:37.000Z","volume":3000,"price":12.42,"category":"bbear"},{"type":"B","date":"2018-03-21T02:26:32.000Z","volume":4000,"price":12.42,"category":"bbear"},{"type":"B","date":"2018-03-21T02:09:31.000Z","volume":3000,"price":12.44,"category":"bbear"},{"type":"B","date":"2018-03-21T01:52:33.000Z","volume":6000,"price":12.42,"category":"bbear"},{"type":"B","date":"2018-03-21T01:35:35.000Z","volume":4000,"price":12.5,"category":"bbear"},{"type":"B","date":"2018-03-21T01:30:23.000Z","volume":3000,"price":12.5,"category":"bbear"},{"type":"B","date":"2018-03-21T07:54:13.000Z","volume":38000,"price":12,"category":"ubbear"},{"type":"B","date":"2018-03-21T07:53:39.000Z","volume":9000,"price":12.02,"category":"ubbear"},{"type":"B","date":"2018-03-21T07:51:04.000Z","volume":17000,"price":12.04,"category":"ubbear"},{"type":"B","date":"2018-03-21T07:51:04.000Z","volume":19000,"price":12.06,"category":"ubbear"},{"type":"B","date":"2018-03-21T07:22:05.000Z","volume":10000,"price":12.06,"category":"ubbear"},{"type":"B","date":"2018-03-21T07:00:33.000Z","volume":10000,"price":12.06,"category":"ubbear"},{"type":"B","date":"2018-03-21T06:32:58.000Z","volume":10000,"price":12.14,"category":"ubbear"},{"type":"B","date":"2018-03-21T06:10:38.000Z","volume":10000,"price":12.3,"category":"ubbear"},{"type":"B","date":"2018-03-21T05:36:43.000Z","volume":9000,"price":12.38,"category":"ubbear"},{"type":"B","date":"2018-03-21T05:32:22.000Z","volume":13000,"price":12.42,"category":"ubbear"},{"type":"B","date":"2018-03-21T02:44:28.000Z","volume":10000,"price":12.44,"category":"ubbear"},{"type":"B","date":"2018-03-21T02:26:38.000Z","volume":43000,"price":12.4,"category":"ubbear"},{"type":"B","date":"2018-03-21T02:26:38.000Z","volume":11000,"price":12.4,"category":"ubbear"}]