[{"type":"B","date":"2018-04-24T01:30:43.000Z","volume":30000,"label":" ","price":4.07},{"type":"B","date":"2018-04-24T01:30:44.000Z","volume":2000,"label":" ","price":4.09},{"type":"A","date":"2018-04-24T01:30:45.000Z","volume":4000,"label":" ","price":4.11},{"type":"B","date":"2018-04-24T01:30:46.000Z","volume":12000,"label":" ","price":4.07},{"type":"A","date":"2018-04-24T01:30:55.000Z","volume":2000,"label":" ","price":4.1},{"type":"A","date":"2018-04-24T01:30:55.000Z","volume":12000,"label":" ","price":4.11},{"type":"A","date":"2018-04-24T01:30:55.000Z","volume":2000,"label":" ","price":4.11},{"type":"B","date":"2018-04-24T01:30:56.000Z","volume":2000,"label":" ","price":4.1},{"type":"B","date":"2018-04-24T01:31:28.000Z","volume":4000,"label":" ","price":4.07},{"type":"U","date":"2018-04-24T01:34:23.000Z","volume":2000,"label":" ","price":4.08},{"type":"U","date":"2018-04-24T01:36:38.000Z","volume":10000,"label":" ","price":4.08},{"type":"U","date":"2018-04-24T01:38:00.000Z","volume":2000,"label":" ","price":4.09},{"type":"B","date":"2018-04-24T01:38:03.000Z","volume":2000,"label":" ","price":4.08},{"type":"B","date":"2018-04-24T01:38:53.000Z","volume":4000,"label":" ","price":4.09},{"type":"A","date":"2018-04-24T01:39:31.000Z","volume":16000,"label":" ","price":4.1},{"type":"B","date":"2018-04-24T01:39:31.000Z","volume":2000,"label":" ","price":4.09},{"type":"B","date":"2018-04-24T01:40:20.000Z","volume":2000,"label":" ","price":4.1},{"type":"U","date":"2018-04-24T01:40:36.000Z","volume":2000,"label":" ","price":4.11},{"type":"A","date":"2018-04-24T01:40:53.000Z","volume":20000,"label":" ","price":4.13},{"type":"B","date":"2018-04-24T01:40:54.000Z","volume":2000,"label":" ","price":4.1},{"type":"B","date":"2018-04-24T01:43:48.000Z","volume":8000,"label":" ","price":4.11},{"type":"A","date":"2018-04-24T01:45:25.000Z","volume":4000,"label":" ","price":4.13},{"type":"A","date":"2018-04-24T01:45:26.000Z","volume":2000,"label":" ","price":4.14},{"type":"B","date":"2018-04-24T01:45:43.000Z","volume":10000,"label":" ","price":4.14},{"type":"B","date":"2018-04-24T01:45:45.000Z","volume":10000,"label":" ","price":4.13},{"type":"B","date":"2018-04-24T01:45:45.000Z","volume":2000,"label":" ","price":4.12},{"type":"B","date":"2018-04-24T01:45:56.000Z","volume":2000,"label":" ","price":4.12},{"type":"B","date":"2018-04-24T01:46:06.000Z","volume":6000,"label":" ","price":4.12},{"type":"B","date":"2018-04-24T01:46:06.000Z","volume":14000,"label":" ","price":4.12},{"type":"B","date":"2018-04-24T01:46:13.000Z","volume":8000,"label":" ","price":4.11},{"type":"B","date":"2018-04-24T01:46:13.000Z","volume":2000,"label":" ","price":4.11},{"type":"U","date":"2018-04-24T01:46:29.000Z","volume":20000,"label":" ","price":4.12},{"type":"B","date":"2018-04-24T01:46:29.000Z","volume":8000,"label":" ","price":4.11},{"type":"B","date":"2018-04-24T01:46:29.000Z","volume":4000,"label":" ","price":4.12},{"type":"A","date":"2018-04-24T01:47:15.000Z","volume":28000,"label":" ","price":4.13},{"type":"A","date":"2018-04-24T01:47:16.000Z","volume":30000,"label":" ","price":4.14},{"type":"B","date":"2018-04-24T01:47:29.000Z","volume":2000,"label":" ","price":4.14},{"type":"B","date":"2018-04-24T01:52:09.000Z","volume":2000,"label":" ","price":4.14},{"type":"B","date":"2018-04-24T01:52:09.000Z","volume":8000,"label":" ","price":4.14},{"type":"A","date":"2018-04-24T01:52:15.000Z","volume":4000,"label":" ","price":4.14},{"type":"B","date":"2018-04-24T01:52:15.000Z","volume":2000,"label":" ","price":4.14},{"type":"A","date":"2018-04-24T01:55:04.000Z","volume":10000,"label":" ","price":4.15},{"type":"A","date":"2018-04-24T01:55:04.000Z","volume":16000,"label":" ","price":4.15},{"type":"A","date":"2018-04-24T01:55:06.000Z","volume":2000,"label":" ","price":4.16},{"type":"A","date":"2018-04-24T01:56:18.000Z","volume":10000,"label":" ","price":4.17},{"type":"A","date":"2018-04-24T01:56:18.000Z","volume":10000,"label":" ","price":4.17},{"type":"A","date":"2018-04-24T01:56:19.000Z","volume":14000,"label":" ","price":4.17},{"type":"B","date":"2018-04-24T01:56:33.000Z","volume":4000,"label":" ","price":4.17},{"type":"B","date":"2018-04-24T01:56:33.000Z","volume":8000,"label":" ","price":4.17},{"type":"B","date":"2018-04-24T01:56:55.000Z","volume":20000,"label":" ","price":4.16},{"type":"U","date":"2018-04-24T01:56:55.000Z","volume":14000,"label":" ","price":4.16},{"type":"A","date":"2018-04-24T01:57:56.000Z","volume":8000,"label":"Y","price":4.16},{"type":"A","date":"2018-04-24T01:57:56.000Z","volume":6000,"label":" ","price":4.16},{"type":"A","date":"2018-04-24T01:58:14.000Z","volume":2000,"label":" ","price":4.16},{"type":"B","date":"2018-04-24T01:58:14.000Z","volume":2000,"label":" ","price":4.16},{"type":"A","date":"2018-04-24T02:00:39.000Z","volume":60000,"label":" ","price":4.17},{"type":"A","date":"2018-04-24T02:00:48.000Z","volume":116000,"label":" ","price":4.18},{"type":"A","date":"2018-04-24T02:00:48.000Z","volume":10000,"label":" ","price":4.19},{"type":"A","date":"2018-04-24T02:00:51.000Z","volume":36000,"label":" ","price":4.2},{"type":"A","date":"2018-04-24T02:00:51.000Z","volume":58000,"label":" ","price":4.2},{"type":"U","date":"2018-04-24T02:00:57.000Z","volume":4000,"label":"X","price":4.18},{"type":"B","date":"2018-04-24T02:02:41.000Z","volume":120000,"label":" ","price":4.2},{"type":"B","date":"2018-04-24T02:02:41.000Z","volume":2000,"label":" ","price":4.19},{"type":"B","date":"2018-04-24T02:02:50.000Z","volume":2000,"label":" ","price":4.18},{"type":"A","date":"2018-04-24T02:11:30.000Z","volume":50000,"label":" ","price":4.19},{"type":"A","date":"2018-04-24T02:11:30.000Z","volume":8000,"label":" ","price":4.2},{"type":"A","date":"2018-04-24T02:11:30.000Z","volume":4000,"label":" ","price":4.2},{"type":"A","date":"2018-04-24T02:11:39.000Z","volume":8000,"label":" ","price":4.2},{"type":"B","date":"2018-04-24T02:11:41.000Z","volume":6000,"label":" ","price":4.2},{"type":"A","date":"2018-04-24T02:11:54.000Z","volume":4000,"label":" ","price":4.2},{"type":"A","date":"2018-04-24T02:12:40.000Z","volume":50000,"label":" ","price":4.2},{"type":"A","date":"2018-04-24T02:12:40.000Z","volume":62000,"label":" ","price":4.21},{"type":"A","date":"2018-04-24T02:12:40.000Z","volume":94000,"label":" ","price":4.22},{"type":"A","date":"2018-04-24T02:12:40.000Z","volume":158000,"label":" ","price":4.23},{"type":"A","date":"2018-04-24T02:12:40.000Z","volume":136000,"label":" ","price":4.24},{"type":"U","date":"2018-04-24T02:12:40.000Z","volume":2000,"label":" ","price":4.22},{"type":"U","date":"2018-04-24T02:12:52.000Z","volume":10000,"label":" ","price":4.23},{"type":"U","date":"2018-04-24T02:12:52.000Z","volume":10000,"label":" ","price":4.23},{"type":"B","date":"2018-04-24T02:12:54.000Z","volume":12000,"label":" ","price":4.23},{"type":"B","date":"2018-04-24T02:12:54.000Z","volume":2000,"label":"Y","price":4.23},{"type":"U","date":"2018-04-24T02:15:19.000Z","volume":10000,"label":" ","price":4.23},{"type":"B","date":"2018-04-24T02:15:19.000Z","volume":10000,"label":" ","price":4.23},{"type":"A","date":"2018-04-24T02:20:23.000Z","volume":80000,"label":"Y","price":4.2},{"type":"A","date":"2018-04-24T02:20:23.000Z","volume":6000,"label":" ","price":4.2},{"type":"B","date":"2018-04-24T02:20:35.000Z","volume":28000,"label":" ","price":4.2},{"type":"B","date":"2018-04-24T02:20:35.000Z","volume":72000,"label":" ","price":4.19},{"type":"A","date":"2018-04-24T02:21:25.000Z","volume":10000,"label":" ","price":4.2},{"type":"B","date":"2018-04-24T02:21:34.000Z","volume":2000,"label":" ","price":4.19},{"type":"B","date":"2018-04-24T02:21:34.000Z","volume":16000,"label":" ","price":4.19},{"type":"B","date":"2018-04-24T02:24:13.000Z","volume":6000,"label":" ","price":4.19},{"type":"A","date":"2018-04-24T02:28:39.000Z","volume":18000,"label":" ","price":4.19},{"type":"B","date":"2018-04-24T02:29:45.000Z","volume":14000,"label":" ","price":4.19},{"type":"A","date":"2018-04-24T02:30:32.000Z","volume":10000,"label":" ","price":4.19},{"type":"B","date":"2018-04-24T02:30:32.000Z","volume":2000,"label":" ","price":4.18},{"type":"A","date":"2018-04-24T02:31:31.000Z","volume":4000,"label":" ","price":4.19},{"type":"A","date":"2018-04-24T02:32:36.000Z","volume":24000,"label":" ","price":4.19},{"type":"A","date":"2018-04-24T02:32:36.000Z","volume":28000,"label":" ","price":4.19},{"type":"A","date":"2018-04-24T02:32:36.000Z","volume":42000,"label":" ","price":4.19},{"type":"B","date":"2018-04-24T02:32:37.000Z","volume":2000,"label":" ","price":4.18},{"type":"U","date":"2018-04-24T02:32:46.000Z","volume":10000,"label":" ","price":4.19},{"type":"A","date":"2018-04-24T02:33:18.000Z","volume":50000,"label":"Y","price":4.2},{"type":"U","date":"2018-04-24T02:33:18.000Z","volume":10000,"label":" ","price":4.19},{"type":"U","date":"2018-04-24T02:33:20.000Z","volume":10000,"label":" ","price":4.19},{"type":"A","date":"2018-04-24T02:33:32.000Z","volume":50000,"label":" ","price":4.2},{"type":"A","date":"2018-04-24T02:33:32.000Z","volume":22000,"label":" ","price":4.2},{"type":"A","date":"2018-04-24T02:33:33.000Z","volume":10000,"label":" ","price":4.21},{"type":"U","date":"2018-04-24T02:34:02.000Z","volume":10000,"label":" ","price":4.21},{"type":"U","date":"2018-04-24T02:34:14.000Z","volume":10000,"label":" ","price":4.21},{"type":"A","date":"2018-04-24T02:34:16.000Z","volume":10000,"label":" ","price":4.21},{"type":"A","date":"2018-04-24T02:34:26.000Z","volume":10000,"label":" ","price":4.21},{"type":"U","date":"2018-04-24T02:34:27.000Z","volume":2000,"label":"X","price":4.21},{"type":"B","date":"2018-04-24T02:35:34.000Z","volume":10000,"label":" ","price":4.21},{"type":"A","date":"2018-04-24T02:38:27.000Z","volume":6000,"label":" ","price":4.21},{"type":"A","date":"2018-04-24T02:38:33.000Z","volume":2000,"label":" ","price":4.21},{"type":"A","date":"2018-04-24T02:38:33.000Z","volume":6000,"label":" ","price":4.21},{"type":"A","date":"2018-04-24T02:38:33.000Z","volume":6000,"label":" ","price":4.21},{"type":"A","date":"2018-04-24T02:38:33.000Z","volume":8000,"label":" ","price":4.22},{"type":"A","date":"2018-04-24T02:39:00.000Z","volume":48000,"label":" ","price":4.22},{"type":"A","date":"2018-04-24T02:39:00.000Z","volume":120000,"label":" ","price":4.23},{"type":"A","date":"2018-04-24T02:39:00.000Z","volume":46000,"label":" ","price":4.24},{"type":"A","date":"2018-04-24T02:39:00.000Z","volume":176000,"label":" ","price":4.25},{"type":"A","date":"2018-04-24T02:39:00.000Z","volume":10000,"label":" ","price":4.25},{"type":"U","date":"2018-04-24T02:39:43.000Z","volume":8000,"label":" ","price":4.25},{"type":"A","date":"2018-04-24T02:40:23.000Z","volume":4000,"label":" ","price":4.25},{"type":"B","date":"2018-04-24T02:42:26.000Z","volume":16000,"label":" ","price":4.23},{"type":"A","date":"2018-04-24T02:44:55.000Z","volume":10000,"label":" ","price":4.23},{"type":"A","date":"2018-04-24T02:45:00.000Z","volume":20000,"label":" ","price":4.24},{"type":"B","date":"2018-04-24T02:45:09.000Z","volume":10000,"label":" ","price":4.23},{"type":"B","date":"2018-04-24T02:45:09.000Z","volume":2000,"label":" ","price":4.21},{"type":"B","date":"2018-04-24T02:48:03.000Z","volume":10000,"label":" ","price":4.21},{"type":"A","date":"2018-04-24T02:51:51.000Z","volume":2000,"label":"Y","price":4.22},{"type":"A","date":"2018-04-24T02:51:51.000Z","volume":2000,"label":" ","price":4.22},{"type":"B","date":"2018-04-24T02:58:09.000Z","volume":20000,"label":" ","price":4.21},{"type":"B","date":"2018-04-24T03:00:03.000Z","volume":2000,"label":"Y","price":4.21},{"type":"A","date":"2018-04-24T03:00:04.000Z","volume":2000,"label":" ","price":4.21},{"type":"A","date":"2018-04-24T03:00:13.000Z","volume":16000,"label":" ","price":4.21},{"type":"B","date":"2018-04-24T03:00:13.000Z","volume":2000,"label":" ","price":4.2},{"type":"B","date":"2018-04-24T03:03:30.000Z","volume":106000,"label":" ","price":4.2},{"type":"B","date":"2018-04-24T03:03:30.000Z","volume":4000,"label":" ","price":4.19},{"type":"A","date":"2018-04-24T03:05:23.000Z","volume":2000,"label":" ","price":4.2},{"type":"A","date":"2018-04-24T03:05:24.000Z","volume":52000,"label":" ","price":4.2},{"type":"U","date":"2018-04-24T03:05:24.000Z","volume":2000,"label":" ","price":4.19},{"type":"A","date":"2018-04-24T03:07:17.000Z","volume":2000,"label":"Y","price":4.22},{"type":"A","date":"2018-04-24T03:07:17.000Z","volume":24000,"label":" ","price":4.22},{"type":"A","date":"2018-04-24T03:07:44.000Z","volume":2000,"label":" ","price":4.22},{"type":"A","date":"2018-04-24T03:08:03.000Z","volume":36000,"label":" ","price":4.23},{"type":"A","date":"2018-04-24T03:08:03.000Z","volume":24000,"label":" ","price":4.23},{"type":"A","date":"2018-04-24T03:10:39.000Z","volume":10000,"label":" ","price":4.23},{"type":"A","date":"2018-04-24T03:10:39.000Z","volume":12000,"label":" ","price":4.23},{"type":"U","date":"2018-04-24T03:10:44.000Z","volume":4000,"label":" ","price":4.23},{"type":"B","date":"2018-04-24T03:10:44.000Z","volume":6000,"label":" ","price":4.23},{"type":"B","date":"2018-04-24T03:12:38.000Z","volume":4000,"label":" ","price":4.22},{"type":"A","date":"2018-04-24T03:13:17.000Z","volume":6000,"label":" ","price":4.22},{"type":"A","date":"2018-04-24T03:21:08.000Z","volume":16000,"label":" ","price":4.21},{"type":"B","date":"2018-04-24T03:23:26.000Z","volume":30000,"label":" ","price":4.2},{"type":"A","date":"2018-04-24T03:24:02.000Z","volume":10000,"label":" ","price":4.21},{"type":"B","date":"2018-04-24T03:24:49.000Z","volume":10000,"label":" ","price":4.2},{"type":"B","date":"2018-04-24T03:27:47.000Z","volume":2000,"label":" ","price":4.18},{"type":"B","date":"2018-04-24T03:31:29.000Z","volume":62000,"label":" ","price":4.18},{"type":"B","date":"2018-04-24T03:31:29.000Z","volume":50000,"label":" ","price":4.17},{"type":"B","date":"2018-04-24T03:31:29.000Z","volume":128000,"label":" ","price":4.16},{"type":"A","date":"2018-04-24T03:31:29.000Z","volume":2000,"label":"Y","price":4.21},{"type":"A","date":"2018-04-24T03:31:29.000Z","volume":12000,"label":" ","price":4.21},{"type":"A","date":"2018-04-24T03:33:37.000Z","volume":2000,"label":" ","price":4.2},{"type":"B","date":"2018-04-24T03:33:43.000Z","volume":2000,"label":" ","price":4.17},{"type":"B","date":"2018-04-24T03:42:14.000Z","volume":2000,"label":" ","price":4.18},{"type":"A","date":"2018-04-24T03:55:23.000Z","volume":10000,"label":" ","price":4.19},{"type":"U","date":"2018-04-24T03:55:23.000Z","volume":2000,"label":"X","price":4.19},{"type":"U","date":"2018-04-24T03:56:51.000Z","volume":2000,"label":"X","price":4.185},{"type":"A","date":"2018-04-24T05:00:32.000Z","volume":10000,"label":" ","price":4.19},{"type":"A","date":"2018-04-24T05:00:54.000Z","volume":2000,"label":" ","price":4.2},{"type":"A","date":"2018-04-24T05:03:39.000Z","volume":14000,"label":" ","price":4.2},{"type":"A","date":"2018-04-24T05:05:34.000Z","volume":4000,"label":" ","price":4.2},{"type":"B","date":"2018-04-24T05:08:49.000Z","volume":4000,"label":" ","price":4.19},{"type":"A","date":"2018-04-24T05:08:55.000Z","volume":2000,"label":" ","price":4.19},{"type":"A","date":"2018-04-24T05:08:59.000Z","volume":14000,"label":" ","price":4.19},{"type":"A","date":"2018-04-24T05:31:56.000Z","volume":2000,"label":" ","price":4.19},{"type":"A","date":"2018-04-24T05:35:15.000Z","volume":18000,"label":" ","price":4.19},{"type":"A","date":"2018-04-24T05:35:16.000Z","volume":2000,"label":" ","price":4.19},{"type":"B","date":"2018-04-24T05:37:09.000Z","volume":2000,"label":" ","price":4.18},{"type":"A","date":"2018-04-24T05:39:43.000Z","volume":2000,"label":" ","price":4.19},{"type":"B","date":"2018-04-24T05:45:08.000Z","volume":4000,"label":" ","price":4.18},{"type":"A","date":"2018-04-24T05:46:33.000Z","volume":2000,"label":" ","price":4.19},{"type":"B","date":"2018-04-24T05:48:08.000Z","volume":4000,"label":" ","price":4.18},{"type":"B","date":"2018-04-24T05:49:35.000Z","volume":30000,"label":" ","price":4.18},{"type":"B","date":"2018-04-24T05:49:40.000Z","volume":32000,"label":" ","price":4.18},{"type":"B","date":"2018-04-24T05:50:20.000Z","volume":2000,"label":" ","price":4.17},{"type":"B","date":"2018-04-24T05:51:08.000Z","volume":4000,"label":"Y","price":4.17},{"type":"B","date":"2018-04-24T05:54:08.000Z","volume":4000,"label":"Y","price":4.17},{"type":"A","date":"2018-04-24T05:54:56.000Z","volume":14000,"label":" ","price":4.18},{"type":"B","date":"2018-04-24T05:54:56.000Z","volume":6000,"label":" ","price":4.18},{"type":"U","date":"2018-04-24T05:56:44.000Z","volume":2000,"label":" ","price":4.18},{"type":"A","date":"2018-04-24T05:56:54.000Z","volume":50000,"label":" ","price":4.18},{"type":"A","date":"2018-04-24T05:56:54.000Z","volume":72000,"label":" ","price":4.19},{"type":"A","date":"2018-04-24T05:56:54.000Z","volume":2000,"label":" ","price":4.2},{"type":"A","date":"2018-04-24T05:57:23.000Z","volume":40000,"label":" ","price":4.2},{"type":"A","date":"2018-04-24T05:57:27.000Z","volume":10000,"label":" ","price":4.2},{"type":"A","date":"2018-04-24T05:57:33.000Z","volume":6000,"label":" ","price":4.2},{"type":"A","date":"2018-04-24T05:59:27.000Z","volume":36000,"label":" ","price":4.2},{"type":"B","date":"2018-04-24T06:00:39.000Z","volume":50000,"label":" ","price":4.2},{"type":"B","date":"2018-04-24T06:00:39.000Z","volume":86000,"label":" ","price":4.2},{"type":"B","date":"2018-04-24T06:00:44.000Z","volume":2000,"label":" ","price":4.2},{"type":"B","date":"2018-04-24T06:01:11.000Z","volume":2000,"label":" ","price":4.19},{"type":"B","date":"2018-04-24T06:03:08.000Z","volume":4000,"label":" ","price":4.18},{"type":"B","date":"2018-04-24T06:06:08.000Z","volume":4000,"label":" ","price":4.18},{"type":"B","date":"2018-04-24T06:07:58.000Z","volume":2000,"label":" ","price":4.19},{"type":"A","date":"2018-04-24T06:08:08.000Z","volume":18000,"label":" ","price":4.19},{"type":"A","date":"2018-04-24T06:08:08.000Z","volume":42000,"label":" ","price":4.2},{"type":"B","date":"2018-04-24T06:09:08.000Z","volume":4000,"label":" ","price":4.19},{"type":"A","date":"2018-04-24T06:10:52.000Z","volume":38000,"label":" ","price":4.2},{"type":"B","date":"2018-04-24T06:10:53.000Z","volume":2000,"label":" ","price":4.2},{"type":"B","date":"2018-04-24T06:15:08.000Z","volume":6000,"label":" ","price":4.18},{"type":"B","date":"2018-04-24T06:18:08.000Z","volume":4000,"label":" ","price":4.18},{"type":"B","date":"2018-04-24T06:21:08.000Z","volume":4000,"label":" ","price":4.18},{"type":"A","date":"2018-04-24T06:21:08.000Z","volume":20000,"label":" ","price":4.19},{"type":"B","date":"2018-04-24T06:24:08.000Z","volume":4000,"label":" ","price":4.18},{"type":"B","date":"2018-04-24T06:27:08.000Z","volume":4000,"label":" ","price":4.18},{"type":"B","date":"2018-04-24T06:30:08.000Z","volume":4000,"label":" ","price":4.18},{"type":"B","date":"2018-04-24T06:33:08.000Z","volume":6000,"label":" ","price":4.18},{"type":"A","date":"2018-04-24T06:35:39.000Z","volume":16000,"label":" ","price":4.19},{"type":"A","date":"2018-04-24T06:35:39.000Z","volume":6000,"label":" ","price":4.19},{"type":"A","date":"2018-04-24T06:35:40.000Z","volume":12000,"label":" ","price":4.19},{"type":"A","date":"2018-04-24T06:38:52.000Z","volume":2000,"label":" ","price":4.19},{"type":"A","date":"2018-04-24T06:38:53.000Z","volume":10000,"label":" ","price":4.19},{"type":"A","date":"2018-04-24T06:38:53.000Z","volume":12000,"label":" ","price":4.19},{"type":"B","date":"2018-04-24T06:42:08.000Z","volume":4000,"label":" ","price":4.18},{"type":"A","date":"2018-04-24T06:42:54.000Z","volume":12000,"label":" ","price":4.2},{"type":"B","date":"2018-04-24T06:43:21.000Z","volume":2000,"label":" ","price":4.19},{"type":"A","date":"2018-04-24T06:43:46.000Z","volume":14000,"label":" ","price":4.2},{"type":"A","date":"2018-04-24T06:44:41.000Z","volume":4000,"label":" ","price":4.21},{"type":"A","date":"2018-04-24T06:44:41.000Z","volume":8000,"label":" ","price":4.22},{"type":"A","date":"2018-04-24T06:47:59.000Z","volume":6000,"label":"Y","price":4.21},{"type":"A","date":"2018-04-24T06:47:59.000Z","volume":6000,"label":" ","price":4.21},{"type":"A","date":"2018-04-24T06:47:59.000Z","volume":8000,"label":" ","price":4.21},{"type":"B","date":"2018-04-24T06:51:08.000Z","volume":4000,"label":" ","price":4.2},{"type":"B","date":"2018-04-24T06:54:08.000Z","volume":4000,"label":" ","price":4.2},{"type":"B","date":"2018-04-24T06:57:08.000Z","volume":4000,"label":" ","price":4.21},{"type":"B","date":"2018-04-24T07:00:08.000Z","volume":4000,"label":" ","price":4.21},{"type":"B","date":"2018-04-24T07:01:49.000Z","volume":18000,"label":" ","price":4.21},{"type":"B","date":"2018-04-24T07:02:26.000Z","volume":14000,"label":" ","price":4.2},{"type":"B","date":"2018-04-24T07:02:26.000Z","volume":6000,"label":" ","price":4.2},{"type":"B","date":"2018-04-24T07:02:26.000Z","volume":2000,"label":" ","price":4.2},{"type":"B","date":"2018-04-24T07:03:08.000Z","volume":4000,"label":" ","price":4.2},{"type":"A","date":"2018-04-24T07:04:27.000Z","volume":4000,"label":" ","price":4.21},{"type":"B","date":"2018-04-24T07:06:08.000Z","volume":6000,"label":"Y","price":4.2},{"type":"A","date":"2018-04-24T07:08:48.000Z","volume":10000,"label":" ","price":4.21},{"type":"A","date":"2018-04-24T07:08:54.000Z","volume":2000,"label":"Y","price":4.21},{"type":"A","date":"2018-04-24T07:08:54.000Z","volume":2000,"label":" ","price":4.21},{"type":"A","date":"2018-04-24T07:09:00.000Z","volume":2000,"label":"Y","price":4.21},{"type":"A","date":"2018-04-24T07:09:00.000Z","volume":2000,"label":" ","price":4.21},{"type":"B","date":"2018-04-24T07:12:08.000Z","volume":4000,"label":" ","price":4.2},{"type":"A","date":"2018-04-24T07:12:26.000Z","volume":14000,"label":" ","price":4.22},{"type":"A","date":"2018-04-24T07:12:26.000Z","volume":2000,"label":" ","price":4.22},{"type":"B","date":"2018-04-24T07:12:26.000Z","volume":4000,"label":" ","price":4.22},{"type":"A","date":"2018-04-24T07:15:04.000Z","volume":2000,"label":" ","price":4.22},{"type":"A","date":"2018-04-24T07:15:04.000Z","volume":2000,"label":" ","price":4.21},{"type":"A","date":"2018-04-24T07:18:07.000Z","volume":6000,"label":" ","price":4.22},{"type":"B","date":"2018-04-24T07:21:08.000Z","volume":6000,"label":" ","price":4.21},{"type":"B","date":"2018-04-24T07:22:01.000Z","volume":10000,"label":" ","price":4.22},{"type":"B","date":"2018-04-24T07:24:08.000Z","volume":4000,"label":" ","price":4.21},{"type":"B","date":"2018-04-24T07:24:16.000Z","volume":8000,"label":" ","price":4.21},{"type":"A","date":"2018-04-24T07:24:19.000Z","volume":72000,"label":" ","price":4.23},{"type":"A","date":"2018-04-24T07:26:25.000Z","volume":30000,"label":" ","price":4.24},{"type":"B","date":"2018-04-24T07:27:08.000Z","volume":4000,"label":" ","price":4.23},{"type":"B","date":"2018-04-24T07:28:42.000Z","volume":126000,"label":" ","price":4.23},{"type":"B","date":"2018-04-24T07:28:44.000Z","volume":36000,"label":" ","price":4.23},{"type":"B","date":"2018-04-24T07:30:02.000Z","volume":64000,"label":" ","price":4.23},{"type":"B","date":"2018-04-24T07:30:08.000Z","volume":4000,"label":" ","price":4.22},{"type":"B","date":"2018-04-24T07:30:08.000Z","volume":2000,"label":" ","price":4.22},{"type":"B","date":"2018-04-24T07:30:13.000Z","volume":2000,"label":" ","price":4.22},{"type":"B","date":"2018-04-24T07:30:15.000Z","volume":2000,"label":" ","price":4.2},{"type":"B","date":"2018-04-24T07:33:08.000Z","volume":4000,"label":"Y","price":4.21},{"type":"A","date":"2018-04-24T07:36:05.000Z","volume":2000,"label":" ","price":4.23},{"type":"B","date":"2018-04-24T07:36:08.000Z","volume":4000,"label":"Y","price":4.21},{"type":"B","date":"2018-04-24T07:37:15.000Z","volume":2000,"label":" ","price":4.23},{"type":"A","date":"2018-04-24T07:37:19.000Z","volume":40000,"label":"Y","price":4.24},{"type":"B","date":"2018-04-24T07:39:08.000Z","volume":4000,"label":"Y","price":4.23},{"type":"A","date":"2018-04-24T07:39:09.000Z","volume":20000,"label":"Y","price":4.24},{"type":"A","date":"2018-04-24T07:39:56.000Z","volume":66000,"label":" ","price":4.24},{"type":"A","date":"2018-04-24T07:43:44.000Z","volume":150000,"label":" ","price":4.25},{"type":"A","date":"2018-04-24T07:43:44.000Z","volume":12000,"label":" ","price":4.25},{"type":"B","date":"2018-04-24T07:44:13.000Z","volume":30000,"label":" ","price":4.24},{"type":"B","date":"2018-04-24T07:44:20.000Z","volume":20000,"label":" ","price":4.25},{"type":"B","date":"2018-04-24T07:44:26.000Z","volume":4000,"label":" ","price":4.25},{"type":"B","date":"2018-04-24T07:44:59.000Z","volume":20000,"label":" ","price":4.25},{"type":"B","date":"2018-04-24T07:45:15.000Z","volume":2000,"label":" ","price":4.25},{"type":"B","date":"2018-04-24T07:45:15.000Z","volume":10000,"label":" ","price":4.25},{"type":"B","date":"2018-04-24T07:48:08.000Z","volume":4000,"label":" ","price":4.24},{"type":"B","date":"2018-04-24T07:48:28.000Z","volume":2000,"label":" ","price":4.25},{"type":"B","date":"2018-04-24T07:51:08.000Z","volume":4000,"label":" ","price":4.24},{"type":"B","date":"2018-04-24T07:51:37.000Z","volume":10000,"label":" ","price":4.24},{"type":"B","date":"2018-04-24T07:53:04.000Z","volume":2000,"label":" ","price":4.24},{"type":"B","date":"2018-04-24T07:53:04.000Z","volume":12000,"label":" ","price":4.24},{"type":"A","date":"2018-04-24T07:53:30.000Z","volume":20000,"label":" ","price":4.26},{"type":"A","date":"2018-04-24T07:54:05.000Z","volume":6000,"label":" ","price":4.25},{"type":"B","date":"2018-04-24T07:56:56.000Z","volume":6000,"label":" ","price":4.24},{"type":"A","date":"2018-04-24T07:56:56.000Z","volume":4000,"label":" ","price":4.24},{"type":"B","date":"2018-04-24T07:57:08.000Z","volume":4000,"label":" ","price":4.23},{"type":"B","date":"2018-04-24T07:58:48.000Z","volume":4000,"label":" ","price":4.23},{"type":"B","date":"2018-04-24T07:58:57.000Z","volume":2000,"label":" ","price":4.23},{"type":"A","date":"2018-04-24T07:58:58.000Z","volume":2000,"label":" ","price":4.25},{"type":"A","date":"2018-04-24T07:59:00.000Z","volume":2000,"label":" ","price":4.25},{"type":"A","date":"2018-04-24T07:59:25.000Z","volume":2000,"label":" ","price":4.25},{"type":"A","date":"2018-04-24T07:59:25.000Z","volume":2000,"label":" ","price":4.25},{"type":"A","date":"2018-04-24T07:59:27.000Z","volume":2000,"label":" ","price":4.25},{"type":"A","date":"2018-04-24T07:59:35.000Z","volume":12000,"label":" ","price":4.25},{"type":"A","date":"2018-04-24T07:59:35.000Z","volume":6000,"label":" ","price":4.26},{"type":"A","date":"2018-04-24T07:59:53.000Z","volume":4000,"label":" ","price":4.26},{"type":"A","date":"2018-04-24T07:59:54.000Z","volume":2000,"label":" ","price":4.26},{"type":"B","date":"2018-04-24T07:59:55.000Z","volume":2000,"label":" ","price":4.24},{"type":"A","date":"2018-04-24T07:59:55.000Z","volume":2000,"label":" ","price":4.26},{"type":"A","date":"2018-04-24T07:59:55.000Z","volume":2000,"label":" ","price":4.26},{"type":"U","date":"2018-04-24T08:08:02.000Z","volume":130000,"label":"U","price":4.26}]