[{"type":"U","date":"2018-04-19T01:20:00.000Z","volume":70000,"label":"U","price":0.9},{"type":"A","date":"2018-04-19T01:30:00.000Z","volume":18000,"label":" ","price":0.91},{"type":"A","date":"2018-04-19T01:30:00.000Z","volume":70000,"label":" ","price":0.92},{"type":"A","date":"2018-04-19T01:30:00.000Z","volume":12000,"label":" ","price":0.92},{"type":"A","date":"2018-04-19T01:30:01.000Z","volume":74000,"label":" ","price":0.93},{"type":"B","date":"2018-04-19T01:30:16.000Z","volume":6000,"label":" ","price":0.93},{"type":"B","date":"2018-04-19T01:30:20.000Z","volume":40000,"label":" ","price":0.93},{"type":"B","date":"2018-04-19T01:30:21.000Z","volume":16000,"label":" ","price":0.91},{"type":"A","date":"2018-04-19T01:30:27.000Z","volume":190000,"label":" ","price":0.93},{"type":"A","date":"2018-04-19T01:31:39.000Z","volume":10000,"label":" ","price":0.94},{"type":"A","date":"2018-04-19T01:31:45.000Z","volume":8000,"label":"Y","price":0.94},{"type":"A","date":"2018-04-19T01:31:45.000Z","volume":12000,"label":" ","price":0.94},{"type":"A","date":"2018-04-19T01:32:27.000Z","volume":20000,"label":" ","price":0.94},{"type":"A","date":"2018-04-19T01:32:45.000Z","volume":16000,"label":" ","price":0.94},{"type":"A","date":"2018-04-19T01:33:03.000Z","volume":2000,"label":" ","price":0.94},{"type":"A","date":"2018-04-19T01:33:24.000Z","volume":10000,"label":" ","price":0.93},{"type":"A","date":"2018-04-19T01:33:24.000Z","volume":2000,"label":"Y","price":0.94},{"type":"A","date":"2018-04-19T01:33:24.000Z","volume":8000,"label":" ","price":0.94},{"type":"B","date":"2018-04-19T01:33:27.000Z","volume":10000,"label":" ","price":0.93},{"type":"U","date":"2018-04-19T01:33:53.000Z","volume":10000,"label":" ","price":0.93},{"type":"A","date":"2018-04-19T01:34:18.000Z","volume":2000,"label":" ","price":0.94},{"type":"A","date":"2018-04-19T01:34:53.000Z","volume":10000,"label":" ","price":0.93},{"type":"A","date":"2018-04-19T01:35:48.000Z","volume":14000,"label":" ","price":0.93},{"type":"A","date":"2018-04-19T01:36:58.000Z","volume":10000,"label":" ","price":0.93},{"type":"B","date":"2018-04-19T01:37:35.000Z","volume":2000,"label":"Y","price":0.91},{"type":"B","date":"2018-04-19T01:37:35.000Z","volume":94000,"label":" ","price":0.91},{"type":"B","date":"2018-04-19T01:37:48.000Z","volume":2000,"label":" ","price":0.9},{"type":"B","date":"2018-04-19T01:38:22.000Z","volume":144000,"label":" ","price":0.9},{"type":"A","date":"2018-04-19T01:38:53.000Z","volume":10000,"label":" ","price":0.9},{"type":"A","date":"2018-04-19T01:39:37.000Z","volume":24000,"label":" ","price":0.9},{"type":"A","date":"2018-04-19T01:39:37.000Z","volume":26000,"label":" ","price":0.9},{"type":"A","date":"2018-04-19T01:42:02.000Z","volume":10000,"label":" ","price":0.9},{"type":"A","date":"2018-04-19T01:42:14.000Z","volume":20000,"label":" ","price":0.9},{"type":"A","date":"2018-04-19T01:44:20.000Z","volume":20000,"label":" ","price":0.9},{"type":"A","date":"2018-04-19T01:44:20.000Z","volume":70000,"label":" ","price":0.91},{"type":"A","date":"2018-04-19T01:44:20.000Z","volume":10000,"label":" ","price":0.91},{"type":"B","date":"2018-04-19T01:45:38.000Z","volume":20000,"label":" ","price":0.9},{"type":"A","date":"2018-04-19T01:51:11.000Z","volume":10000,"label":" ","price":0.9},{"type":"A","date":"2018-04-19T01:51:11.000Z","volume":10000,"label":" ","price":0.9},{"type":"A","date":"2018-04-19T01:56:21.000Z","volume":100000,"label":" ","price":0.91},{"type":"A","date":"2018-04-19T01:56:34.000Z","volume":2000,"label":" ","price":0.91},{"type":"A","date":"2018-04-19T01:56:34.000Z","volume":28000,"label":" ","price":0.91},{"type":"A","date":"2018-04-19T01:57:02.000Z","volume":272000,"label":" ","price":0.92},{"type":"A","date":"2018-04-19T01:57:02.000Z","volume":128000,"label":" ","price":0.92},{"type":"U","date":"2018-04-19T01:57:27.000Z","volume":74000,"label":" ","price":0.92},{"type":"U","date":"2018-04-19T01:57:27.000Z","volume":26000,"label":" ","price":0.92},{"type":"A","date":"2018-04-19T01:57:39.000Z","volume":100000,"label":" ","price":0.93},{"type":"A","date":"2018-04-19T02:00:27.000Z","volume":10000,"label":" ","price":0.92},{"type":"A","date":"2018-04-19T02:01:16.000Z","volume":16000,"label":" ","price":0.93},{"type":"A","date":"2018-04-19T02:02:20.000Z","volume":100000,"label":" ","price":0.93},{"type":"A","date":"2018-04-19T02:02:27.000Z","volume":38000,"label":"Y","price":0.93},{"type":"A","date":"2018-04-19T02:02:27.000Z","volume":94000,"label":" ","price":0.93},{"type":"A","date":"2018-04-19T02:02:45.000Z","volume":30000,"label":" ","price":0.93},{"type":"A","date":"2018-04-19T02:03:10.000Z","volume":50000,"label":" ","price":0.93},{"type":"A","date":"2018-04-19T02:03:28.000Z","volume":20000,"label":" ","price":0.93},{"type":"B","date":"2018-04-19T02:03:41.000Z","volume":242000,"label":" ","price":0.92},{"type":"B","date":"2018-04-19T02:03:48.000Z","volume":4000,"label":" ","price":0.91},{"type":"B","date":"2018-04-19T02:03:48.000Z","volume":6000,"label":" ","price":0.91},{"type":"B","date":"2018-04-19T02:05:22.000Z","volume":4000,"label":" ","price":0.91},{"type":"B","date":"2018-04-19T02:05:22.000Z","volume":42000,"label":" ","price":0.91},{"type":"B","date":"2018-04-19T02:05:44.000Z","volume":2000,"label":" ","price":0.91},{"type":"B","date":"2018-04-19T02:06:06.000Z","volume":10000,"label":" ","price":0.91},{"type":"B","date":"2018-04-19T02:06:47.000Z","volume":2000,"label":" ","price":0.91},{"type":"A","date":"2018-04-19T02:07:58.000Z","volume":44000,"label":" ","price":0.92},{"type":"B","date":"2018-04-19T02:08:14.000Z","volume":2000,"label":" ","price":0.91},{"type":"B","date":"2018-04-19T02:09:12.000Z","volume":8000,"label":" ","price":0.91},{"type":"A","date":"2018-04-19T02:09:53.000Z","volume":60000,"label":" ","price":0.91},{"type":"B","date":"2018-04-19T02:12:29.000Z","volume":100000,"label":" ","price":0.92},{"type":"A","date":"2018-04-19T02:15:43.000Z","volume":10000,"label":" ","price":0.93},{"type":"A","date":"2018-04-19T02:16:04.000Z","volume":22000,"label":" ","price":0.93},{"type":"A","date":"2018-04-19T02:16:29.000Z","volume":16000,"label":" ","price":0.93},{"type":"B","date":"2018-04-19T02:17:36.000Z","volume":50000,"label":" ","price":0.92},{"type":"B","date":"2018-04-19T02:18:31.000Z","volume":164000,"label":" ","price":0.91},{"type":"B","date":"2018-04-19T02:19:47.000Z","volume":2000,"label":" ","price":0.91},{"type":"B","date":"2018-04-19T02:19:57.000Z","volume":56000,"label":" ","price":0.91},{"type":"A","date":"2018-04-19T02:20:04.000Z","volume":4000,"label":" ","price":0.91},{"type":"A","date":"2018-04-19T02:21:16.000Z","volume":26000,"label":" ","price":0.91},{"type":"A","date":"2018-04-19T02:21:18.000Z","volume":10000,"label":" ","price":0.91},{"type":"A","date":"2018-04-19T02:21:21.000Z","volume":4000,"label":"Y","price":0.91},{"type":"A","date":"2018-04-19T02:21:21.000Z","volume":2000,"label":" ","price":0.91},{"type":"B","date":"2018-04-19T02:26:53.000Z","volume":50000,"label":" ","price":0.91},{"type":"A","date":"2018-04-19T02:31:26.000Z","volume":6000,"label":" ","price":0.92},{"type":"B","date":"2018-04-19T02:33:46.000Z","volume":2000,"label":" ","price":0.92},{"type":"A","date":"2018-04-19T02:34:41.000Z","volume":20000,"label":" ","price":0.93},{"type":"A","date":"2018-04-19T02:35:49.000Z","volume":20000,"label":" ","price":0.93},{"type":"A","date":"2018-04-19T02:36:03.000Z","volume":8000,"label":" ","price":0.93},{"type":"B","date":"2018-04-19T02:36:04.000Z","volume":2000,"label":" ","price":0.92},{"type":"A","date":"2018-04-19T02:36:55.000Z","volume":30000,"label":" ","price":0.93},{"type":"A","date":"2018-04-19T02:37:00.000Z","volume":20000,"label":" ","price":0.93},{"type":"A","date":"2018-04-19T02:37:05.000Z","volume":10000,"label":" ","price":0.93},{"type":"A","date":"2018-04-19T02:37:15.000Z","volume":24000,"label":" ","price":0.93},{"type":"A","date":"2018-04-19T02:37:20.000Z","volume":20000,"label":" ","price":0.93},{"type":"A","date":"2018-04-19T02:38:05.000Z","volume":20000,"label":" ","price":0.93},{"type":"B","date":"2018-04-19T02:38:30.000Z","volume":20000,"label":" ","price":0.92},{"type":"B","date":"2018-04-19T02:40:13.000Z","volume":56000,"label":" ","price":0.92},{"type":"B","date":"2018-04-19T02:40:34.000Z","volume":2000,"label":" ","price":0.92},{"type":"A","date":"2018-04-19T02:41:16.000Z","volume":20000,"label":" ","price":0.93},{"type":"A","date":"2018-04-19T02:42:58.000Z","volume":148000,"label":" ","price":0.93},{"type":"B","date":"2018-04-19T02:43:23.000Z","volume":92000,"label":" ","price":0.93},{"type":"A","date":"2018-04-19T02:44:00.000Z","volume":10000,"label":" ","price":0.93},{"type":"A","date":"2018-04-19T02:44:28.000Z","volume":380000,"label":" ","price":0.94},{"type":"A","date":"2018-04-19T02:44:59.000Z","volume":50000,"label":" ","price":0.95},{"type":"A","date":"2018-04-19T02:45:21.000Z","volume":2000,"label":" ","price":0.95},{"type":"A","date":"2018-04-19T02:45:26.000Z","volume":20000,"label":" ","price":0.95},{"type":"A","date":"2018-04-19T02:45:45.000Z","volume":50000,"label":" ","price":0.95},{"type":"A","date":"2018-04-19T02:45:53.000Z","volume":254000,"label":" ","price":0.95},{"type":"B","date":"2018-04-19T02:46:01.000Z","volume":20000,"label":" ","price":0.95},{"type":"A","date":"2018-04-19T02:46:27.000Z","volume":12000,"label":" ","price":0.96},{"type":"A","date":"2018-04-19T02:46:40.000Z","volume":50000,"label":" ","price":0.96},{"type":"B","date":"2018-04-19T02:46:49.000Z","volume":26000,"label":" ","price":0.95},{"type":"A","date":"2018-04-19T02:47:29.000Z","volume":24000,"label":" ","price":0.95},{"type":"B","date":"2018-04-19T02:47:59.000Z","volume":46000,"label":" ","price":0.95},{"type":"B","date":"2018-04-19T02:49:02.000Z","volume":10000,"label":" ","price":0.94},{"type":"A","date":"2018-04-19T02:49:44.000Z","volume":8000,"label":" ","price":0.94},{"type":"A","date":"2018-04-19T02:49:58.000Z","volume":2000,"label":" ","price":0.94},{"type":"B","date":"2018-04-19T02:50:44.000Z","volume":18000,"label":" ","price":0.94},{"type":"A","date":"2018-04-19T02:51:00.000Z","volume":2000,"label":" ","price":0.94},{"type":"A","date":"2018-04-19T02:51:00.000Z","volume":2000,"label":" ","price":0.95},{"type":"A","date":"2018-04-19T02:52:08.000Z","volume":4000,"label":" ","price":0.95},{"type":"B","date":"2018-04-19T02:52:11.000Z","volume":4000,"label":"Y","price":0.94},{"type":"B","date":"2018-04-19T02:52:11.000Z","volume":6000,"label":" ","price":0.94},{"type":"A","date":"2018-04-19T02:52:27.000Z","volume":10000,"label":" ","price":0.95},{"type":"A","date":"2018-04-19T02:52:35.000Z","volume":2000,"label":"Y","price":0.95},{"type":"A","date":"2018-04-19T02:52:35.000Z","volume":38000,"label":" ","price":0.95},{"type":"B","date":"2018-04-19T02:53:45.000Z","volume":20000,"label":" ","price":0.94},{"type":"B","date":"2018-04-19T02:53:51.000Z","volume":6000,"label":"Y","price":0.94},{"type":"B","date":"2018-04-19T02:53:51.000Z","volume":4000,"label":" ","price":0.94},{"type":"B","date":"2018-04-19T02:54:35.000Z","volume":2000,"label":" ","price":0.94},{"type":"A","date":"2018-04-19T02:57:39.000Z","volume":4000,"label":"Y","price":0.95},{"type":"B","date":"2018-04-19T02:57:50.000Z","volume":34000,"label":" ","price":0.94},{"type":"B","date":"2018-04-19T03:00:52.000Z","volume":128000,"label":" ","price":0.93},{"type":"B","date":"2018-04-19T03:02:25.000Z","volume":40000,"label":" ","price":0.93},{"type":"B","date":"2018-04-19T03:03:33.000Z","volume":72000,"label":" ","price":0.92},{"type":"B","date":"2018-04-19T03:04:41.000Z","volume":362000,"label":" ","price":0.91},{"type":"A","date":"2018-04-19T03:04:54.000Z","volume":8000,"label":" ","price":0.91},{"type":"A","date":"2018-04-19T03:04:59.000Z","volume":44000,"label":" ","price":0.91},{"type":"A","date":"2018-04-19T03:05:04.000Z","volume":76000,"label":" ","price":0.91},{"type":"B","date":"2018-04-19T03:05:05.000Z","volume":6000,"label":" ","price":0.91},{"type":"B","date":"2018-04-19T03:05:13.000Z","volume":2000,"label":" ","price":0.91},{"type":"A","date":"2018-04-19T03:05:23.000Z","volume":18000,"label":" ","price":0.91},{"type":"A","date":"2018-04-19T03:05:23.000Z","volume":2000,"label":" ","price":0.92},{"type":"B","date":"2018-04-19T03:08:16.000Z","volume":8000,"label":" ","price":0.91},{"type":"B","date":"2018-04-19T03:11:54.000Z","volume":50000,"label":" ","price":0.91},{"type":"B","date":"2018-04-19T03:11:58.000Z","volume":6000,"label":" ","price":0.91},{"type":"A","date":"2018-04-19T03:14:09.000Z","volume":48000,"label":" ","price":0.91},{"type":"A","date":"2018-04-19T03:23:40.000Z","volume":10000,"label":" ","price":0.91},{"type":"A","date":"2018-04-19T03:25:04.000Z","volume":10000,"label":" ","price":0.91},{"type":"A","date":"2018-04-19T03:27:45.000Z","volume":10000,"label":" ","price":0.91},{"type":"A","date":"2018-04-19T03:29:27.000Z","volume":20000,"label":" ","price":0.91},{"type":"A","date":"2018-04-19T03:31:26.000Z","volume":6000,"label":" ","price":0.91},{"type":"A","date":"2018-04-19T03:34:11.000Z","volume":10000,"label":" ","price":0.91},{"type":"A","date":"2018-04-19T03:35:50.000Z","volume":4000,"label":" ","price":0.91},{"type":"B","date":"2018-04-19T03:35:50.000Z","volume":2000,"label":" ","price":0.91},{"type":"B","date":"2018-04-19T03:38:39.000Z","volume":2000,"label":" ","price":0.9},{"type":"B","date":"2018-04-19T03:38:45.000Z","volume":62000,"label":" ","price":0.9},{"type":"B","date":"2018-04-19T03:38:59.000Z","volume":2000,"label":" ","price":0.9},{"type":"B","date":"2018-04-19T03:39:51.000Z","volume":30000,"label":" ","price":0.9},{"type":"B","date":"2018-04-19T03:41:19.000Z","volume":72000,"label":" ","price":0.9},{"type":"A","date":"2018-04-19T03:41:40.000Z","volume":10000,"label":" ","price":0.9},{"type":"A","date":"2018-04-19T03:41:59.000Z","volume":12000,"label":" ","price":0.9},{"type":"B","date":"2018-04-19T03:43:38.000Z","volume":8000,"label":" ","price":0.9},{"type":"B","date":"2018-04-19T03:43:38.000Z","volume":122000,"label":" ","price":0.89},{"type":"B","date":"2018-04-19T03:44:00.000Z","volume":2000,"label":" ","price":0.89},{"type":"A","date":"2018-04-19T03:47:19.000Z","volume":8000,"label":" ","price":0.9},{"type":"B","date":"2018-04-19T03:55:42.000Z","volume":10000,"label":" ","price":0.9},{"type":"B","date":"2018-04-19T03:58:49.000Z","volume":4000,"label":"Y","price":0.9},{"type":"B","date":"2018-04-19T03:58:49.000Z","volume":66000,"label":" ","price":0.9},{"type":"A","date":"2018-04-19T05:00:00.000Z","volume":2000,"label":" ","price":0.9},{"type":"B","date":"2018-04-19T05:00:02.000Z","volume":2000,"label":" ","price":0.9},{"type":"B","date":"2018-04-19T05:04:10.000Z","volume":146000,"label":" ","price":0.9},{"type":"B","date":"2018-04-19T05:04:28.000Z","volume":142000,"label":" ","price":0.89},{"type":"B","date":"2018-04-19T05:07:00.000Z","volume":20000,"label":"Y","price":0.89},{"type":"B","date":"2018-04-19T05:07:00.000Z","volume":18000,"label":" ","price":0.89},{"type":"B","date":"2018-04-19T05:07:00.000Z","volume":142000,"label":" ","price":0.88},{"type":"B","date":"2018-04-19T05:09:14.000Z","volume":98000,"label":" ","price":0.88},{"type":"B","date":"2018-04-19T05:09:24.000Z","volume":2000,"label":" ","price":0.87},{"type":"B","date":"2018-04-19T05:09:43.000Z","volume":30000,"label":" ","price":0.87},{"type":"B","date":"2018-04-19T05:10:09.000Z","volume":50000,"label":" ","price":0.87},{"type":"B","date":"2018-04-19T05:10:24.000Z","volume":2000,"label":" ","price":0.87},{"type":"A","date":"2018-04-19T05:16:10.000Z","volume":10000,"label":" ","price":0.88},{"type":"B","date":"2018-04-19T05:16:55.000Z","volume":18000,"label":"Y","price":0.87},{"type":"B","date":"2018-04-19T05:16:55.000Z","volume":36000,"label":" ","price":0.87},{"type":"B","date":"2018-04-19T05:19:06.000Z","volume":20000,"label":" ","price":0.88},{"type":"B","date":"2018-04-19T05:26:46.000Z","volume":10000,"label":" ","price":0.88},{"type":"A","date":"2018-04-19T05:29:49.000Z","volume":74000,"label":" ","price":0.89},{"type":"B","date":"2018-04-19T05:29:49.000Z","volume":6000,"label":" ","price":0.89},{"type":"B","date":"2018-04-19T05:34:25.000Z","volume":2000,"label":" ","price":0.89},{"type":"A","date":"2018-04-19T05:44:47.000Z","volume":20000,"label":" ","price":0.9},{"type":"A","date":"2018-04-19T05:48:46.000Z","volume":20000,"label":" ","price":0.9},{"type":"B","date":"2018-04-19T05:55:50.000Z","volume":2000,"label":" ","price":0.89},{"type":"B","date":"2018-04-19T05:58:46.000Z","volume":2000,"label":" ","price":0.89},{"type":"A","date":"2018-04-19T06:03:14.000Z","volume":20000,"label":" ","price":0.9},{"type":"A","date":"2018-04-19T06:07:12.000Z","volume":44000,"label":" ","price":0.9},{"type":"B","date":"2018-04-19T06:07:59.000Z","volume":40000,"label":" ","price":0.9},{"type":"B","date":"2018-04-19T06:08:03.000Z","volume":14000,"label":" ","price":0.9},{"type":"B","date":"2018-04-19T06:08:38.000Z","volume":40000,"label":" ","price":0.9},{"type":"B","date":"2018-04-19T06:08:40.000Z","volume":2000,"label":" ","price":0.9},{"type":"B","date":"2018-04-19T06:09:56.000Z","volume":2000,"label":" ","price":0.89},{"type":"B","date":"2018-04-19T06:19:56.000Z","volume":22000,"label":" ","price":0.89},{"type":"B","date":"2018-04-19T06:25:55.000Z","volume":98000,"label":" ","price":0.88},{"type":"A","date":"2018-04-19T06:26:07.000Z","volume":2000,"label":" ","price":0.88},{"type":"B","date":"2018-04-19T06:29:02.000Z","volume":50000,"label":" ","price":0.88},{"type":"B","date":"2018-04-19T06:29:16.000Z","volume":8000,"label":" ","price":0.88},{"type":"B","date":"2018-04-19T06:29:27.000Z","volume":2000,"label":" ","price":0.88},{"type":"B","date":"2018-04-19T06:29:43.000Z","volume":12000,"label":" ","price":0.88},{"type":"B","date":"2018-04-19T06:30:31.000Z","volume":30000,"label":"Y","price":0.87},{"type":"B","date":"2018-04-19T06:30:31.000Z","volume":46000,"label":" ","price":0.87},{"type":"B","date":"2018-04-19T06:30:31.000Z","volume":14000,"label":" ","price":0.87},{"type":"A","date":"2018-04-19T06:45:49.000Z","volume":50000,"label":" ","price":0.88},{"type":"A","date":"2018-04-19T06:45:49.000Z","volume":16000,"label":" ","price":0.88},{"type":"B","date":"2018-04-19T06:47:58.000Z","volume":2000,"label":" ","price":0.87},{"type":"B","date":"2018-04-19T06:55:25.000Z","volume":20000,"label":" ","price":0.87},{"type":"B","date":"2018-04-19T06:56:16.000Z","volume":22000,"label":" ","price":0.87},{"type":"A","date":"2018-04-19T06:56:16.000Z","volume":8000,"label":" ","price":0.87},{"type":"B","date":"2018-04-19T07:02:27.000Z","volume":4000,"label":" ","price":0.87},{"type":"A","date":"2018-04-19T07:02:27.000Z","volume":6000,"label":" ","price":0.87},{"type":"B","date":"2018-04-19T07:07:17.000Z","volume":4000,"label":" ","price":0.87},{"type":"B","date":"2018-04-19T07:07:17.000Z","volume":8000,"label":" ","price":0.87},{"type":"A","date":"2018-04-19T07:16:52.000Z","volume":14000,"label":" ","price":0.88},{"type":"B","date":"2018-04-19T07:19:35.000Z","volume":2000,"label":" ","price":0.88},{"type":"A","date":"2018-04-19T07:31:04.000Z","volume":4000,"label":" ","price":0.89},{"type":"A","date":"2018-04-19T07:37:10.000Z","volume":20000,"label":" ","price":0.89},{"type":"B","date":"2018-04-19T07:42:10.000Z","volume":10000,"label":" ","price":0.88},{"type":"A","date":"2018-04-19T07:45:13.000Z","volume":10000,"label":" ","price":0.89},{"type":"A","date":"2018-04-19T07:47:48.000Z","volume":20000,"label":" ","price":0.89},{"type":"A","date":"2018-04-19T07:52:50.000Z","volume":6000,"label":" ","price":0.89},{"type":"B","date":"2018-04-19T07:54:37.000Z","volume":24000,"label":" ","price":0.88},{"type":"A","date":"2018-04-19T07:56:49.000Z","volume":16000,"label":" ","price":0.89},{"type":"A","date":"2018-04-19T07:58:33.000Z","volume":10000,"label":" ","price":0.89},{"type":"B","date":"2018-04-19T07:59:01.000Z","volume":2000,"label":"Y","price":0.88},{"type":"A","date":"2018-04-19T07:59:04.000Z","volume":14000,"label":" ","price":0.89},{"type":"B","date":"2018-04-19T07:59:12.000Z","volume":88000,"label":" ","price":0.89},{"type":"B","date":"2018-04-19T07:59:19.000Z","volume":76000,"label":" ","price":0.89},{"type":"B","date":"2018-04-19T07:59:54.000Z","volume":22000,"label":" ","price":0.89}]