[{"type":"U","date":"2018-04-27T01:05:02.000Z","volume":120000,"label":"P","price":6.351},{"type":"U","date":"2018-04-27T01:20:00.000Z","volume":267000,"label":"U","price":6.38},{"type":"B","date":"2018-04-27T01:30:00.000Z","volume":1000,"label":" ","price":6.36},{"type":"B","date":"2018-04-27T01:30:00.000Z","volume":37000,"label":" ","price":6.35},{"type":"A","date":"2018-04-27T01:30:00.000Z","volume":10000,"label":" ","price":6.38},{"type":"U","date":"2018-04-27T01:30:01.000Z","volume":9000,"label":" ","price":6.38},{"type":"U","date":"2018-04-27T01:30:01.000Z","volume":2000,"label":" ","price":6.39},{"type":"U","date":"2018-04-27T01:30:01.000Z","volume":4000,"label":" ","price":6.39},{"type":"U","date":"2018-04-27T01:30:01.000Z","volume":2000,"label":" ","price":6.39},{"type":"A","date":"2018-04-27T01:30:06.000Z","volume":10000,"label":" ","price":6.39},{"type":"A","date":"2018-04-27T01:30:07.000Z","volume":13000,"label":" ","price":6.4},{"type":"A","date":"2018-04-27T01:30:07.000Z","volume":1000,"label":" ","price":6.4},{"type":"A","date":"2018-04-27T01:30:08.000Z","volume":3000,"label":" ","price":6.4},{"type":"A","date":"2018-04-27T01:30:08.000Z","volume":9000,"label":" ","price":6.4},{"type":"B","date":"2018-04-27T01:30:46.000Z","volume":4000,"label":" ","price":6.39},{"type":"B","date":"2018-04-27T01:30:55.000Z","volume":8000,"label":" ","price":6.39},{"type":"A","date":"2018-04-27T01:30:57.000Z","volume":1000,"label":" ","price":6.4},{"type":"A","date":"2018-04-27T01:30:57.000Z","volume":6000,"label":" ","price":6.4},{"type":"A","date":"2018-04-27T01:30:59.000Z","volume":1000,"label":" ","price":6.4},{"type":"B","date":"2018-04-27T01:31:04.000Z","volume":40000,"label":" ","price":6.39},{"type":"B","date":"2018-04-27T01:31:04.000Z","volume":45000,"label":" ","price":6.38},{"type":"A","date":"2018-04-27T01:31:05.000Z","volume":5000,"label":" ","price":6.39},{"type":"B","date":"2018-04-27T01:31:05.000Z","volume":25000,"label":" ","price":6.38},{"type":"A","date":"2018-04-27T01:31:06.000Z","volume":6000,"label":" ","price":6.39},{"type":"A","date":"2018-04-27T01:31:06.000Z","volume":7000,"label":" ","price":6.39},{"type":"A","date":"2018-04-27T01:31:06.000Z","volume":16000,"label":" ","price":6.39},{"type":"B","date":"2018-04-27T01:31:11.000Z","volume":10000,"label":" ","price":6.38},{"type":"A","date":"2018-04-27T01:31:12.000Z","volume":11000,"label":" ","price":6.39},{"type":"A","date":"2018-04-27T01:31:13.000Z","volume":4000,"label":" ","price":6.39},{"type":"A","date":"2018-04-27T01:31:21.000Z","volume":1000,"label":" ","price":6.39},{"type":"B","date":"2018-04-27T01:31:25.000Z","volume":5000,"label":" ","price":6.38},{"type":"B","date":"2018-04-27T01:31:26.000Z","volume":8000,"label":" ","price":6.38},{"type":"B","date":"2018-04-27T01:31:26.000Z","volume":2000,"label":" ","price":6.38},{"type":"A","date":"2018-04-27T01:31:27.000Z","volume":1000,"label":" ","price":6.39},{"type":"A","date":"2018-04-27T01:31:27.000Z","volume":3000,"label":" ","price":6.39},{"type":"A","date":"2018-04-27T01:31:29.000Z","volume":1000,"label":" ","price":6.39},{"type":"B","date":"2018-04-27T01:31:35.000Z","volume":2000,"label":" ","price":6.38},{"type":"U","date":"2018-04-27T01:31:43.000Z","volume":668,"label":"D","price":6.38},{"type":"B","date":"2018-04-27T01:31:51.000Z","volume":8000,"label":" ","price":6.38},{"type":"A","date":"2018-04-27T01:31:53.000Z","volume":1000,"label":" ","price":6.39},{"type":"A","date":"2018-04-27T01:31:55.000Z","volume":1000,"label":" ","price":6.39},{"type":"A","date":"2018-04-27T01:31:56.000Z","volume":6000,"label":" ","price":6.39},{"type":"A","date":"2018-04-27T01:31:57.000Z","volume":1000,"label":" ","price":6.39},{"type":"B","date":"2018-04-27T01:32:58.000Z","volume":1000,"label":" ","price":6.38},{"type":"B","date":"2018-04-27T01:33:37.000Z","volume":4000,"label":"Y","price":6.38},{"type":"B","date":"2018-04-27T01:33:37.000Z","volume":2000,"label":" ","price":6.38},{"type":"A","date":"2018-04-27T01:33:39.000Z","volume":5000,"label":" ","price":6.39},{"type":"A","date":"2018-04-27T01:33:50.000Z","volume":3000,"label":" ","price":6.39},{"type":"U","date":"2018-04-27T01:34:15.000Z","volume":500,"label":"D","price":6.32},{"type":"B","date":"2018-04-27T01:34:18.000Z","volume":20000,"label":" ","price":6.38},{"type":"B","date":"2018-04-27T01:34:23.000Z","volume":18000,"label":" ","price":6.38},{"type":"B","date":"2018-04-27T01:34:23.000Z","volume":6000,"label":" ","price":6.38},{"type":"U","date":"2018-04-27T01:34:25.000Z","volume":9000,"label":" ","price":6.38},{"type":"A","date":"2018-04-27T01:34:26.000Z","volume":8000,"label":" ","price":6.38},{"type":"B","date":"2018-04-27T01:35:00.000Z","volume":1000,"label":" ","price":6.37},{"type":"B","date":"2018-04-27T01:35:00.000Z","volume":1000,"label":" ","price":6.37},{"type":"B","date":"2018-04-27T01:35:44.000Z","volume":10000,"label":" ","price":6.37},{"type":"A","date":"2018-04-27T01:35:45.000Z","volume":4000,"label":" ","price":6.38},{"type":"B","date":"2018-04-27T01:36:18.000Z","volume":1000,"label":"Y","price":6.37},{"type":"A","date":"2018-04-27T01:37:11.000Z","volume":4000,"label":" ","price":6.38},{"type":"A","date":"2018-04-27T01:37:11.000Z","volume":1000,"label":" ","price":6.38},{"type":"A","date":"2018-04-27T01:37:12.000Z","volume":1000,"label":" ","price":6.38},{"type":"A","date":"2018-04-27T01:37:15.000Z","volume":4000,"label":" ","price":6.38},{"type":"B","date":"2018-04-27T01:37:24.000Z","volume":32000,"label":" ","price":6.37},{"type":"A","date":"2018-04-27T01:37:25.000Z","volume":3000,"label":" ","price":6.37},{"type":"A","date":"2018-04-27T01:37:33.000Z","volume":4000,"label":" ","price":6.37},{"type":"A","date":"2018-04-27T01:37:33.000Z","volume":2000,"label":" ","price":6.37},{"type":"A","date":"2018-04-27T01:37:35.000Z","volume":1000,"label":" ","price":6.37},{"type":"B","date":"2018-04-27T01:38:18.000Z","volume":24000,"label":" ","price":6.36},{"type":"B","date":"2018-04-27T01:38:18.000Z","volume":12000,"label":" ","price":6.36},{"type":"B","date":"2018-04-27T01:38:18.000Z","volume":10000,"label":" ","price":6.36},{"type":"A","date":"2018-04-27T01:38:18.000Z","volume":3000,"label":" ","price":6.37},{"type":"A","date":"2018-04-27T01:38:19.000Z","volume":3000,"label":" ","price":6.37},{"type":"A","date":"2018-04-27T01:38:20.000Z","volume":15000,"label":" ","price":6.37},{"type":"B","date":"2018-04-27T01:38:33.000Z","volume":24000,"label":" ","price":6.36},{"type":"B","date":"2018-04-27T01:38:33.000Z","volume":4000,"label":" ","price":6.36},{"type":"A","date":"2018-04-27T01:39:00.000Z","volume":34000,"label":" ","price":6.36},{"type":"A","date":"2018-04-27T01:39:03.000Z","volume":4000,"label":" ","price":6.36},{"type":"A","date":"2018-04-27T01:39:15.000Z","volume":91000,"label":" ","price":6.36},{"type":"A","date":"2018-04-27T01:39:15.000Z","volume":4000,"label":" ","price":6.37},{"type":"A","date":"2018-04-27T01:39:18.000Z","volume":3000,"label":" ","price":6.37},{"type":"A","date":"2018-04-27T01:39:18.000Z","volume":5000,"label":" ","price":6.37},{"type":"A","date":"2018-04-27T01:39:19.000Z","volume":1000,"label":" ","price":6.37},{"type":"B","date":"2018-04-27T01:39:20.000Z","volume":32000,"label":" ","price":6.36},{"type":"B","date":"2018-04-27T01:40:00.000Z","volume":1000,"label":" ","price":6.36},{"type":"B","date":"2018-04-27T01:40:00.000Z","volume":1000,"label":" ","price":6.36},{"type":"B","date":"2018-04-27T01:40:06.000Z","volume":5000,"label":" ","price":6.36},{"type":"A","date":"2018-04-27T01:40:57.000Z","volume":100000,"label":" ","price":6.37},{"type":"A","date":"2018-04-27T01:40:57.000Z","volume":57000,"label":" ","price":6.37},{"type":"B","date":"2018-04-27T01:40:57.000Z","volume":42000,"label":" ","price":6.37},{"type":"A","date":"2018-04-27T01:40:59.000Z","volume":1000,"label":" ","price":6.38},{"type":"A","date":"2018-04-27T01:41:00.000Z","volume":60000,"label":" ","price":6.38},{"type":"A","date":"2018-04-27T01:41:00.000Z","volume":15000,"label":" ","price":6.38},{"type":"A","date":"2018-04-27T01:41:01.000Z","volume":5000,"label":" ","price":6.38},{"type":"A","date":"2018-04-27T01:41:02.000Z","volume":14000,"label":" ","price":6.38},{"type":"A","date":"2018-04-27T01:41:02.000Z","volume":21000,"label":" ","price":6.38},{"type":"A","date":"2018-04-27T01:41:04.000Z","volume":1000,"label":" ","price":6.38},{"type":"A","date":"2018-04-27T01:41:04.000Z","volume":3000,"label":" ","price":6.38},{"type":"A","date":"2018-04-27T01:41:06.000Z","volume":1000,"label":" ","price":6.38},{"type":"A","date":"2018-04-27T01:41:17.000Z","volume":9000,"label":" ","price":6.38},{"type":"A","date":"2018-04-27T01:41:17.000Z","volume":1000,"label":" ","price":6.39},{"type":"A","date":"2018-04-27T01:41:17.000Z","volume":12000,"label":" ","price":6.38},{"type":"A","date":"2018-04-27T01:43:10.000Z","volume":4000,"label":" ","price":6.39},{"type":"A","date":"2018-04-27T01:43:10.000Z","volume":4000,"label":" ","price":6.39},{"type":"U","date":"2018-04-27T01:43:11.000Z","volume":600,"label":"D","price":6.32},{"type":"A","date":"2018-04-27T01:43:35.000Z","volume":3000,"label":" ","price":6.39},{"type":"A","date":"2018-04-27T01:43:35.000Z","volume":1000,"label":" ","price":6.39},{"type":"B","date":"2018-04-27T01:43:42.000Z","volume":10000,"label":" ","price":6.38},{"type":"B","date":"2018-04-27T01:44:19.000Z","volume":4000,"label":" ","price":6.38},{"type":"A","date":"2018-04-27T01:44:28.000Z","volume":3000,"label":" ","price":6.39},{"type":"A","date":"2018-04-27T01:44:28.000Z","volume":3000,"label":" ","price":6.39},{"type":"B","date":"2018-04-27T01:44:28.000Z","volume":17000,"label":" ","price":6.38},{"type":"B","date":"2018-04-27T01:44:44.000Z","volume":43000,"label":" ","price":6.38},{"type":"A","date":"2018-04-27T01:44:46.000Z","volume":3000,"label":" ","price":6.38},{"type":"A","date":"2018-04-27T01:44:50.000Z","volume":110000,"label":" ","price":6.38},{"type":"A","date":"2018-04-27T01:44:51.000Z","volume":3000,"label":" ","price":6.39},{"type":"A","date":"2018-04-27T01:44:53.000Z","volume":2000,"label":" ","price":6.39},{"type":"B","date":"2018-04-27T01:44:59.000Z","volume":1000,"label":" ","price":6.38},{"type":"B","date":"2018-04-27T01:45:00.000Z","volume":1000,"label":" ","price":6.38},{"type":"U","date":"2018-04-27T01:45:03.000Z","volume":53,"label":"D","price":6.38},{"type":"B","date":"2018-04-27T01:45:27.000Z","volume":1000,"label":" ","price":6.38},{"type":"B","date":"2018-04-27T01:45:38.000Z","volume":20000,"label":" ","price":6.38},{"type":"B","date":"2018-04-27T01:45:48.000Z","volume":11000,"label":" ","price":6.38},{"type":"A","date":"2018-04-27T01:46:27.000Z","volume":30000,"label":" ","price":6.38},{"type":"A","date":"2018-04-27T01:47:08.000Z","volume":39000,"label":" ","price":6.38},{"type":"A","date":"2018-04-27T01:47:08.000Z","volume":67000,"label":" ","price":6.38},{"type":"B","date":"2018-04-27T01:47:30.000Z","volume":10000,"label":" ","price":6.38},{"type":"A","date":"2018-04-27T01:47:30.000Z","volume":11000,"label":" ","price":6.39},{"type":"U","date":"2018-04-27T01:47:33.000Z","volume":300,"label":"D","price":6.32},{"type":"B","date":"2018-04-27T01:47:41.000Z","volume":10000,"label":" ","price":6.38},{"type":"A","date":"2018-04-27T01:47:41.000Z","volume":5000,"label":" ","price":6.38},{"type":"B","date":"2018-04-27T01:48:27.000Z","volume":6000,"label":" ","price":6.37},{"type":"B","date":"2018-04-27T01:49:03.000Z","volume":31000,"label":" ","price":6.37},{"type":"B","date":"2018-04-27T01:49:03.000Z","volume":28000,"label":" ","price":6.36},{"type":"U","date":"2018-04-27T01:49:03.000Z","volume":7000,"label":" ","price":6.36},{"type":"U","date":"2018-04-27T01:49:03.000Z","volume":3000,"label":" ","price":6.36},{"type":"U","date":"2018-04-27T01:49:03.000Z","volume":5000,"label":" ","price":6.36},{"type":"A","date":"2018-04-27T01:49:03.000Z","volume":2000,"label":" ","price":6.37},{"type":"A","date":"2018-04-27T01:49:11.000Z","volume":55000,"label":" ","price":6.36},{"type":"U","date":"2018-04-27T01:49:21.000Z","volume":100,"label":"D","price":6.33},{"type":"B","date":"2018-04-27T01:49:42.000Z","volume":1000,"label":" ","price":6.36},{"type":"B","date":"2018-04-27T01:49:59.000Z","volume":1000,"label":" ","price":6.36},{"type":"B","date":"2018-04-27T01:50:00.000Z","volume":1000,"label":" ","price":6.36},{"type":"A","date":"2018-04-27T01:50:03.000Z","volume":1000,"label":" ","price":6.37},{"type":"B","date":"2018-04-27T01:51:44.000Z","volume":7000,"label":" ","price":6.36},{"type":"B","date":"2018-04-27T01:54:59.000Z","volume":1000,"label":" ","price":6.35},{"type":"B","date":"2018-04-27T01:55:00.000Z","volume":1000,"label":" ","price":6.35},{"type":"A","date":"2018-04-27T01:55:06.000Z","volume":22000,"label":" ","price":6.36},{"type":"B","date":"2018-04-27T01:55:34.000Z","volume":3000,"label":" ","price":6.35},{"type":"B","date":"2018-04-27T01:57:45.000Z","volume":1000,"label":" ","price":6.35},{"type":"A","date":"2018-04-27T01:58:36.000Z","volume":30000,"label":" ","price":6.36},{"type":"B","date":"2018-04-27T01:58:39.000Z","volume":43000,"label":" ","price":6.35},{"type":"A","date":"2018-04-27T01:58:47.000Z","volume":5000,"label":" ","price":6.36},{"type":"A","date":"2018-04-27T01:59:06.000Z","volume":3000,"label":" ","price":6.36},{"type":"B","date":"2018-04-27T01:59:25.000Z","volume":3000,"label":" ","price":6.35},{"type":"A","date":"2018-04-27T01:59:52.000Z","volume":4000,"label":" ","price":6.36},{"type":"B","date":"2018-04-27T01:59:59.000Z","volume":1000,"label":" ","price":6.35},{"type":"B","date":"2018-04-27T02:00:00.000Z","volume":1000,"label":" ","price":6.35},{"type":"B","date":"2018-04-27T02:00:05.000Z","volume":3000,"label":" ","price":6.35},{"type":"U","date":"2018-04-27T02:00:34.000Z","volume":795,"label":"D","price":6.29},{"type":"A","date":"2018-04-27T02:00:53.000Z","volume":4000,"label":" ","price":6.36},{"type":"B","date":"2018-04-27T02:01:01.000Z","volume":93000,"label":" ","price":6.35},{"type":"B","date":"2018-04-27T02:01:01.000Z","volume":10000,"label":" ","price":6.34},{"type":"A","date":"2018-04-27T02:01:02.000Z","volume":2000,"label":" ","price":6.34},{"type":"A","date":"2018-04-27T02:01:11.000Z","volume":5000,"label":" ","price":6.34},{"type":"B","date":"2018-04-27T02:01:32.000Z","volume":1000,"label":" ","price":6.34},{"type":"A","date":"2018-04-27T02:03:33.000Z","volume":24000,"label":" ","price":6.35},{"type":"B","date":"2018-04-27T02:04:59.000Z","volume":1000,"label":" ","price":6.35},{"type":"B","date":"2018-04-27T02:05:00.000Z","volume":1000,"label":" ","price":6.35},{"type":"U","date":"2018-04-27T02:06:16.000Z","volume":200,"label":"D","price":6.31},{"type":"U","date":"2018-04-27T02:06:57.000Z","volume":650,"label":"D","price":6.3},{"type":"B","date":"2018-04-27T02:07:20.000Z","volume":60000,"label":" ","price":6.35},{"type":"B","date":"2018-04-27T02:07:20.000Z","volume":10000,"label":" ","price":6.35},{"type":"A","date":"2018-04-27T02:07:21.000Z","volume":2000,"label":" ","price":6.35},{"type":"A","date":"2018-04-27T02:07:23.000Z","volume":4000,"label":" ","price":6.35},{"type":"A","date":"2018-04-27T02:07:33.000Z","volume":45000,"label":" ","price":6.35},{"type":"B","date":"2018-04-27T02:07:49.000Z","volume":1000,"label":" ","price":6.35},{"type":"B","date":"2018-04-27T02:08:26.000Z","volume":7000,"label":" ","price":6.35},{"type":"B","date":"2018-04-27T02:08:28.000Z","volume":2000,"label":" ","price":6.35},{"type":"B","date":"2018-04-27T02:09:22.000Z","volume":5000,"label":" ","price":6.35},{"type":"B","date":"2018-04-27T02:09:59.000Z","volume":1000,"label":" ","price":6.35},{"type":"A","date":"2018-04-27T02:10:00.000Z","volume":289000,"label":" ","price":6.36},{"type":"A","date":"2018-04-27T02:10:00.000Z","volume":1000,"label":" ","price":6.36},{"type":"A","date":"2018-04-27T02:10:03.000Z","volume":194000,"label":" ","price":6.37},{"type":"A","date":"2018-04-27T02:10:04.000Z","volume":20000,"label":" ","price":6.37},{"type":"A","date":"2018-04-27T02:10:05.000Z","volume":13000,"label":" ","price":6.37},{"type":"A","date":"2018-04-27T02:10:18.000Z","volume":4000,"label":" ","price":6.37},{"type":"B","date":"2018-04-27T02:10:38.000Z","volume":10000,"label":" ","price":6.36},{"type":"A","date":"2018-04-27T02:10:43.000Z","volume":4000,"label":" ","price":6.37},{"type":"A","date":"2018-04-27T02:11:33.000Z","volume":26000,"label":" ","price":6.37},{"type":"U","date":"2018-04-27T02:12:02.000Z","volume":10000,"label":" ","price":6.37},{"type":"U","date":"2018-04-27T02:12:04.000Z","volume":10000,"label":" ","price":6.37},{"type":"U","date":"2018-04-27T02:12:05.000Z","volume":10000,"label":" ","price":6.37},{"type":"A","date":"2018-04-27T02:12:08.000Z","volume":3000,"label":" ","price":6.37},{"type":"A","date":"2018-04-27T02:12:10.000Z","volume":4000,"label":" ","price":6.37},{"type":"A","date":"2018-04-27T02:12:22.000Z","volume":14000,"label":" ","price":6.37},{"type":"A","date":"2018-04-27T02:13:21.000Z","volume":12000,"label":" ","price":6.37},{"type":"A","date":"2018-04-27T02:13:33.000Z","volume":2000,"label":" ","price":6.37},{"type":"U","date":"2018-04-27T02:14:12.000Z","volume":788,"label":"D","price":6.4},{"type":"B","date":"2018-04-27T02:14:28.000Z","volume":10000,"label":" ","price":6.36},{"type":"A","date":"2018-04-27T02:14:35.000Z","volume":1000,"label":" ","price":6.37},{"type":"B","date":"2018-04-27T02:14:39.000Z","volume":1000,"label":" ","price":6.36},{"type":"B","date":"2018-04-27T02:14:53.000Z","volume":26000,"label":" ","price":6.36},{"type":"B","date":"2018-04-27T02:14:59.000Z","volume":1000,"label":" ","price":6.36},{"type":"B","date":"2018-04-27T02:15:00.000Z","volume":1000,"label":" ","price":6.36},{"type":"B","date":"2018-04-27T02:15:13.000Z","volume":16000,"label":" ","price":6.36},{"type":"A","date":"2018-04-27T02:15:14.000Z","volume":6000,"label":" ","price":6.36},{"type":"U","date":"2018-04-27T02:15:55.000Z","volume":273,"label":"D","price":6.3},{"type":"A","date":"2018-04-27T02:16:49.000Z","volume":16000,"label":" ","price":6.36},{"type":"B","date":"2018-04-27T02:17:21.000Z","volume":22000,"label":" ","price":6.36},{"type":"A","date":"2018-04-27T02:17:26.000Z","volume":3000,"label":" ","price":6.36},{"type":"B","date":"2018-04-27T02:17:55.000Z","volume":10000,"label":" ","price":6.35},{"type":"A","date":"2018-04-27T02:18:04.000Z","volume":36000,"label":" ","price":6.36},{"type":"A","date":"2018-04-27T02:18:05.000Z","volume":1000,"label":" ","price":6.36},{"type":"A","date":"2018-04-27T02:18:07.000Z","volume":2000,"label":" ","price":6.36},{"type":"A","date":"2018-04-27T02:18:08.000Z","volume":3000,"label":" ","price":6.36},{"type":"U","date":"2018-04-27T02:18:34.000Z","volume":132,"label":"D","price":6.29},{"type":"A","date":"2018-04-27T02:18:43.000Z","volume":75000,"label":" ","price":6.36},{"type":"A","date":"2018-04-27T02:18:44.000Z","volume":3000,"label":" ","price":6.37},{"type":"A","date":"2018-04-27T02:18:45.000Z","volume":2000,"label":" ","price":6.37},{"type":"A","date":"2018-04-27T02:18:45.000Z","volume":10000,"label":" ","price":6.37},{"type":"A","date":"2018-04-27T02:19:05.000Z","volume":26000,"label":" ","price":6.37},{"type":"A","date":"2018-04-27T02:19:05.000Z","volume":7000,"label":" ","price":6.37},{"type":"B","date":"2018-04-27T02:19:11.000Z","volume":16000,"label":" ","price":6.37},{"type":"B","date":"2018-04-27T02:19:59.000Z","volume":1000,"label":" ","price":6.36},{"type":"B","date":"2018-04-27T02:20:00.000Z","volume":1000,"label":" ","price":6.36},{"type":"A","date":"2018-04-27T02:21:33.000Z","volume":4000,"label":" ","price":6.37},{"type":"A","date":"2018-04-27T02:21:41.000Z","volume":9000,"label":" ","price":6.37},{"type":"A","date":"2018-04-27T02:21:41.000Z","volume":7000,"label":" ","price":6.37},{"type":"A","date":"2018-04-27T02:21:43.000Z","volume":2000,"label":" ","price":6.37},{"type":"B","date":"2018-04-27T02:22:09.000Z","volume":10000,"label":" ","price":6.36},{"type":"A","date":"2018-04-27T02:22:18.000Z","volume":1000,"label":" ","price":6.37},{"type":"A","date":"2018-04-27T02:22:59.000Z","volume":1000,"label":" ","price":6.37},{"type":"B","date":"2018-04-27T02:24:30.000Z","volume":60000,"label":" ","price":6.36},{"type":"A","date":"2018-04-27T02:24:30.000Z","volume":2000,"label":" ","price":6.37},{"type":"B","date":"2018-04-27T02:24:31.000Z","volume":10000,"label":" ","price":6.36},{"type":"B","date":"2018-04-27T02:24:59.000Z","volume":1000,"label":" ","price":6.36},{"type":"B","date":"2018-04-27T02:25:00.000Z","volume":1000,"label":" ","price":6.36},{"type":"B","date":"2018-04-27T02:25:04.000Z","volume":9000,"label":" ","price":6.36},{"type":"B","date":"2018-04-27T02:26:01.000Z","volume":5000,"label":" ","price":6.35},{"type":"A","date":"2018-04-27T02:27:12.000Z","volume":8000,"label":" ","price":6.36},{"type":"B","date":"2018-04-27T02:27:47.000Z","volume":62000,"label":" ","price":6.36},{"type":"A","date":"2018-04-27T02:28:05.000Z","volume":78000,"label":" ","price":6.36},{"type":"A","date":"2018-04-27T02:28:06.000Z","volume":3000,"label":" ","price":6.36},{"type":"A","date":"2018-04-27T02:28:07.000Z","volume":5000,"label":" ","price":6.37},{"type":"A","date":"2018-04-27T02:28:07.000Z","volume":4000,"label":" ","price":6.37},{"type":"U","date":"2018-04-27T02:28:25.000Z","volume":500,"label":"D","price":6.31},{"type":"B","date":"2018-04-27T02:28:38.000Z","volume":1000,"label":" ","price":6.36},{"type":"A","date":"2018-04-27T02:29:36.000Z","volume":5000,"label":" ","price":6.37},{"type":"B","date":"2018-04-27T02:29:48.000Z","volume":27000,"label":" ","price":6.36},{"type":"B","date":"2018-04-27T02:29:59.000Z","volume":1000,"label":"Y","price":6.35},{"type":"B","date":"2018-04-27T02:30:00.000Z","volume":1000,"label":"Y","price":6.35},{"type":"B","date":"2018-04-27T02:32:10.000Z","volume":40000,"label":" ","price":6.35},{"type":"A","date":"2018-04-27T02:32:10.000Z","volume":2000,"label":" ","price":6.36},{"type":"B","date":"2018-04-27T02:34:59.000Z","volume":1000,"label":" ","price":6.35},{"type":"B","date":"2018-04-27T02:35:00.000Z","volume":1000,"label":" ","price":6.35},{"type":"A","date":"2018-04-27T02:35:03.000Z","volume":2000,"label":" ","price":6.36},{"type":"A","date":"2018-04-27T02:36:08.000Z","volume":4000,"label":" ","price":6.36},{"type":"A","date":"2018-04-27T02:37:53.000Z","volume":3000,"label":" ","price":6.36},{"type":"A","date":"2018-04-27T02:39:47.000Z","volume":4000,"label":" ","price":6.36},{"type":"B","date":"2018-04-27T02:39:59.000Z","volume":1000,"label":" ","price":6.35},{"type":"B","date":"2018-04-27T02:40:00.000Z","volume":1000,"label":" ","price":6.35},{"type":"A","date":"2018-04-27T02:40:26.000Z","volume":2000,"label":" ","price":6.36},{"type":"B","date":"2018-04-27T02:40:32.000Z","volume":20000,"label":" ","price":6.35},{"type":"A","date":"2018-04-27T02:40:32.000Z","volume":6000,"label":" ","price":6.36},{"type":"A","date":"2018-04-27T02:41:46.000Z","volume":3000,"label":" ","price":6.36},{"type":"A","date":"2018-04-27T02:41:46.000Z","volume":2000,"label":" ","price":6.36},{"type":"B","date":"2018-04-27T02:42:12.000Z","volume":87000,"label":" ","price":6.35},{"type":"A","date":"2018-04-27T02:42:12.000Z","volume":13000,"label":" ","price":6.35},{"type":"A","date":"2018-04-27T02:42:12.000Z","volume":4000,"label":" ","price":6.35},{"type":"A","date":"2018-04-27T02:42:12.000Z","volume":3000,"label":" ","price":6.35},{"type":"A","date":"2018-04-27T02:42:14.000Z","volume":2000,"label":" ","price":6.35},{"type":"A","date":"2018-04-27T02:42:35.000Z","volume":103000,"label":" ","price":6.35},{"type":"B","date":"2018-04-27T02:42:38.000Z","volume":15000,"label":" ","price":6.35},{"type":"B","date":"2018-04-27T02:42:45.000Z","volume":1000,"label":" ","price":6.35},{"type":"B","date":"2018-04-27T02:43:24.000Z","volume":26000,"label":" ","price":6.35},{"type":"B","date":"2018-04-27T02:43:24.000Z","volume":11000,"label":" ","price":6.35},{"type":"U","date":"2018-04-27T02:43:29.000Z","volume":12000,"label":"X","price":6.355},{"type":"B","date":"2018-04-27T02:43:57.000Z","volume":15000,"label":" ","price":6.35},{"type":"A","date":"2018-04-27T02:44:25.000Z","volume":4000,"label":" ","price":6.35},{"type":"B","date":"2018-04-27T02:44:59.000Z","volume":1000,"label":"Y","price":6.34},{"type":"B","date":"2018-04-27T02:45:00.000Z","volume":1000,"label":" ","price":6.34},{"type":"A","date":"2018-04-27T02:45:27.000Z","volume":29000,"label":" ","price":6.35},{"type":"A","date":"2018-04-27T02:45:27.000Z","volume":10000,"label":" ","price":6.35},{"type":"A","date":"2018-04-27T02:45:27.000Z","volume":75000,"label":" ","price":6.35},{"type":"A","date":"2018-04-27T02:45:27.000Z","volume":38000,"label":" ","price":6.36},{"type":"A","date":"2018-04-27T02:45:27.000Z","volume":16000,"label":" ","price":6.35},{"type":"A","date":"2018-04-27T02:45:27.000Z","volume":1000,"label":" ","price":6.36},{"type":"A","date":"2018-04-27T02:45:28.000Z","volume":2000,"label":" ","price":6.36},{"type":"A","date":"2018-04-27T02:45:29.000Z","volume":2000,"label":" ","price":6.36},{"type":"A","date":"2018-04-27T02:45:44.000Z","volume":5000,"label":" ","price":6.36},{"type":"B","date":"2018-04-27T02:46:36.000Z","volume":10000,"label":" ","price":6.35},{"type":"A","date":"2018-04-27T02:46:38.000Z","volume":6000,"label":" ","price":6.36},{"type":"B","date":"2018-04-27T02:46:39.000Z","volume":34000,"label":" ","price":6.35},{"type":"B","date":"2018-04-27T02:48:13.000Z","volume":10000,"label":" ","price":6.35},{"type":"B","date":"2018-04-27T02:48:13.000Z","volume":42000,"label":" ","price":6.35},{"type":"B","date":"2018-04-27T02:48:13.000Z","volume":7000,"label":" ","price":6.35},{"type":"A","date":"2018-04-27T02:48:24.000Z","volume":12000,"label":"Y","price":6.35},{"type":"A","date":"2018-04-27T02:48:24.000Z","volume":6000,"label":" ","price":6.35},{"type":"A","date":"2018-04-27T02:49:33.000Z","volume":2000,"label":" ","price":6.35},{"type":"B","date":"2018-04-27T02:49:49.000Z","volume":2000,"label":" ","price":6.35},{"type":"B","date":"2018-04-27T02:49:59.000Z","volume":1000,"label":" ","price":6.34},{"type":"B","date":"2018-04-27T02:50:00.000Z","volume":1000,"label":" ","price":6.34},{"type":"B","date":"2018-04-27T02:51:39.000Z","volume":2000,"label":" ","price":6.34},{"type":"B","date":"2018-04-27T02:54:59.000Z","volume":1000,"label":" ","price":6.34},{"type":"B","date":"2018-04-27T02:55:00.000Z","volume":1000,"label":"Y","price":6.34},{"type":"B","date":"2018-04-27T02:55:41.000Z","volume":12000,"label":" ","price":6.34},{"type":"U","date":"2018-04-27T02:56:18.000Z","volume":650,"label":"D","price":6.28},{"type":"A","date":"2018-04-27T02:56:52.000Z","volume":3000,"label":" ","price":6.35},{"type":"A","date":"2018-04-27T02:57:33.000Z","volume":4000,"label":" ","price":6.35},{"type":"A","date":"2018-04-27T02:57:33.000Z","volume":4000,"label":" ","price":6.35},{"type":"A","date":"2018-04-27T02:57:53.000Z","volume":2000,"label":" ","price":6.35},{"type":"A","date":"2018-04-27T02:58:40.000Z","volume":5000,"label":" ","price":6.35},{"type":"A","date":"2018-04-27T02:59:01.000Z","volume":2000,"label":" ","price":6.35},{"type":"B","date":"2018-04-27T02:59:59.000Z","volume":1000,"label":" ","price":6.34},{"type":"B","date":"2018-04-27T03:00:00.000Z","volume":1000,"label":" ","price":6.34},{"type":"A","date":"2018-04-27T03:00:05.000Z","volume":3000,"label":" ","price":6.35},{"type":"A","date":"2018-04-27T03:00:31.000Z","volume":10000,"label":" ","price":6.35},{"type":"A","date":"2018-04-27T03:00:34.000Z","volume":5000,"label":" ","price":6.35},{"type":"U","date":"2018-04-27T03:00:36.000Z","volume":1000,"label":"X","price":6.35},{"type":"A","date":"2018-04-27T03:01:05.000Z","volume":2000,"label":" ","price":6.35},{"type":"A","date":"2018-04-27T03:01:14.000Z","volume":5000,"label":"Y","price":6.35},{"type":"A","date":"2018-04-27T03:01:14.000Z","volume":32000,"label":" ","price":6.35},{"type":"A","date":"2018-04-27T03:01:16.000Z","volume":3000,"label":" ","price":6.35},{"type":"A","date":"2018-04-27T03:01:27.000Z","volume":36000,"label":" ","price":6.35},{"type":"A","date":"2018-04-27T03:01:27.000Z","volume":14000,"label":" ","price":6.35},{"type":"A","date":"2018-04-27T03:01:27.000Z","volume":50000,"label":" ","price":6.35},{"type":"B","date":"2018-04-27T03:01:47.000Z","volume":3000,"label":" ","price":6.35},{"type":"B","date":"2018-04-27T03:01:47.000Z","volume":108000,"label":" ","price":6.35},{"type":"B","date":"2018-04-27T03:01:49.000Z","volume":28000,"label":" ","price":6.34},{"type":"B","date":"2018-04-27T03:04:59.000Z","volume":1000,"label":"Y","price":6.34},{"type":"B","date":"2018-04-27T03:05:00.000Z","volume":1000,"label":"Y","price":6.34},{"type":"A","date":"2018-04-27T03:05:03.000Z","volume":4000,"label":" ","price":6.35},{"type":"A","date":"2018-04-27T03:05:05.000Z","volume":35000,"label":" ","price":6.35},{"type":"U","date":"2018-04-27T03:05:09.000Z","volume":5000,"label":" ","price":6.35},{"type":"B","date":"2018-04-27T03:05:15.000Z","volume":10000,"label":" ","price":6.35},{"type":"B","date":"2018-04-27T03:05:20.000Z","volume":1000,"label":" ","price":6.34},{"type":"B","date":"2018-04-27T03:08:02.000Z","volume":42000,"label":" ","price":6.34},{"type":"B","date":"2018-04-27T03:09:59.000Z","volume":1000,"label":" ","price":6.33},{"type":"B","date":"2018-04-27T03:10:00.000Z","volume":1000,"label":" ","price":6.33},{"type":"B","date":"2018-04-27T03:10:21.000Z","volume":43000,"label":" ","price":6.33},{"type":"B","date":"2018-04-27T03:10:21.000Z","volume":3000,"label":" ","price":6.33},{"type":"A","date":"2018-04-27T03:12:30.000Z","volume":122000,"label":" ","price":6.33},{"type":"A","date":"2018-04-27T03:12:31.000Z","volume":4000,"label":" ","price":6.34},{"type":"B","date":"2018-04-27T03:12:33.000Z","volume":2000,"label":" ","price":6.33},{"type":"B","date":"2018-04-27T03:12:37.000Z","volume":1000,"label":" ","price":6.33},{"type":"B","date":"2018-04-27T03:13:38.000Z","volume":1000,"label":" ","price":6.33},{"type":"B","date":"2018-04-27T03:14:59.000Z","volume":1000,"label":" ","price":6.33},{"type":"B","date":"2018-04-27T03:15:00.000Z","volume":1000,"label":" ","price":6.33},{"type":"B","date":"2018-04-27T03:15:20.000Z","volume":1000,"label":"Y","price":6.33},{"type":"A","date":"2018-04-27T03:16:33.000Z","volume":4000,"label":" ","price":6.34},{"type":"A","date":"2018-04-27T03:16:33.000Z","volume":4000,"label":" ","price":6.34},{"type":"A","date":"2018-04-27T03:16:50.000Z","volume":2000,"label":" ","price":6.34},{"type":"A","date":"2018-04-27T03:16:52.000Z","volume":122000,"label":" ","price":6.34},{"type":"A","date":"2018-04-27T03:16:52.000Z","volume":27000,"label":" ","price":6.34},{"type":"A","date":"2018-04-27T03:16:52.000Z","volume":16000,"label":" ","price":6.34},{"type":"A","date":"2018-04-27T03:16:52.000Z","volume":22000,"label":" ","price":6.34},{"type":"A","date":"2018-04-27T03:16:53.000Z","volume":15000,"label":" ","price":6.35},{"type":"A","date":"2018-04-27T03:16:53.000Z","volume":5000,"label":" ","price":6.35},{"type":"A","date":"2018-04-27T03:16:53.000Z","volume":3000,"label":" ","price":6.35},{"type":"B","date":"2018-04-27T03:17:28.000Z","volume":5000,"label":" ","price":6.35},{"type":"B","date":"2018-04-27T03:17:58.000Z","volume":58000,"label":" ","price":6.35},{"type":"A","date":"2018-04-27T03:17:58.000Z","volume":2000,"label":" ","price":6.35},{"type":"B","date":"2018-04-27T03:18:53.000Z","volume":2000,"label":" ","price":6.34},{"type":"A","date":"2018-04-27T03:19:10.000Z","volume":1000,"label":"Y","price":6.35},{"type":"A","date":"2018-04-27T03:19:10.000Z","volume":3000,"label":" ","price":6.35},{"type":"B","date":"2018-04-27T03:19:15.000Z","volume":2000,"label":" ","price":6.34},{"type":"B","date":"2018-04-27T03:19:45.000Z","volume":3000,"label":" ","price":6.34},{"type":"B","date":"2018-04-27T03:19:59.000Z","volume":1000,"label":" ","price":6.34},{"type":"B","date":"2018-04-27T03:19:59.000Z","volume":1000,"label":"Y","price":6.34},{"type":"B","date":"2018-04-27T03:20:15.000Z","volume":3000,"label":" ","price":6.34},{"type":"B","date":"2018-04-27T03:20:40.000Z","volume":2000,"label":" ","price":6.34},{"type":"A","date":"2018-04-27T03:23:48.000Z","volume":1000,"label":"Y","price":6.35},{"type":"A","date":"2018-04-27T03:23:48.000Z","volume":3000,"label":" ","price":6.35},{"type":"B","date":"2018-04-27T03:24:55.000Z","volume":38000,"label":" ","price":6.34},{"type":"B","date":"2018-04-27T03:24:55.000Z","volume":23000,"label":" ","price":6.34},{"type":"U","date":"2018-04-27T03:24:56.000Z","volume":300,"label":"D","price":6.28},{"type":"B","date":"2018-04-27T03:24:59.000Z","volume":1000,"label":"Y","price":6.34},{"type":"B","date":"2018-04-27T03:25:00.000Z","volume":1000,"label":"Y","price":6.34},{"type":"B","date":"2018-04-27T03:25:21.000Z","volume":32000,"label":" ","price":6.34},{"type":"U","date":"2018-04-27T03:25:50.000Z","volume":265,"label":"D","price":6.28},{"type":"B","date":"2018-04-27T03:26:23.000Z","volume":2000,"label":" ","price":6.33},{"type":"U","date":"2018-04-27T03:26:24.000Z","volume":200,"label":"D","price":6.26},{"type":"B","date":"2018-04-27T03:26:49.000Z","volume":7000,"label":" ","price":6.33},{"type":"A","date":"2018-04-27T03:27:33.000Z","volume":4000,"label":" ","price":6.34},{"type":"B","date":"2018-04-27T03:29:59.000Z","volume":1000,"label":"Y","price":6.33},{"type":"B","date":"2018-04-27T03:29:59.000Z","volume":1000,"label":"Y","price":6.33},{"type":"B","date":"2018-04-27T03:30:09.000Z","volume":7000,"label":" ","price":6.33},{"type":"A","date":"2018-04-27T03:30:15.000Z","volume":92000,"label":" ","price":6.34},{"type":"A","date":"2018-04-27T03:30:37.000Z","volume":4000,"label":" ","price":6.35},{"type":"U","date":"2018-04-27T03:31:10.000Z","volume":590,"label":"D","price":6.28},{"type":"A","date":"2018-04-27T03:31:41.000Z","volume":3000,"label":" ","price":6.35},{"type":"A","date":"2018-04-27T03:32:51.000Z","volume":3000,"label":" ","price":6.35},{"type":"B","date":"2018-04-27T03:33:01.000Z","volume":1000,"label":" ","price":6.34},{"type":"B","date":"2018-04-27T03:33:13.000Z","volume":1000,"label":" ","price":6.34},{"type":"B","date":"2018-04-27T03:33:33.000Z","volume":74000,"label":" ","price":6.34},{"type":"B","date":"2018-04-27T03:33:43.000Z","volume":2000,"label":" ","price":6.33},{"type":"B","date":"2018-04-27T03:34:13.000Z","volume":1000,"label":" ","price":6.33},{"type":"A","date":"2018-04-27T03:34:18.000Z","volume":2000,"label":" ","price":6.34},{"type":"A","date":"2018-04-27T03:34:40.000Z","volume":4000,"label":" ","price":6.34},{"type":"A","date":"2018-04-27T03:34:42.000Z","volume":7000,"label":" ","price":6.34},{"type":"B","date":"2018-04-27T03:34:43.000Z","volume":2000,"label":" ","price":6.33},{"type":"A","date":"2018-04-27T03:34:46.000Z","volume":1000,"label":"Y","price":6.34},{"type":"A","date":"2018-04-27T03:34:46.000Z","volume":83000,"label":" ","price":6.34},{"type":"B","date":"2018-04-27T03:34:59.000Z","volume":1000,"label":" ","price":6.34},{"type":"B","date":"2018-04-27T03:35:00.000Z","volume":1000,"label":" ","price":6.34},{"type":"A","date":"2018-04-27T03:35:01.000Z","volume":5000,"label":" ","price":6.35},{"type":"B","date":"2018-04-27T03:35:20.000Z","volume":10000,"label":" ","price":6.34},{"type":"B","date":"2018-04-27T03:35:24.000Z","volume":21000,"label":" ","price":6.34},{"type":"A","date":"2018-04-27T03:37:34.000Z","volume":73000,"label":" ","price":6.34},{"type":"B","date":"2018-04-27T03:39:59.000Z","volume":1000,"label":" ","price":6.34},{"type":"B","date":"2018-04-27T03:40:00.000Z","volume":1000,"label":" ","price":6.34},{"type":"A","date":"2018-04-27T03:42:33.000Z","volume":4000,"label":" ","price":6.35},{"type":"B","date":"2018-04-27T03:42:43.000Z","volume":1000,"label":" ","price":6.34},{"type":"A","date":"2018-04-27T03:42:46.000Z","volume":2000,"label":" ","price":6.35},{"type":"A","date":"2018-04-27T03:42:47.000Z","volume":1000,"label":" ","price":6.35},{"type":"B","date":"2018-04-27T03:43:13.000Z","volume":1000,"label":" ","price":6.34},{"type":"A","date":"2018-04-27T03:43:18.000Z","volume":4000,"label":" ","price":6.35},{"type":"A","date":"2018-04-27T03:43:32.000Z","volume":1000,"label":" ","price":6.35},{"type":"A","date":"2018-04-27T03:43:34.000Z","volume":1000,"label":" ","price":6.35},{"type":"B","date":"2018-04-27T03:43:38.000Z","volume":1000,"label":" ","price":6.34},{"type":"A","date":"2018-04-27T03:43:42.000Z","volume":2000,"label":" ","price":6.35},{"type":"A","date":"2018-04-27T03:44:45.000Z","volume":2000,"label":" ","price":6.35},{"type":"A","date":"2018-04-27T03:44:47.000Z","volume":1000,"label":" ","price":6.35},{"type":"B","date":"2018-04-27T03:44:59.000Z","volume":1000,"label":" ","price":6.34},{"type":"B","date":"2018-04-27T03:44:59.000Z","volume":1000,"label":" ","price":6.34},{"type":"A","date":"2018-04-27T03:45:05.000Z","volume":14000,"label":" ","price":6.35},{"type":"A","date":"2018-04-27T03:45:05.000Z","volume":3000,"label":" ","price":6.35},{"type":"A","date":"2018-04-27T03:45:14.000Z","volume":1000,"label":" ","price":6.35},{"type":"A","date":"2018-04-27T03:45:17.000Z","volume":3000,"label":" ","price":6.35},{"type":"U","date":"2018-04-27T03:45:51.000Z","volume":4000,"label":"X","price":6.35},{"type":"B","date":"2018-04-27T03:47:41.000Z","volume":1000,"label":" ","price":6.34},{"type":"B","date":"2018-04-27T03:47:59.000Z","volume":71000,"label":" ","price":6.34},{"type":"A","date":"2018-04-27T03:48:02.000Z","volume":2000,"label":" ","price":6.35},{"type":"B","date":"2018-04-27T03:48:11.000Z","volume":2000,"label":" ","price":6.34},{"type":"A","date":"2018-04-27T03:48:36.000Z","volume":9000,"label":" ","price":6.35},{"type":"B","date":"2018-04-27T03:48:41.000Z","volume":1000,"label":" ","price":6.34},{"type":"B","date":"2018-04-27T03:49:11.000Z","volume":2000,"label":" ","price":6.34},{"type":"B","date":"2018-04-27T03:49:41.000Z","volume":1000,"label":" ","price":6.34},{"type":"B","date":"2018-04-27T03:49:55.000Z","volume":92000,"label":" ","price":6.34},{"type":"B","date":"2018-04-27T03:49:55.000Z","volume":60000,"label":" ","price":6.34},{"type":"B","date":"2018-04-27T03:49:55.000Z","volume":27000,"label":" ","price":6.34},{"type":"B","date":"2018-04-27T03:49:59.000Z","volume":1000,"label":" ","price":6.33},{"type":"B","date":"2018-04-27T03:50:00.000Z","volume":1000,"label":" ","price":6.33},{"type":"B","date":"2018-04-27T03:50:11.000Z","volume":2000,"label":" ","price":6.33},{"type":"B","date":"2018-04-27T03:50:41.000Z","volume":1000,"label":" ","price":6.33},{"type":"B","date":"2018-04-27T03:51:11.000Z","volume":1000,"label":" ","price":6.33},{"type":"B","date":"2018-04-27T03:51:41.000Z","volume":1000,"label":" ","price":6.33},{"type":"U","date":"2018-04-27T03:51:50.000Z","volume":62,"label":"D","price":6.27},{"type":"B","date":"2018-04-27T03:52:11.000Z","volume":1000,"label":" ","price":6.33},{"type":"B","date":"2018-04-27T03:52:41.000Z","volume":2000,"label":" ","price":6.33},{"type":"B","date":"2018-04-27T03:53:11.000Z","volume":1000,"label":" ","price":6.33},{"type":"B","date":"2018-04-27T03:53:41.000Z","volume":1000,"label":" ","price":6.33},{"type":"B","date":"2018-04-27T03:54:11.000Z","volume":1000,"label":" ","price":6.33},{"type":"B","date":"2018-04-27T03:54:41.000Z","volume":1000,"label":" ","price":6.33},{"type":"B","date":"2018-04-27T03:54:59.000Z","volume":1000,"label":" ","price":6.33},{"type":"B","date":"2018-04-27T03:54:59.000Z","volume":1000,"label":" ","price":6.33},{"type":"B","date":"2018-04-27T03:55:11.000Z","volume":2000,"label":" ","price":6.33},{"type":"B","date":"2018-04-27T03:55:41.000Z","volume":1000,"label":" ","price":6.33},{"type":"B","date":"2018-04-27T03:56:11.000Z","volume":1000,"label":" ","price":6.33},{"type":"B","date":"2018-04-27T03:56:41.000Z","volume":1000,"label":" ","price":6.33},{"type":"B","date":"2018-04-27T03:57:11.000Z","volume":2000,"label":" ","price":6.33},{"type":"A","date":"2018-04-27T03:57:18.000Z","volume":1000,"label":" ","price":6.34},{"type":"A","date":"2018-04-27T03:57:18.000Z","volume":2000,"label":" ","price":6.34},{"type":"B","date":"2018-04-27T03:57:41.000Z","volume":1000,"label":" ","price":6.33},{"type":"B","date":"2018-04-27T03:58:11.000Z","volume":1000,"label":" ","price":6.33},{"type":"A","date":"2018-04-27T03:58:35.000Z","volume":16000,"label":"Y","price":6.34},{"type":"A","date":"2018-04-27T03:58:35.000Z","volume":80000,"label":" ","price":6.34},{"type":"A","date":"2018-04-27T03:59:03.000Z","volume":1000,"label":" ","price":6.35},{"type":"B","date":"2018-04-27T03:59:42.000Z","volume":31000,"label":" ","price":6.34},{"type":"B","date":"2018-04-27T03:59:59.000Z","volume":1000,"label":" ","price":6.34},{"type":"B","date":"2018-04-27T05:00:05.000Z","volume":42000,"label":" ","price":6.34},{"type":"A","date":"2018-04-27T05:00:36.000Z","volume":75000,"label":" ","price":6.34},{"type":"B","date":"2018-04-27T05:05:00.000Z","volume":1000,"label":" ","price":6.34},{"type":"A","date":"2018-04-27T05:09:45.000Z","volume":28000,"label":" ","price":6.35},{"type":"A","date":"2018-04-27T05:09:58.000Z","volume":2000,"label":" ","price":6.35},{"type":"B","date":"2018-04-27T05:09:59.000Z","volume":1000,"label":" ","price":6.34},{"type":"A","date":"2018-04-27T05:10:06.000Z","volume":14000,"label":" ","price":6.35},{"type":"A","date":"2018-04-27T05:10:13.000Z","volume":10000,"label":" ","price":6.35},{"type":"A","date":"2018-04-27T05:10:17.000Z","volume":4000,"label":" ","price":6.35},{"type":"A","date":"2018-04-27T05:10:17.000Z","volume":4000,"label":" ","price":6.35},{"type":"A","date":"2018-04-27T05:10:17.000Z","volume":18000,"label":" ","price":6.35},{"type":"A","date":"2018-04-27T05:10:18.000Z","volume":3000,"label":" ","price":6.35},{"type":"B","date":"2018-04-27T05:10:30.000Z","volume":10000,"label":" ","price":6.34},{"type":"A","date":"2018-04-27T05:10:31.000Z","volume":9000,"label":" ","price":6.35},{"type":"A","date":"2018-04-27T05:10:38.000Z","volume":1000,"label":" ","price":6.35},{"type":"B","date":"2018-04-27T05:11:01.000Z","volume":20000,"label":" ","price":6.34},{"type":"A","date":"2018-04-27T05:11:06.000Z","volume":3000,"label":" ","price":6.35},{"type":"B","date":"2018-04-27T05:11:21.000Z","volume":6000,"label":" ","price":6.34},{"type":"A","date":"2018-04-27T05:11:25.000Z","volume":1000,"label":" ","price":6.35},{"type":"A","date":"2018-04-27T05:11:57.000Z","volume":5000,"label":" ","price":6.35},{"type":"A","date":"2018-04-27T05:12:02.000Z","volume":4000,"label":" ","price":6.35},{"type":"A","date":"2018-04-27T05:12:08.000Z","volume":30000,"label":" ","price":6.35},{"type":"A","date":"2018-04-27T05:12:08.000Z","volume":97000,"label":" ","price":6.35},{"type":"U","date":"2018-04-27T05:13:55.000Z","volume":8000,"label":"X","price":6.36},{"type":"B","date":"2018-04-27T05:14:41.000Z","volume":100000,"label":" ","price":6.35},{"type":"B","date":"2018-04-27T05:14:59.000Z","volume":1000,"label":" ","price":6.35},{"type":"B","date":"2018-04-27T05:14:59.000Z","volume":1000,"label":" ","price":6.35},{"type":"B","date":"2018-04-27T05:15:00.000Z","volume":18000,"label":" ","price":6.35},{"type":"B","date":"2018-04-27T05:15:00.000Z","volume":9000,"label":" ","price":6.34},{"type":"A","date":"2018-04-27T05:16:17.000Z","volume":4000,"label":" ","price":6.35},{"type":"A","date":"2018-04-27T05:16:18.000Z","volume":11000,"label":" ","price":6.35},{"type":"A","date":"2018-04-27T05:16:46.000Z","volume":1000,"label":" ","price":6.35},{"type":"A","date":"2018-04-27T05:17:09.000Z","volume":1000,"label":" ","price":6.35},{"type":"A","date":"2018-04-27T05:17:10.000Z","volume":43000,"label":" ","price":6.35},{"type":"A","date":"2018-04-27T05:17:10.000Z","volume":39000,"label":" ","price":6.35},{"type":"A","date":"2018-04-27T05:17:10.000Z","volume":4000,"label":" ","price":6.35},{"type":"A","date":"2018-04-27T05:17:23.000Z","volume":5000,"label":" ","price":6.36},{"type":"A","date":"2018-04-27T05:17:47.000Z","volume":2000,"label":" ","price":6.36},{"type":"A","date":"2018-04-27T05:18:05.000Z","volume":2000,"label":" ","price":6.36},{"type":"A","date":"2018-04-27T05:18:17.000Z","volume":129000,"label":" ","price":6.36},{"type":"A","date":"2018-04-27T05:18:19.000Z","volume":1000,"label":" ","price":6.37},{"type":"B","date":"2018-04-27T05:18:59.000Z","volume":3000,"label":" ","price":6.36},{"type":"B","date":"2018-04-27T05:19:11.000Z","volume":18000,"label":" ","price":6.36},{"type":"B","date":"2018-04-27T05:19:29.000Z","volume":3000,"label":" ","price":6.36},{"type":"B","date":"2018-04-27T05:19:59.000Z","volume":3000,"label":" ","price":6.36},{"type":"B","date":"2018-04-27T05:19:59.000Z","volume":1000,"label":" ","price":6.36},{"type":"B","date":"2018-04-27T05:20:00.000Z","volume":1000,"label":" ","price":6.36},{"type":"B","date":"2018-04-27T05:20:15.000Z","volume":6000,"label":" ","price":6.36},{"type":"B","date":"2018-04-27T05:22:23.000Z","volume":81000,"label":" ","price":6.35},{"type":"A","date":"2018-04-27T05:22:23.000Z","volume":4000,"label":" ","price":6.36},{"type":"B","date":"2018-04-27T05:22:29.000Z","volume":3000,"label":" ","price":6.35},{"type":"B","date":"2018-04-27T05:23:12.000Z","volume":6000,"label":" ","price":6.35},{"type":"B","date":"2018-04-27T05:24:29.000Z","volume":2000,"label":" ","price":6.35},{"type":"B","date":"2018-04-27T05:24:52.000Z","volume":18000,"label":" ","price":6.35},{"type":"B","date":"2018-04-27T05:24:59.000Z","volume":1000,"label":" ","price":6.35},{"type":"B","date":"2018-04-27T05:25:00.000Z","volume":1000,"label":"Y","price":6.35},{"type":"A","date":"2018-04-27T05:25:22.000Z","volume":79000,"label":" ","price":6.36},{"type":"B","date":"2018-04-27T05:27:20.000Z","volume":39000,"label":" ","price":6.36},{"type":"B","date":"2018-04-27T05:27:54.000Z","volume":2000,"label":" ","price":6.36},{"type":"B","date":"2018-04-27T05:28:25.000Z","volume":6000,"label":" ","price":6.36},{"type":"B","date":"2018-04-27T05:28:58.000Z","volume":1000,"label":" ","price":6.36},{"type":"B","date":"2018-04-27T05:30:00.000Z","volume":1000,"label":" ","price":6.35},{"type":"U","date":"2018-04-27T05:30:45.000Z","volume":200,"label":"D","price":6.29},{"type":"A","date":"2018-04-27T05:31:04.000Z","volume":2000,"label":"Y","price":6.36},{"type":"A","date":"2018-04-27T05:31:04.000Z","volume":2000,"label":" ","price":6.36},{"type":"A","date":"2018-04-27T05:31:36.000Z","volume":20000,"label":" ","price":6.36},{"type":"A","date":"2018-04-27T05:32:03.000Z","volume":1000,"label":" ","price":6.36},{"type":"A","date":"2018-04-27T05:32:45.000Z","volume":3000,"label":" ","price":6.36},{"type":"A","date":"2018-04-27T05:32:48.000Z","volume":20000,"label":" ","price":6.36},{"type":"A","date":"2018-04-27T05:32:48.000Z","volume":1000,"label":" ","price":6.36},{"type":"B","date":"2018-04-27T05:33:05.000Z","volume":67000,"label":" ","price":6.36},{"type":"B","date":"2018-04-27T05:34:59.000Z","volume":1000,"label":" ","price":6.35},{"type":"A","date":"2018-04-27T05:35:09.000Z","volume":115000,"label":" ","price":6.36},{"type":"A","date":"2018-04-27T05:35:17.000Z","volume":4000,"label":" ","price":6.36},{"type":"A","date":"2018-04-27T05:35:19.000Z","volume":81000,"label":" ","price":6.36},{"type":"A","date":"2018-04-27T05:35:19.000Z","volume":32000,"label":" ","price":6.36},{"type":"A","date":"2018-04-27T05:35:19.000Z","volume":96000,"label":" ","price":6.36},{"type":"B","date":"2018-04-27T05:35:51.000Z","volume":47000,"label":" ","price":6.36},{"type":"B","date":"2018-04-27T05:35:57.000Z","volume":10000,"label":" ","price":6.36},{"type":"B","date":"2018-04-27T05:37:05.000Z","volume":100000,"label":" ","price":6.36},{"type":"B","date":"2018-04-27T05:38:54.000Z","volume":7000,"label":" ","price":6.36},{"type":"B","date":"2018-04-27T05:39:22.000Z","volume":100000,"label":" ","price":6.36},{"type":"B","date":"2018-04-27T05:39:28.000Z","volume":12000,"label":" ","price":6.36},{"type":"B","date":"2018-04-27T05:39:28.000Z","volume":78000,"label":" ","price":6.36},{"type":"A","date":"2018-04-27T05:39:28.000Z","volume":2000,"label":" ","price":6.36},{"type":"A","date":"2018-04-27T05:39:32.000Z","volume":11000,"label":" ","price":6.36},{"type":"B","date":"2018-04-27T05:40:00.000Z","volume":1000,"label":" ","price":6.35},{"type":"B","date":"2018-04-27T05:41:04.000Z","volume":1000,"label":" ","price":6.36},{"type":"B","date":"2018-04-27T05:43:23.000Z","volume":1000,"label":" ","price":6.36},{"type":"B","date":"2018-04-27T05:44:19.000Z","volume":36000,"label":" ","price":6.36},{"type":"A","date":"2018-04-27T05:44:49.000Z","volume":10000,"label":" ","price":6.36},{"type":"B","date":"2018-04-27T05:44:59.000Z","volume":1000,"label":" ","price":6.35},{"type":"B","date":"2018-04-27T05:45:00.000Z","volume":1000,"label":" ","price":6.35},{"type":"A","date":"2018-04-27T05:45:51.000Z","volume":49000,"label":" ","price":6.36},{"type":"B","date":"2018-04-27T05:48:13.000Z","volume":43000,"label":" ","price":6.36},{"type":"A","date":"2018-04-27T05:48:13.000Z","volume":15000,"label":" ","price":6.36},{"type":"A","date":"2018-04-27T05:49:34.000Z","volume":4000,"label":" ","price":6.36},{"type":"B","date":"2018-04-27T05:49:59.000Z","volume":1000,"label":" ","price":6.35},{"type":"B","date":"2018-04-27T05:50:00.000Z","volume":1000,"label":" ","price":6.35},{"type":"B","date":"2018-04-27T05:50:41.000Z","volume":28000,"label":" ","price":6.35},{"type":"A","date":"2018-04-27T05:51:05.000Z","volume":21000,"label":" ","price":6.36},{"type":"A","date":"2018-04-27T05:51:13.000Z","volume":4000,"label":" ","price":6.36},{"type":"A","date":"2018-04-27T05:51:22.000Z","volume":1000,"label":" ","price":6.36},{"type":"A","date":"2018-04-27T05:51:24.000Z","volume":4000,"label":" ","price":6.36},{"type":"A","date":"2018-04-27T05:51:53.000Z","volume":23000,"label":" ","price":6.36},{"type":"A","date":"2018-04-27T05:51:53.000Z","volume":1000,"label":" ","price":6.36},{"type":"A","date":"2018-04-27T05:51:53.000Z","volume":2000,"label":" ","price":6.36},{"type":"A","date":"2018-04-27T05:51:59.000Z","volume":1000,"label":" ","price":6.36},{"type":"B","date":"2018-04-27T05:52:23.000Z","volume":10000,"label":" ","price":6.35},{"type":"B","date":"2018-04-27T05:55:00.000Z","volume":1000,"label":" ","price":6.35},{"type":"B","date":"2018-04-27T05:56:09.000Z","volume":100000,"label":" ","price":6.35},{"type":"A","date":"2018-04-27T05:56:10.000Z","volume":13000,"label":" ","price":6.36},{"type":"B","date":"2018-04-27T05:56:13.000Z","volume":131000,"label":" ","price":6.35},{"type":"A","date":"2018-04-27T05:56:18.000Z","volume":107000,"label":" ","price":6.35},{"type":"A","date":"2018-04-27T05:56:19.000Z","volume":2000,"label":" ","price":6.35},{"type":"A","date":"2018-04-27T05:56:21.000Z","volume":81000,"label":" ","price":6.35},{"type":"B","date":"2018-04-27T05:56:36.000Z","volume":1000,"label":" ","price":6.35},{"type":"B","date":"2018-04-27T05:56:51.000Z","volume":7000,"label":" ","price":6.35},{"type":"A","date":"2018-04-27T05:56:53.000Z","volume":11000,"label":" ","price":6.35},{"type":"A","date":"2018-04-27T05:57:49.000Z","volume":2000,"label":"Y","price":6.35},{"type":"A","date":"2018-04-27T05:57:49.000Z","volume":2000,"label":" ","price":6.35},{"type":"A","date":"2018-04-27T05:57:57.000Z","volume":10000,"label":" ","price":6.35},{"type":"A","date":"2018-04-27T05:57:59.000Z","volume":3000,"label":" ","price":6.35},{"type":"A","date":"2018-04-27T05:58:51.000Z","volume":4000,"label":" ","price":6.35},{"type":"A","date":"2018-04-27T05:59:06.000Z","volume":1000,"label":" ","price":6.35},{"type":"A","date":"2018-04-27T05:59:41.000Z","volume":3000,"label":" ","price":6.35},{"type":"A","date":"2018-04-27T05:59:50.000Z","volume":71000,"label":" ","price":6.35},{"type":"B","date":"2018-04-27T06:00:00.000Z","volume":1000,"label":" ","price":6.35},{"type":"A","date":"2018-04-27T06:00:05.000Z","volume":1000,"label":" ","price":6.36},{"type":"A","date":"2018-04-27T06:00:06.000Z","volume":4000,"label":" ","price":6.36},{"type":"A","date":"2018-04-27T06:00:06.000Z","volume":1000,"label":" ","price":6.36},{"type":"A","date":"2018-04-27T06:00:27.000Z","volume":1000,"label":" ","price":6.36},{"type":"A","date":"2018-04-27T06:00:27.000Z","volume":3000,"label":"Y","price":6.36},{"type":"A","date":"2018-04-27T06:00:27.000Z","volume":8000,"label":" ","price":6.36},{"type":"A","date":"2018-04-27T06:00:36.000Z","volume":1000,"label":" ","price":6.37},{"type":"B","date":"2018-04-27T06:02:21.000Z","volume":3000,"label":" ","price":6.36},{"type":"B","date":"2018-04-27T06:02:51.000Z","volume":2000,"label":" ","price":6.36},{"type":"B","date":"2018-04-27T06:03:00.000Z","volume":97000,"label":" ","price":6.36},{"type":"B","date":"2018-04-27T06:03:21.000Z","volume":2000,"label":" ","price":6.35},{"type":"B","date":"2018-04-27T06:03:51.000Z","volume":2000,"label":" ","price":6.35},{"type":"B","date":"2018-04-27T06:04:21.000Z","volume":2000,"label":" ","price":6.35},{"type":"B","date":"2018-04-27T06:04:51.000Z","volume":2000,"label":" ","price":6.35},{"type":"B","date":"2018-04-27T06:05:00.000Z","volume":1000,"label":" ","price":6.35},{"type":"A","date":"2018-04-27T06:05:19.000Z","volume":4000,"label":" ","price":6.36},{"type":"B","date":"2018-04-27T06:05:21.000Z","volume":2000,"label":" ","price":6.35},{"type":"B","date":"2018-04-27T06:05:51.000Z","volume":1000,"label":" ","price":6.35},{"type":"A","date":"2018-04-27T06:06:10.000Z","volume":2000,"label":" ","price":6.36},{"type":"A","date":"2018-04-27T06:06:11.000Z","volume":28000,"label":" ","price":6.36},{"type":"B","date":"2018-04-27T06:06:12.000Z","volume":7000,"label":" ","price":6.36},{"type":"B","date":"2018-04-27T06:07:46.000Z","volume":22000,"label":" ","price":6.36},{"type":"A","date":"2018-04-27T06:07:52.000Z","volume":42000,"label":" ","price":6.36},{"type":"B","date":"2018-04-27T06:09:18.000Z","volume":9000,"label":" ","price":6.36},{"type":"B","date":"2018-04-27T06:09:25.000Z","volume":10000,"label":" ","price":6.36},{"type":"B","date":"2018-04-27T06:10:00.000Z","volume":1000,"label":" ","price":6.35},{"type":"A","date":"2018-04-27T06:13:34.000Z","volume":1000,"label":"Y","price":6.36},{"type":"A","date":"2018-04-27T06:13:34.000Z","volume":3000,"label":" ","price":6.36},{"type":"A","date":"2018-04-27T06:14:28.000Z","volume":2000,"label":" ","price":6.36},{"type":"B","date":"2018-04-27T06:14:45.000Z","volume":100000,"label":" ","price":6.35},{"type":"A","date":"2018-04-27T06:14:45.000Z","volume":17000,"label":" ","price":6.36},{"type":"B","date":"2018-04-27T06:15:00.000Z","volume":1000,"label":" ","price":6.35},{"type":"B","date":"2018-04-27T06:16:04.000Z","volume":1000,"label":" ","price":6.35},{"type":"A","date":"2018-04-27T06:19:02.000Z","volume":4000,"label":" ","price":6.36},{"type":"A","date":"2018-04-27T06:19:03.000Z","volume":3000,"label":" ","price":6.36},{"type":"A","date":"2018-04-27T06:19:44.000Z","volume":23000,"label":" ","price":6.36},{"type":"A","date":"2018-04-27T06:19:44.000Z","volume":56000,"label":" ","price":6.36},{"type":"B","date":"2018-04-27T06:20:00.000Z","volume":1000,"label":" ","price":6.36},{"type":"B","date":"2018-04-27T06:20:24.000Z","volume":36000,"label":" ","price":6.36},{"type":"A","date":"2018-04-27T06:22:06.000Z","volume":4000,"label":" ","price":6.37},{"type":"U","date":"2018-04-27T06:22:16.000Z","volume":3000,"label":"X","price":6.37},{"type":"B","date":"2018-04-27T06:22:55.000Z","volume":12000,"label":" ","price":6.36},{"type":"B","date":"2018-04-27T06:23:10.000Z","volume":1000,"label":" ","price":6.36},{"type":"B","date":"2018-04-27T06:23:13.000Z","volume":64000,"label":" ","price":6.36},{"type":"B","date":"2018-04-27T06:23:13.000Z","volume":78000,"label":" ","price":6.36},{"type":"A","date":"2018-04-27T06:23:13.000Z","volume":2000,"label":" ","price":6.36},{"type":"A","date":"2018-04-27T06:23:15.000Z","volume":3000,"label":" ","price":6.36},{"type":"U","date":"2018-04-27T06:23:15.000Z","volume":652,"label":"D","price":6.3},{"type":"B","date":"2018-04-27T06:23:18.000Z","volume":1000,"label":" ","price":6.35},{"type":"B","date":"2018-04-27T06:24:22.000Z","volume":22000,"label":" ","price":6.35},{"type":"B","date":"2018-04-27T06:25:00.000Z","volume":1000,"label":" ","price":6.35},{"type":"A","date":"2018-04-27T06:25:01.000Z","volume":4000,"label":" ","price":6.36},{"type":"A","date":"2018-04-27T06:25:02.000Z","volume":3000,"label":" ","price":6.36},{"type":"A","date":"2018-04-27T06:25:49.000Z","volume":5000,"label":" ","price":6.36},{"type":"B","date":"2018-04-27T06:26:00.000Z","volume":37000,"label":" ","price":6.35},{"type":"B","date":"2018-04-27T06:26:39.000Z","volume":1000,"label":" ","price":6.35},{"type":"A","date":"2018-04-27T06:28:35.000Z","volume":88000,"label":" ","price":6.36},{"type":"B","date":"2018-04-27T06:29:04.000Z","volume":16000,"label":" ","price":6.35},{"type":"B","date":"2018-04-27T06:30:00.000Z","volume":1000,"label":" ","price":6.35},{"type":"A","date":"2018-04-27T06:30:59.000Z","volume":3000,"label":" ","price":6.36},{"type":"A","date":"2018-04-27T06:31:01.000Z","volume":71000,"label":" ","price":6.36},{"type":"B","date":"2018-04-27T06:31:08.000Z","volume":21000,"label":" ","price":6.36},{"type":"B","date":"2018-04-27T06:31:08.000Z","volume":3000,"label":" ","price":6.35},{"type":"A","date":"2018-04-27T06:31:08.000Z","volume":3000,"label":" ","price":6.36},{"type":"A","date":"2018-04-27T06:31:12.000Z","volume":6000,"label":" ","price":6.36},{"type":"A","date":"2018-04-27T06:31:13.000Z","volume":4000,"label":" ","price":6.36},{"type":"A","date":"2018-04-27T06:31:14.000Z","volume":2000,"label":" ","price":6.36},{"type":"B","date":"2018-04-27T06:31:49.000Z","volume":6000,"label":" ","price":6.35},{"type":"A","date":"2018-04-27T06:32:57.000Z","volume":39000,"label":" ","price":6.36},{"type":"A","date":"2018-04-27T06:32:57.000Z","volume":27000,"label":" ","price":6.36},{"type":"B","date":"2018-04-27T06:34:41.000Z","volume":8000,"label":" ","price":6.36},{"type":"B","date":"2018-04-27T06:35:00.000Z","volume":1000,"label":" ","price":6.36},{"type":"B","date":"2018-04-27T06:35:08.000Z","volume":30000,"label":" ","price":6.36},{"type":"B","date":"2018-04-27T06:35:56.000Z","volume":1000,"label":" ","price":6.36},{"type":"A","date":"2018-04-27T06:36:03.000Z","volume":7000,"label":" ","price":6.37},{"type":"U","date":"2018-04-27T06:36:16.000Z","volume":3000,"label":"X","price":6.37},{"type":"B","date":"2018-04-27T06:37:12.000Z","volume":9000,"label":" ","price":6.36},{"type":"B","date":"2018-04-27T06:37:32.000Z","volume":28000,"label":" ","price":6.36},{"type":"A","date":"2018-04-27T06:38:54.000Z","volume":7000,"label":" ","price":6.37},{"type":"U","date":"2018-04-27T06:39:06.000Z","volume":4000,"label":"X","price":6.37},{"type":"A","date":"2018-04-27T06:39:51.000Z","volume":30000,"label":" ","price":6.37},{"type":"B","date":"2018-04-27T06:40:00.000Z","volume":1000,"label":" ","price":6.36},{"type":"B","date":"2018-04-27T06:40:01.000Z","volume":27000,"label":" ","price":6.36},{"type":"A","date":"2018-04-27T06:41:05.000Z","volume":7000,"label":" ","price":6.37},{"type":"A","date":"2018-04-27T06:42:00.000Z","volume":4000,"label":" ","price":6.37},{"type":"A","date":"2018-04-27T06:42:12.000Z","volume":8000,"label":" ","price":6.37},{"type":"B","date":"2018-04-27T06:42:36.000Z","volume":23000,"label":" ","price":6.36},{"type":"A","date":"2018-04-27T06:43:09.000Z","volume":5000,"label":" ","price":6.37},{"type":"B","date":"2018-04-27T06:43:37.000Z","volume":2000,"label":" ","price":6.36},{"type":"A","date":"2018-04-27T06:44:04.000Z","volume":4000,"label":" ","price":6.37},{"type":"B","date":"2018-04-27T06:44:07.000Z","volume":2000,"label":" ","price":6.36},{"type":"B","date":"2018-04-27T06:44:37.000Z","volume":2000,"label":" ","price":6.36},{"type":"A","date":"2018-04-27T06:45:00.000Z","volume":4000,"label":" ","price":6.37},{"type":"B","date":"2018-04-27T06:45:00.000Z","volume":1000,"label":" ","price":6.36},{"type":"B","date":"2018-04-27T06:45:07.000Z","volume":2000,"label":" ","price":6.36},{"type":"B","date":"2018-04-27T06:45:17.000Z","volume":22000,"label":" ","price":6.36},{"type":"B","date":"2018-04-27T06:45:21.000Z","volume":212000,"label":" ","price":6.36},{"type":"A","date":"2018-04-27T06:45:21.000Z","volume":4000,"label":" ","price":6.36},{"type":"A","date":"2018-04-27T06:45:21.000Z","volume":3000,"label":" ","price":6.36},{"type":"A","date":"2018-04-27T06:45:26.000Z","volume":73000,"label":" ","price":6.36},{"type":"B","date":"2018-04-27T06:45:37.000Z","volume":1000,"label":" ","price":6.35},{"type":"B","date":"2018-04-27T06:46:07.000Z","volume":2000,"label":" ","price":6.35},{"type":"B","date":"2018-04-27T06:46:37.000Z","volume":1000,"label":" ","price":6.35},{"type":"B","date":"2018-04-27T06:47:07.000Z","volume":2000,"label":" ","price":6.35},{"type":"B","date":"2018-04-27T06:47:10.000Z","volume":1000,"label":" ","price":6.35},{"type":"B","date":"2018-04-27T06:47:37.000Z","volume":2000,"label":" ","price":6.35},{"type":"B","date":"2018-04-27T06:47:49.000Z","volume":27000,"label":" ","price":6.35},{"type":"B","date":"2018-04-27T06:48:03.000Z","volume":7000,"label":" ","price":6.35},{"type":"B","date":"2018-04-27T06:48:05.000Z","volume":1000,"label":" ","price":6.35},{"type":"B","date":"2018-04-27T06:48:07.000Z","volume":2000,"label":" ","price":6.35},{"type":"B","date":"2018-04-27T06:48:37.000Z","volume":1000,"label":" ","price":6.35},{"type":"B","date":"2018-04-27T06:48:40.000Z","volume":4000,"label":" ","price":6.35},{"type":"B","date":"2018-04-27T06:49:07.000Z","volume":2000,"label":" ","price":6.35},{"type":"B","date":"2018-04-27T06:49:37.000Z","volume":8000,"label":" ","price":6.35},{"type":"B","date":"2018-04-27T06:49:37.000Z","volume":1000,"label":" ","price":6.35},{"type":"B","date":"2018-04-27T06:50:00.000Z","volume":1000,"label":" ","price":6.35},{"type":"B","date":"2018-04-27T06:50:39.000Z","volume":11000,"label":" ","price":6.35},{"type":"B","date":"2018-04-27T06:51:07.000Z","volume":3000,"label":" ","price":6.35},{"type":"B","date":"2018-04-27T06:52:20.000Z","volume":8000,"label":" ","price":6.35},{"type":"B","date":"2018-04-27T06:53:19.000Z","volume":3000,"label":" ","price":6.35},{"type":"B","date":"2018-04-27T06:53:34.000Z","volume":13000,"label":" ","price":6.35},{"type":"B","date":"2018-04-27T06:53:37.000Z","volume":2000,"label":" ","price":6.35},{"type":"B","date":"2018-04-27T06:53:48.000Z","volume":1000,"label":" ","price":6.35},{"type":"B","date":"2018-04-27T06:53:51.000Z","volume":7000,"label":" ","price":6.35},{"type":"A","date":"2018-04-27T06:54:57.000Z","volume":4000,"label":"Y","price":6.36},{"type":"A","date":"2018-04-27T06:54:57.000Z","volume":296000,"label":" ","price":6.36},{"type":"A","date":"2018-04-27T06:54:57.000Z","volume":92000,"label":" ","price":6.36},{"type":"A","date":"2018-04-27T06:54:59.000Z","volume":5000,"label":" ","price":6.37},{"type":"B","date":"2018-04-27T06:55:00.000Z","volume":1000,"label":" ","price":6.36},{"type":"B","date":"2018-04-27T06:55:34.000Z","volume":52000,"label":" ","price":6.36},{"type":"B","date":"2018-04-27T06:56:31.000Z","volume":6000,"label":" ","price":6.35},{"type":"B","date":"2018-04-27T06:58:55.000Z","volume":32000,"label":" ","price":6.35},{"type":"B","date":"2018-04-27T06:59:06.000Z","volume":19000,"label":" ","price":6.35},{"type":"B","date":"2018-04-27T07:00:00.000Z","volume":1000,"label":" ","price":6.35},{"type":"B","date":"2018-04-27T07:00:05.000Z","volume":51000,"label":" ","price":6.35},{"type":"B","date":"2018-04-27T07:01:55.000Z","volume":14000,"label":" ","price":6.35},{"type":"B","date":"2018-04-27T07:01:55.000Z","volume":18000,"label":" ","price":6.34},{"type":"B","date":"2018-04-27T07:02:48.000Z","volume":5000,"label":" ","price":6.35},{"type":"A","date":"2018-04-27T07:02:48.000Z","volume":3000,"label":" ","price":6.35},{"type":"B","date":"2018-04-27T07:04:34.000Z","volume":28000,"label":" ","price":6.34},{"type":"B","date":"2018-04-27T07:05:00.000Z","volume":1000,"label":" ","price":6.34},{"type":"B","date":"2018-04-27T07:06:00.000Z","volume":2000,"label":" ","price":6.34},{"type":"B","date":"2018-04-27T07:07:23.000Z","volume":22000,"label":" ","price":6.34},{"type":"A","date":"2018-04-27T07:07:24.000Z","volume":1000,"label":" ","price":6.35},{"type":"A","date":"2018-04-27T07:08:27.000Z","volume":9000,"label":" ","price":6.35},{"type":"A","date":"2018-04-27T07:09:21.000Z","volume":5000,"label":" ","price":6.35},{"type":"B","date":"2018-04-27T07:10:00.000Z","volume":1000,"label":" ","price":6.34},{"type":"B","date":"2018-04-27T07:10:05.000Z","volume":20000,"label":" ","price":6.34},{"type":"A","date":"2018-04-27T07:10:22.000Z","volume":6000,"label":" ","price":6.35},{"type":"A","date":"2018-04-27T07:10:37.000Z","volume":10000,"label":" ","price":6.35},{"type":"A","date":"2018-04-27T07:11:39.000Z","volume":8000,"label":" ","price":6.35},{"type":"B","date":"2018-04-27T07:12:39.000Z","volume":19000,"label":" ","price":6.34},{"type":"A","date":"2018-04-27T07:14:21.000Z","volume":5000,"label":" ","price":6.35},{"type":"U","date":"2018-04-27T07:14:37.000Z","volume":3000,"label":"X","price":6.35},{"type":"B","date":"2018-04-27T07:15:00.000Z","volume":1000,"label":" ","price":6.34},{"type":"B","date":"2018-04-27T07:15:29.000Z","volume":20000,"label":" ","price":6.34},{"type":"A","date":"2018-04-27T07:15:43.000Z","volume":6000,"label":" ","price":6.35},{"type":"A","date":"2018-04-27T07:16:23.000Z","volume":10000,"label":" ","price":6.35},{"type":"A","date":"2018-04-27T07:16:39.000Z","volume":4000,"label":" ","price":6.35},{"type":"A","date":"2018-04-27T07:16:43.000Z","volume":13000,"label":" ","price":6.35},{"type":"U","date":"2018-04-27T07:17:07.000Z","volume":1000,"label":"X","price":6.35},{"type":"A","date":"2018-04-27T07:17:42.000Z","volume":4000,"label":" ","price":6.35},{"type":"B","date":"2018-04-27T07:17:59.000Z","volume":16000,"label":" ","price":6.34},{"type":"A","date":"2018-04-27T07:18:17.000Z","volume":1000,"label":" ","price":6.35},{"type":"A","date":"2018-04-27T07:18:17.000Z","volume":4000,"label":" ","price":6.35},{"type":"A","date":"2018-04-27T07:18:48.000Z","volume":5000,"label":" ","price":6.35},{"type":"A","date":"2018-04-27T07:19:34.000Z","volume":14000,"label":" ","price":6.35},{"type":"A","date":"2018-04-27T07:19:45.000Z","volume":3000,"label":" ","price":6.35},{"type":"U","date":"2018-04-27T07:19:47.000Z","volume":1000,"label":"X","price":6.35},{"type":"B","date":"2018-04-27T07:20:00.000Z","volume":1000,"label":" ","price":6.34},{"type":"B","date":"2018-04-27T07:20:15.000Z","volume":50000,"label":" ","price":6.34},{"type":"A","date":"2018-04-27T07:20:15.000Z","volume":3000,"label":" ","price":6.35},{"type":"A","date":"2018-04-27T07:20:44.000Z","volume":6000,"label":" ","price":6.35},{"type":"B","date":"2018-04-27T07:20:49.000Z","volume":21000,"label":" ","price":6.34},{"type":"A","date":"2018-04-27T07:22:44.000Z","volume":1000,"label":" ","price":6.35},{"type":"A","date":"2018-04-27T07:22:52.000Z","volume":1000,"label":" ","price":6.35},{"type":"A","date":"2018-04-27T07:23:01.000Z","volume":5000,"label":" ","price":6.35},{"type":"A","date":"2018-04-27T07:23:02.000Z","volume":5000,"label":" ","price":6.35},{"type":"B","date":"2018-04-27T07:23:10.000Z","volume":25000,"label":" ","price":6.34},{"type":"B","date":"2018-04-27T07:23:33.000Z","volume":4000,"label":" ","price":6.34},{"type":"B","date":"2018-04-27T07:23:39.000Z","volume":61000,"label":" ","price":6.34},{"type":"U","date":"2018-04-27T07:24:00.000Z","volume":400,"label":"D","price":6.3},{"type":"A","date":"2018-04-27T07:24:07.000Z","volume":67000,"label":" ","price":6.35},{"type":"A","date":"2018-04-27T07:24:22.000Z","volume":17000,"label":" ","price":6.35},{"type":"B","date":"2018-04-27T07:24:34.000Z","volume":63000,"label":" ","price":6.34},{"type":"A","date":"2018-04-27T07:24:37.000Z","volume":51000,"label":" ","price":6.35},{"type":"B","date":"2018-04-27T07:25:00.000Z","volume":1000,"label":"Y","price":6.34},{"type":"B","date":"2018-04-27T07:26:08.000Z","volume":3000,"label":" ","price":6.34},{"type":"A","date":"2018-04-27T07:26:37.000Z","volume":32000,"label":" ","price":6.35},{"type":"B","date":"2018-04-27T07:26:44.000Z","volume":6000,"label":" ","price":6.34},{"type":"A","date":"2018-04-27T07:26:52.000Z","volume":6000,"label":" ","price":6.35},{"type":"B","date":"2018-04-27T07:27:18.000Z","volume":6000,"label":" ","price":6.34},{"type":"B","date":"2018-04-27T07:27:53.000Z","volume":4000,"label":" ","price":6.34},{"type":"A","date":"2018-04-27T07:27:57.000Z","volume":12000,"label":" ","price":6.35},{"type":"A","date":"2018-04-27T07:28:07.000Z","volume":22000,"label":" ","price":6.35},{"type":"B","date":"2018-04-27T07:28:56.000Z","volume":7000,"label":" ","price":6.34},{"type":"A","date":"2018-04-27T07:29:02.000Z","volume":12000,"label":" ","price":6.35},{"type":"A","date":"2018-04-27T07:29:13.000Z","volume":12000,"label":" ","price":6.35},{"type":"B","date":"2018-04-27T07:29:29.000Z","volume":8000,"label":" ","price":6.34},{"type":"A","date":"2018-04-27T07:29:32.000Z","volume":3000,"label":" ","price":6.35},{"type":"A","date":"2018-04-27T07:29:32.000Z","volume":3000,"label":" ","price":6.35},{"type":"A","date":"2018-04-27T07:29:37.000Z","volume":36000,"label":" ","price":6.35},{"type":"B","date":"2018-04-27T07:29:37.000Z","volume":10000,"label":" ","price":6.34},{"type":"B","date":"2018-04-27T07:29:40.000Z","volume":6000,"label":" ","price":6.34},{"type":"A","date":"2018-04-27T07:29:52.000Z","volume":18000,"label":" ","price":6.35},{"type":"A","date":"2018-04-27T07:29:55.000Z","volume":2000,"label":"Y","price":6.35},{"type":"A","date":"2018-04-27T07:29:55.000Z","volume":48000,"label":" ","price":6.35},{"type":"B","date":"2018-04-27T07:30:00.000Z","volume":1000,"label":" ","price":6.34},{"type":"U","date":"2018-04-27T07:30:00.000Z","volume":1000,"label":"X","price":6.35},{"type":"A","date":"2018-04-27T07:30:01.000Z","volume":2000,"label":" ","price":6.35},{"type":"A","date":"2018-04-27T07:30:07.000Z","volume":19000,"label":" ","price":6.35},{"type":"A","date":"2018-04-27T07:30:16.000Z","volume":1000,"label":" ","price":6.35},{"type":"A","date":"2018-04-27T07:30:22.000Z","volume":18000,"label":" ","price":6.35},{"type":"A","date":"2018-04-27T07:30:27.000Z","volume":1000,"label":" ","price":6.35},{"type":"A","date":"2018-04-27T07:30:27.000Z","volume":13000,"label":" ","price":6.35},{"type":"A","date":"2018-04-27T07:30:32.000Z","volume":1000,"label":" ","price":6.35},{"type":"A","date":"2018-04-27T07:30:37.000Z","volume":39000,"label":" ","price":6.35},{"type":"A","date":"2018-04-27T07:30:40.000Z","volume":3000,"label":" ","price":6.35},{"type":"A","date":"2018-04-27T07:30:52.000Z","volume":3000,"label":" ","price":6.35},{"type":"A","date":"2018-04-27T07:30:59.000Z","volume":2000,"label":" ","price":6.35},{"type":"U","date":"2018-04-27T07:31:13.000Z","volume":530,"label":"D","price":6.3},{"type":"A","date":"2018-04-27T07:31:40.000Z","volume":13000,"label":" ","price":6.35},{"type":"A","date":"2018-04-27T07:31:48.000Z","volume":1000,"label":" ","price":6.35},{"type":"U","date":"2018-04-27T07:32:21.000Z","volume":250,"label":"D","price":6.29},{"type":"A","date":"2018-04-27T07:32:24.000Z","volume":15000,"label":" ","price":6.35},{"type":"A","date":"2018-04-27T07:32:30.000Z","volume":1000,"label":" ","price":6.35},{"type":"A","date":"2018-04-27T07:32:37.000Z","volume":32000,"label":" ","price":6.35},{"type":"A","date":"2018-04-27T07:32:42.000Z","volume":22000,"label":" ","price":6.35},{"type":"A","date":"2018-04-27T07:32:48.000Z","volume":12000,"label":" ","price":6.35},{"type":"A","date":"2018-04-27T07:32:50.000Z","volume":4000,"label":" ","price":6.35},{"type":"B","date":"2018-04-27T07:32:51.000Z","volume":2000,"label":" ","price":6.34},{"type":"A","date":"2018-04-27T07:32:52.000Z","volume":40000,"label":" ","price":6.35},{"type":"A","date":"2018-04-27T07:32:52.000Z","volume":1000,"label":" ","price":6.35},{"type":"A","date":"2018-04-27T07:32:55.000Z","volume":5000,"label":" ","price":6.35},{"type":"A","date":"2018-04-27T07:32:57.000Z","volume":1000,"label":" ","price":6.35},{"type":"A","date":"2018-04-27T07:33:01.000Z","volume":1000,"label":" ","price":6.35},{"type":"A","date":"2018-04-27T07:33:14.000Z","volume":1000,"label":" ","price":6.35},{"type":"A","date":"2018-04-27T07:33:16.000Z","volume":2000,"label":" ","price":6.35},{"type":"A","date":"2018-04-27T07:33:17.000Z","volume":5000,"label":" ","price":6.35},{"type":"A","date":"2018-04-27T07:33:17.000Z","volume":4000,"label":" ","price":6.35},{"type":"A","date":"2018-04-27T07:33:17.000Z","volume":3000,"label":" ","price":6.35},{"type":"B","date":"2018-04-27T07:33:21.000Z","volume":3000,"label":" ","price":6.34},{"type":"A","date":"2018-04-27T07:33:49.000Z","volume":11000,"label":" ","price":6.35},{"type":"B","date":"2018-04-27T07:33:51.000Z","volume":3000,"label":" ","price":6.34},{"type":"A","date":"2018-04-27T07:34:14.000Z","volume":12000,"label":" ","price":6.35},{"type":"A","date":"2018-04-27T07:34:15.000Z","volume":3000,"label":" ","price":6.35},{"type":"B","date":"2018-04-27T07:34:21.000Z","volume":2000,"label":" ","price":6.34},{"type":"A","date":"2018-04-27T07:34:37.000Z","volume":57000,"label":" ","price":6.35},{"type":"A","date":"2018-04-27T07:34:53.000Z","volume":11000,"label":" ","price":6.35},{"type":"B","date":"2018-04-27T07:35:00.000Z","volume":1000,"label":" ","price":6.34},{"type":"B","date":"2018-04-27T07:35:09.000Z","volume":10000,"label":" ","price":6.34},{"type":"A","date":"2018-04-27T07:35:11.000Z","volume":1000,"label":" ","price":6.35},{"type":"B","date":"2018-04-27T07:35:13.000Z","volume":3000,"label":" ","price":6.34},{"type":"A","date":"2018-04-27T07:35:42.000Z","volume":9000,"label":" ","price":6.35},{"type":"A","date":"2018-04-27T07:36:29.000Z","volume":9000,"label":" ","price":6.35},{"type":"A","date":"2018-04-27T07:36:37.000Z","volume":34000,"label":" ","price":6.35},{"type":"A","date":"2018-04-27T07:37:05.000Z","volume":15000,"label":" ","price":6.35},{"type":"A","date":"2018-04-27T07:37:07.000Z","volume":21000,"label":" ","price":6.35},{"type":"A","date":"2018-04-27T07:37:16.000Z","volume":8000,"label":" ","price":6.35},{"type":"A","date":"2018-04-27T07:37:17.000Z","volume":33000,"label":" ","price":6.35},{"type":"A","date":"2018-04-27T07:37:17.000Z","volume":1000,"label":" ","price":6.35},{"type":"A","date":"2018-04-27T07:37:24.000Z","volume":1000,"label":" ","price":6.35},{"type":"A","date":"2018-04-27T07:38:04.000Z","volume":3000,"label":" ","price":6.35},{"type":"A","date":"2018-04-27T07:38:04.000Z","volume":8000,"label":" ","price":6.35},{"type":"A","date":"2018-04-27T07:38:07.000Z","volume":59000,"label":" ","price":6.35},{"type":"A","date":"2018-04-27T07:38:07.000Z","volume":3000,"label":" ","price":6.35},{"type":"A","date":"2018-04-27T07:38:07.000Z","volume":4000,"label":" ","price":6.35},{"type":"A","date":"2018-04-27T07:38:17.000Z","volume":1000,"label":" ","price":6.35},{"type":"A","date":"2018-04-27T07:38:37.000Z","volume":29000,"label":" ","price":6.35},{"type":"A","date":"2018-04-27T07:38:37.000Z","volume":2000,"label":" ","price":6.36},{"type":"A","date":"2018-04-27T07:38:37.000Z","volume":7000,"label":" ","price":6.36},{"type":"B","date":"2018-04-27T07:38:39.000Z","volume":200000,"label":" ","price":6.35},{"type":"B","date":"2018-04-27T07:38:39.000Z","volume":71000,"label":" ","price":6.35},{"type":"A","date":"2018-04-27T07:38:39.000Z","volume":1000,"label":" ","price":6.35},{"type":"A","date":"2018-04-27T07:38:40.000Z","volume":1000,"label":" ","price":6.35},{"type":"A","date":"2018-04-27T07:38:41.000Z","volume":2000,"label":" ","price":6.35},{"type":"A","date":"2018-04-27T07:38:52.000Z","volume":20000,"label":" ","price":6.35},{"type":"B","date":"2018-04-27T07:39:12.000Z","volume":1000,"label":" ","price":6.34},{"type":"U","date":"2018-04-27T07:39:13.000Z","volume":100,"label":"D","price":6.27},{"type":"B","date":"2018-04-27T07:40:00.000Z","volume":1000,"label":" ","price":6.34},{"type":"A","date":"2018-04-27T07:40:23.000Z","volume":16000,"label":" ","price":6.35},{"type":"A","date":"2018-04-27T07:40:27.000Z","volume":6000,"label":" ","price":6.35},{"type":"A","date":"2018-04-27T07:40:37.000Z","volume":67000,"label":" ","price":6.35},{"type":"U","date":"2018-04-27T07:40:38.000Z","volume":3000,"label":"X","price":6.35},{"type":"A","date":"2018-04-27T07:40:47.000Z","volume":4000,"label":" ","price":6.35},{"type":"A","date":"2018-04-27T07:40:56.000Z","volume":5000,"label":" ","price":6.35},{"type":"A","date":"2018-04-27T07:41:31.000Z","volume":6000,"label":" ","price":6.35},{"type":"U","date":"2018-04-27T07:41:42.000Z","volume":800,"label":"D","price":6.29},{"type":"A","date":"2018-04-27T07:41:43.000Z","volume":2000,"label":" ","price":6.35},{"type":"A","date":"2018-04-27T07:41:50.000Z","volume":15000,"label":" ","price":6.35},{"type":"A","date":"2018-04-27T07:41:54.000Z","volume":4000,"label":" ","price":6.35},{"type":"A","date":"2018-04-27T07:42:08.000Z","volume":3000,"label":" ","price":6.35},{"type":"A","date":"2018-04-27T07:42:14.000Z","volume":4000,"label":" ","price":6.35},{"type":"A","date":"2018-04-27T07:42:34.000Z","volume":4000,"label":" ","price":6.35},{"type":"A","date":"2018-04-27T07:42:35.000Z","volume":3000,"label":" ","price":6.35},{"type":"A","date":"2018-04-27T07:42:37.000Z","volume":68000,"label":" ","price":6.35},{"type":"A","date":"2018-04-27T07:42:37.000Z","volume":60000,"label":" ","price":6.35},{"type":"A","date":"2018-04-27T07:42:38.000Z","volume":1000,"label":" ","price":6.36},{"type":"A","date":"2018-04-27T07:42:58.000Z","volume":4000,"label":" ","price":6.36},{"type":"A","date":"2018-04-27T07:43:16.000Z","volume":4000,"label":" ","price":6.36},{"type":"B","date":"2018-04-27T07:43:28.000Z","volume":171000,"label":" ","price":6.35},{"type":"B","date":"2018-04-27T07:43:45.000Z","volume":5000,"label":" ","price":6.35},{"type":"A","date":"2018-04-27T07:44:16.000Z","volume":2000,"label":" ","price":6.36},{"type":"A","date":"2018-04-27T07:44:31.000Z","volume":4000,"label":" ","price":6.36},{"type":"A","date":"2018-04-27T07:44:54.000Z","volume":4000,"label":" ","price":6.36},{"type":"B","date":"2018-04-27T07:45:00.000Z","volume":1000,"label":" ","price":6.35},{"type":"B","date":"2018-04-27T07:45:09.000Z","volume":6000,"label":" ","price":6.35},{"type":"B","date":"2018-04-27T07:45:09.000Z","volume":2000,"label":" ","price":6.35},{"type":"A","date":"2018-04-27T07:45:09.000Z","volume":4000,"label":" ","price":6.36},{"type":"B","date":"2018-04-27T07:45:20.000Z","volume":105000,"label":" ","price":6.35},{"type":"B","date":"2018-04-27T07:45:46.000Z","volume":25000,"label":" ","price":6.35},{"type":"A","date":"2018-04-27T07:45:46.000Z","volume":3000,"label":" ","price":6.35},{"type":"A","date":"2018-04-27T07:45:52.000Z","volume":4000,"label":" ","price":6.35},{"type":"A","date":"2018-04-27T07:46:26.000Z","volume":4000,"label":" ","price":6.36},{"type":"A","date":"2018-04-27T07:46:37.000Z","volume":4000,"label":" ","price":6.36},{"type":"A","date":"2018-04-27T07:46:54.000Z","volume":4000,"label":" ","price":6.36},{"type":"A","date":"2018-04-27T07:47:07.000Z","volume":4000,"label":" ","price":6.36},{"type":"A","date":"2018-04-27T07:47:21.000Z","volume":4000,"label":" ","price":6.36},{"type":"A","date":"2018-04-27T07:47:36.000Z","volume":4000,"label":" ","price":6.36},{"type":"A","date":"2018-04-27T07:47:59.000Z","volume":5000,"label":" ","price":6.36},{"type":"A","date":"2018-04-27T07:48:09.000Z","volume":4000,"label":" ","price":6.36},{"type":"A","date":"2018-04-27T07:48:27.000Z","volume":4000,"label":" ","price":6.36},{"type":"A","date":"2018-04-27T07:48:39.000Z","volume":4000,"label":" ","price":6.36},{"type":"A","date":"2018-04-27T07:48:59.000Z","volume":4000,"label":" ","price":6.36},{"type":"A","date":"2018-04-27T07:49:17.000Z","volume":5000,"label":" ","price":6.36},{"type":"B","date":"2018-04-27T07:49:32.000Z","volume":20000,"label":" ","price":6.35},{"type":"A","date":"2018-04-27T07:49:59.000Z","volume":5000,"label":" ","price":6.36},{"type":"B","date":"2018-04-27T07:50:00.000Z","volume":1000,"label":" ","price":6.35},{"type":"B","date":"2018-04-27T07:50:03.000Z","volume":28000,"label":" ","price":6.35},{"type":"A","date":"2018-04-27T07:50:19.000Z","volume":5000,"label":" ","price":6.36},{"type":"A","date":"2018-04-27T07:50:26.000Z","volume":4000,"label":" ","price":6.36},{"type":"A","date":"2018-04-27T07:50:33.000Z","volume":10000,"label":" ","price":6.36},{"type":"A","date":"2018-04-27T07:50:40.000Z","volume":4000,"label":" ","price":6.36},{"type":"B","date":"2018-04-27T07:50:58.000Z","volume":8000,"label":" ","price":6.35},{"type":"A","date":"2018-04-27T07:50:58.000Z","volume":4000,"label":" ","price":6.36},{"type":"A","date":"2018-04-27T07:51:10.000Z","volume":4000,"label":" ","price":6.36},{"type":"A","date":"2018-04-27T07:51:37.000Z","volume":5000,"label":" ","price":6.36},{"type":"A","date":"2018-04-27T07:51:52.000Z","volume":5000,"label":" ","price":6.36},{"type":"B","date":"2018-04-27T07:51:58.000Z","volume":10000,"label":" ","price":6.35},{"type":"A","date":"2018-04-27T07:52:02.000Z","volume":4000,"label":" ","price":6.36},{"type":"A","date":"2018-04-27T07:52:17.000Z","volume":4000,"label":" ","price":6.36},{"type":"A","date":"2018-04-27T07:52:27.000Z","volume":62000,"label":" ","price":6.36},{"type":"A","date":"2018-04-27T07:52:27.000Z","volume":61000,"label":" ","price":6.36},{"type":"A","date":"2018-04-27T07:52:33.000Z","volume":4000,"label":" ","price":6.37},{"type":"A","date":"2018-04-27T07:52:46.000Z","volume":4000,"label":" ","price":6.37},{"type":"A","date":"2018-04-27T07:53:00.000Z","volume":4000,"label":" ","price":6.37},{"type":"A","date":"2018-04-27T07:53:17.000Z","volume":4000,"label":" ","price":6.37},{"type":"B","date":"2018-04-27T07:53:28.000Z","volume":163000,"label":" ","price":6.36},{"type":"A","date":"2018-04-27T07:53:28.000Z","volume":2000,"label":" ","price":6.36},{"type":"A","date":"2018-04-27T07:53:28.000Z","volume":12000,"label":" ","price":6.36},{"type":"B","date":"2018-04-27T07:53:42.000Z","volume":4000,"label":" ","price":6.35},{"type":"B","date":"2018-04-27T07:54:03.000Z","volume":10000,"label":" ","price":6.35},{"type":"A","date":"2018-04-27T07:54:03.000Z","volume":4000,"label":" ","price":6.36},{"type":"A","date":"2018-04-27T07:54:20.000Z","volume":4000,"label":" ","price":6.36},{"type":"B","date":"2018-04-27T07:54:33.000Z","volume":7000,"label":" ","price":6.35},{"type":"B","date":"2018-04-27T07:54:33.000Z","volume":1000,"label":" ","price":6.35},{"type":"A","date":"2018-04-27T07:54:33.000Z","volume":4000,"label":" ","price":6.36},{"type":"A","date":"2018-04-27T07:54:52.000Z","volume":4000,"label":" ","price":6.36},{"type":"B","date":"2018-04-27T07:55:00.000Z","volume":1000,"label":" ","price":6.35},{"type":"B","date":"2018-04-27T07:55:00.000Z","volume":9000,"label":" ","price":6.35},{"type":"A","date":"2018-04-27T07:55:06.000Z","volume":4000,"label":" ","price":6.36},{"type":"A","date":"2018-04-27T07:55:20.000Z","volume":4000,"label":" ","price":6.36},{"type":"B","date":"2018-04-27T07:55:21.000Z","volume":5000,"label":" ","price":6.35},{"type":"B","date":"2018-04-27T07:55:32.000Z","volume":1000,"label":" ","price":6.35},{"type":"A","date":"2018-04-27T07:55:47.000Z","volume":4000,"label":" ","price":6.36},{"type":"B","date":"2018-04-27T07:55:52.000Z","volume":5000,"label":" ","price":6.35},{"type":"B","date":"2018-04-27T07:55:57.000Z","volume":8000,"label":" ","price":6.35},{"type":"B","date":"2018-04-27T07:56:02.000Z","volume":3000,"label":" ","price":6.35},{"type":"A","date":"2018-04-27T07:56:11.000Z","volume":4000,"label":" ","price":6.36},{"type":"B","date":"2018-04-27T07:56:15.000Z","volume":34000,"label":" ","price":6.35},{"type":"A","date":"2018-04-27T07:56:20.000Z","volume":140000,"label":" ","price":6.35},{"type":"A","date":"2018-04-27T07:56:20.000Z","volume":70000,"label":" ","price":6.35},{"type":"B","date":"2018-04-27T07:56:51.000Z","volume":3000,"label":" ","price":6.35},{"type":"B","date":"2018-04-27T07:56:51.000Z","volume":3000,"label":" ","price":6.35},{"type":"B","date":"2018-04-27T07:56:57.000Z","volume":12000,"label":" ","price":6.35},{"type":"A","date":"2018-04-27T07:57:20.000Z","volume":5000,"label":" ","price":6.36},{"type":"B","date":"2018-04-27T07:57:20.000Z","volume":16000,"label":" ","price":6.35},{"type":"B","date":"2018-04-27T07:57:20.000Z","volume":4000,"label":" ","price":6.35},{"type":"B","date":"2018-04-27T07:57:28.000Z","volume":2000,"label":" ","price":6.34},{"type":"A","date":"2018-04-27T07:57:45.000Z","volume":53000,"label":" ","price":6.35},{"type":"A","date":"2018-04-27T07:57:59.000Z","volume":4000,"label":" ","price":6.36},{"type":"B","date":"2018-04-27T07:58:01.000Z","volume":12000,"label":"Y","price":6.34},{"type":"A","date":"2018-04-27T07:58:16.000Z","volume":4000,"label":" ","price":6.36},{"type":"A","date":"2018-04-27T07:58:32.000Z","volume":4000,"label":" ","price":6.36},{"type":"A","date":"2018-04-27T07:58:44.000Z","volume":2000,"label":" ","price":6.36},{"type":"A","date":"2018-04-27T07:58:45.000Z","volume":4000,"label":" ","price":6.36},{"type":"A","date":"2018-04-27T07:58:48.000Z","volume":1000,"label":" ","price":6.36},{"type":"A","date":"2018-04-27T07:58:52.000Z","volume":1000,"label":" ","price":6.36},{"type":"A","date":"2018-04-27T07:58:55.000Z","volume":1000,"label":" ","price":6.36},{"type":"A","date":"2018-04-27T07:59:01.000Z","volume":4000,"label":" ","price":6.36},{"type":"A","date":"2018-04-27T07:59:02.000Z","volume":17000,"label":" ","price":6.36},{"type":"A","date":"2018-04-27T07:59:02.000Z","volume":2000,"label":" ","price":6.36},{"type":"A","date":"2018-04-27T07:59:03.000Z","volume":1000,"label":" ","price":6.36},{"type":"A","date":"2018-04-27T07:59:07.000Z","volume":5000,"label":" ","price":6.36},{"type":"A","date":"2018-04-27T07:59:15.000Z","volume":1000,"label":" ","price":6.36},{"type":"A","date":"2018-04-27T07:59:15.000Z","volume":4000,"label":" ","price":6.36},{"type":"A","date":"2018-04-27T07:59:30.000Z","volume":4000,"label":" ","price":6.36},{"type":"A","date":"2018-04-27T07:59:41.000Z","volume":4000,"label":" ","price":6.36},{"type":"A","date":"2018-04-27T07:59:59.000Z","volume":4000,"label":" ","price":6.36},{"type":"U","date":"2018-04-27T08:09:03.000Z","volume":2634000,"label":"U","price":6.37}]