[{"type":"A","date":"2018-03-14T07:56:07.000Z","volume":32000,"price":3.59,"category":"ubbull"},{"type":"A","date":"2018-03-14T07:22:23.000Z","volume":82000,"price":3.52,"category":"ubbull"},{"type":"A","date":"2018-03-14T07:55:23.000Z","volume":22000,"price":3.58,"category":"bbull"},{"type":"A","date":"2018-03-14T07:37:24.000Z","volume":22000,"price":3.52,"category":"bbull"},{"type":"A","date":"2018-03-14T06:33:46.000Z","volume":24000,"price":3.49,"category":"bbull"},{"type":"A","date":"2018-03-14T05:44:39.000Z","volume":18000,"price":3.5,"category":"bbull"},{"type":"A","date":"2018-03-14T05:44:39.000Z","volume":24000,"price":3.48,"category":"bbull"},{"type":"A","date":"2018-03-14T05:42:33.000Z","volume":20000,"price":3.47,"category":"bbull"},{"type":"A","date":"2018-03-14T05:37:19.000Z","volume":12000,"price":3.46,"category":"bbull"},{"type":"A","date":"2018-03-14T07:57:16.000Z","volume":2000,"price":3.62,"category":"rbull"},{"type":"A","date":"2018-03-14T07:55:23.000Z","volume":2000,"price":3.59,"category":"rbull"},{"type":"A","date":"2018-03-14T07:47:14.000Z","volume":2000,"price":3.54,"category":"rbull"},{"type":"A","date":"2018-03-14T07:46:27.000Z","volume":2000,"price":3.54,"category":"rbull"},{"type":"A","date":"2018-03-14T07:46:11.000Z","volume":2000,"price":3.54,"category":"rbull"},{"type":"A","date":"2018-03-14T07:45:56.000Z","volume":2000,"price":3.54,"category":"rbull"},{"type":"A","date":"2018-03-14T07:42:40.000Z","volume":2000,"price":3.58,"category":"rbull"},{"type":"A","date":"2018-03-14T07:42:13.000Z","volume":2000,"price":3.57,"category":"rbull"},{"type":"A","date":"2018-03-14T07:16:09.000Z","volume":2000,"price":3.49,"category":"rbull"},{"type":"A","date":"2018-03-14T07:15:54.000Z","volume":2000,"price":3.49,"category":"rbull"},{"type":"A","date":"2018-03-14T07:15:05.000Z","volume":2000,"price":3.49,"category":"rbull"},{"type":"A","date":"2018-03-14T07:14:30.000Z","volume":2000,"price":3.49,"category":"rbull"},{"type":"A","date":"2018-03-14T07:14:15.000Z","volume":2000,"price":3.49,"category":"rbull"},{"type":"A","date":"2018-03-14T07:13:37.000Z","volume":2000,"price":3.49,"category":"rbull"},{"type":"A","date":"2018-03-14T07:12:44.000Z","volume":2000,"price":3.49,"category":"rbull"},{"type":"A","date":"2018-03-14T07:12:29.000Z","volume":2000,"price":3.49,"category":"rbull"},{"type":"A","date":"2018-03-14T07:11:11.000Z","volume":2000,"price":3.49,"category":"rbull"},{"type":"A","date":"2018-03-14T07:11:03.000Z","volume":2000,"price":3.49,"category":"rbull"},{"type":"A","date":"2018-03-14T07:10:53.000Z","volume":2000,"price":3.49,"category":"rbull"},{"type":"A","date":"2018-03-14T07:02:47.000Z","volume":2000,"price":3.5,"category":"rbull"},{"type":"A","date":"2018-03-14T07:02:28.000Z","volume":2000,"price":3.5,"category":"rbull"},{"type":"A","date":"2018-03-14T07:01:20.000Z","volume":2000,"price":3.5,"category":"rbull"},{"type":"A","date":"2018-03-14T07:01:16.000Z","volume":2000,"price":3.5,"category":"rbull"},{"type":"A","date":"2018-03-14T07:01:07.000Z","volume":2000,"price":3.5,"category":"rbull"},{"type":"A","date":"2018-03-14T06:59:26.000Z","volume":2000,"price":3.5,"category":"rbull"},{"type":"A","date":"2018-03-14T06:58:12.000Z","volume":2000,"price":3.5,"category":"rbull"},{"type":"A","date":"2018-03-14T05:42:35.000Z","volume":2000,"price":3.47,"category":"rbull"},{"type":"A","date":"2018-03-14T05:37:21.000Z","volume":2000,"price":3.47,"category":"rbull"},{"type":"A","date":"2018-03-14T05:21:51.000Z","volume":2000,"price":3.46,"category":"rbull"},{"type":"A","date":"2018-03-14T03:24:57.000Z","volume":2000,"price":3.47,"category":"rbull"},{"type":"A","date":"2018-03-14T02:59:37.000Z","volume":2000,"price":3.47,"category":"rbull"},{"type":"A","date":"2018-03-14T02:59:35.000Z","volume":2000,"price":3.46,"category":"rbull"},{"type":"A","date":"2018-03-14T02:57:38.000Z","volume":2000,"price":3.46,"category":"rbull"},{"type":"A","date":"2018-03-14T02:30:02.000Z","volume":2000,"price":3.47,"category":"rbull"},{"type":"A","date":"2018-03-14T02:30:00.000Z","volume":2000,"price":3.46,"category":"rbull"},{"type":"A","date":"2018-03-14T02:23:41.000Z","volume":2000,"price":3.47,"category":"rbull"},{"type":"A","date":"2018-03-14T02:11:41.000Z","volume":2000,"price":3.47,"category":"rbull"},{"type":"A","date":"2018-03-14T01:50:25.000Z","volume":2000,"price":3.47,"category":"rbull"},{"type":"A","date":"2018-03-14T01:49:29.000Z","volume":2000,"price":3.46,"category":"rbull"},{"type":"A","date":"2018-03-14T01:49:02.000Z","volume":2000,"price":3.46,"category":"rbull"},{"type":"A","date":"2018-03-14T01:48:46.000Z","volume":2000,"price":3.46,"category":"rbull"},{"type":"A","date":"2018-03-14T01:48:23.000Z","volume":2000,"price":3.46,"category":"rbull"},{"type":"A","date":"2018-03-14T01:47:45.000Z","volume":2000,"price":3.46,"category":"rbull"},{"type":"A","date":"2018-03-14T01:33:39.000Z","volume":2000,"price":3.48,"category":"rbull"},{"type":"A","date":"2018-03-14T01:32:49.000Z","volume":2000,"price":3.48,"category":"rbull"},{"type":"A","date":"2018-03-14T01:32:01.000Z","volume":2000,"price":3.48,"category":"rbull"},{"type":"A","date":"2018-03-14T01:31:43.000Z","volume":2000,"price":3.48,"category":"rbull"},{"type":"B","date":"2018-03-14T07:54:28.000Z","volume":2000,"price":3.58,"category":"rbear"},{"type":"B","date":"2018-03-14T07:48:42.000Z","volume":2000,"price":3.54,"category":"rbear"},{"type":"B","date":"2018-03-14T07:42:13.000Z","volume":2000,"price":3.57,"category":"rbear"},{"type":"B","date":"2018-03-14T07:13:37.000Z","volume":2000,"price":3.49,"category":"rbear"},{"type":"B","date":"2018-03-14T07:10:53.000Z","volume":2000,"price":3.49,"category":"rbear"},{"type":"B","date":"2018-03-14T05:37:19.000Z","volume":2000,"price":3.46,"category":"rbear"},{"type":"B","date":"2018-03-14T02:25:00.000Z","volume":2000,"price":3.46,"category":"rbear"},{"type":"B","date":"2018-03-14T02:23:39.000Z","volume":2000,"price":3.46,"category":"rbear"},{"type":"B","date":"2018-03-14T02:22:44.000Z","volume":2000,"price":3.46,"category":"rbear"},{"type":"B","date":"2018-03-14T01:50:23.000Z","volume":2000,"price":3.45,"category":"rbear"},{"type":"B","date":"2018-03-14T01:50:17.000Z","volume":2000,"price":3.44,"category":"rbear"},{"type":"B","date":"2018-03-14T01:34:46.000Z","volume":2000,"price":3.47,"category":"rbear"},{"type":"B","date":"2018-03-14T01:34:00.000Z","volume":2000,"price":3.48,"category":"rbear"},{"type":"B","date":"2018-03-14T01:33:17.000Z","volume":2000,"price":3.47,"category":"rbear"},{"type":"B","date":"2018-03-14T01:31:43.000Z","volume":2000,"price":3.45,"category":"rbear"},{"type":"B","date":"2018-03-14T01:31:11.000Z","volume":2000,"price":3.44,"category":"rbear"},{"type":"B","date":"2018-03-14T07:08:41.000Z","volume":14000,"price":3.49,"category":"bbear"},{"type":"B","date":"2018-03-14T03:24:57.000Z","volume":18000,"price":3.46,"category":"bbear"},{"type":"B","date":"2018-03-14T01:50:17.000Z","volume":18000,"price":3.44,"category":"bbear"},{"type":"B","date":"2018-03-14T02:31:40.000Z","volume":30000,"price":3.45,"category":"ubbear"},{"type":"B","date":"2018-03-14T02:11:41.000Z","volume":28000,"price":3.45,"category":"ubbear"}]