[{"type":"U","date":"2018-03-28T01:07:14.000Z","volume":5656,"label":"P","price":9.06},{"type":"U","date":"2018-03-28T01:07:14.000Z","volume":344,"label":"P","price":9.061},{"type":"U","date":"2018-03-28T01:20:00.000Z","volume":6000,"label":"U","price":9.07},{"type":"B","date":"2018-03-28T01:30:00.000Z","volume":3000,"label":" ","price":9.07},{"type":"U","date":"2018-03-28T01:30:01.000Z","volume":1000,"label":" ","price":9.11},{"type":"B","date":"2018-03-28T01:30:02.000Z","volume":2000,"label":" ","price":9.08},{"type":"B","date":"2018-03-28T01:30:02.000Z","volume":1000,"label":" ","price":9.07},{"type":"U","date":"2018-03-28T01:30:03.000Z","volume":1000,"label":" ","price":9.08},{"type":"B","date":"2018-03-28T01:30:05.000Z","volume":7000,"label":" ","price":9.07},{"type":"A","date":"2018-03-28T01:30:05.000Z","volume":1000,"label":" ","price":9.09},{"type":"A","date":"2018-03-28T01:31:08.000Z","volume":1000,"label":" ","price":9.09},{"type":"A","date":"2018-03-28T01:31:12.000Z","volume":1000,"label":" ","price":9.09},{"type":"B","date":"2018-03-28T01:31:15.000Z","volume":4000,"label":" ","price":9.08},{"type":"B","date":"2018-03-28T01:31:42.000Z","volume":3000,"label":" ","price":9.08},{"type":"B","date":"2018-03-28T01:33:50.000Z","volume":1000,"label":" ","price":9.08},{"type":"B","date":"2018-03-28T01:33:50.000Z","volume":1000,"label":" ","price":9.08},{"type":"B","date":"2018-03-28T01:33:50.000Z","volume":1000,"label":" ","price":9.07},{"type":"B","date":"2018-03-28T01:35:50.000Z","volume":2000,"label":" ","price":9.07},{"type":"A","date":"2018-03-28T01:36:42.000Z","volume":1000,"label":" ","price":9.08},{"type":"A","date":"2018-03-28T01:37:18.000Z","volume":5000,"label":" ","price":9.08},{"type":"A","date":"2018-03-28T01:37:25.000Z","volume":5000,"label":" ","price":9.08},{"type":"A","date":"2018-03-28T01:37:25.000Z","volume":1000,"label":" ","price":9.08},{"type":"A","date":"2018-03-28T01:37:39.000Z","volume":1000,"label":" ","price":9.08},{"type":"B","date":"2018-03-28T01:38:01.000Z","volume":1000,"label":" ","price":9.07},{"type":"A","date":"2018-03-28T01:39:32.000Z","volume":1000,"label":" ","price":9.08},{"type":"A","date":"2018-03-28T01:39:33.000Z","volume":1000,"label":" ","price":9.08},{"type":"A","date":"2018-03-28T01:40:40.000Z","volume":2000,"label":" ","price":9.08},{"type":"B","date":"2018-03-28T01:40:41.000Z","volume":1000,"label":" ","price":9.07},{"type":"A","date":"2018-03-28T01:40:55.000Z","volume":1000,"label":" ","price":9.08},{"type":"A","date":"2018-03-28T01:42:23.000Z","volume":1000,"label":" ","price":9.08},{"type":"A","date":"2018-03-28T01:43:42.000Z","volume":1000,"label":" ","price":9.08},{"type":"A","date":"2018-03-28T01:45:23.000Z","volume":1000,"label":" ","price":9.08},{"type":"A","date":"2018-03-28T01:45:32.000Z","volume":1000,"label":" ","price":9.09},{"type":"B","date":"2018-03-28T01:45:33.000Z","volume":1000,"label":" ","price":9.07},{"type":"A","date":"2018-03-28T01:47:21.000Z","volume":1000,"label":" ","price":9.08},{"type":"A","date":"2018-03-28T01:48:23.000Z","volume":1000,"label":" ","price":9.08},{"type":"A","date":"2018-03-28T01:51:24.000Z","volume":1000,"label":" ","price":9.08},{"type":"A","date":"2018-03-28T01:54:31.000Z","volume":2000,"label":" ","price":9.08},{"type":"A","date":"2018-03-28T01:54:34.000Z","volume":1000,"label":" ","price":9.08},{"type":"A","date":"2018-03-28T01:54:34.000Z","volume":1000,"label":" ","price":9.08},{"type":"B","date":"2018-03-28T01:54:35.000Z","volume":1000,"label":" ","price":9.07},{"type":"A","date":"2018-03-28T01:54:47.000Z","volume":1000,"label":" ","price":9.08},{"type":"A","date":"2018-03-28T01:57:34.000Z","volume":1000,"label":" ","price":9.08},{"type":"A","date":"2018-03-28T01:59:09.000Z","volume":1000,"label":" ","price":9.08},{"type":"A","date":"2018-03-28T01:59:41.000Z","volume":3000,"label":" ","price":9.08},{"type":"B","date":"2018-03-28T01:59:46.000Z","volume":1000,"label":" ","price":9.07},{"type":"A","date":"2018-03-28T02:00:42.000Z","volume":1000,"label":" ","price":9.08},{"type":"A","date":"2018-03-28T02:00:54.000Z","volume":1000,"label":" ","price":9.08},{"type":"A","date":"2018-03-28T02:00:55.000Z","volume":1000,"label":" ","price":9.08},{"type":"B","date":"2018-03-28T02:00:56.000Z","volume":1000,"label":" ","price":9.07},{"type":"A","date":"2018-03-28T02:02:06.000Z","volume":1000,"label":" ","price":9.08},{"type":"A","date":"2018-03-28T02:02:21.000Z","volume":1000,"label":" ","price":9.08},{"type":"A","date":"2018-03-28T02:04:15.000Z","volume":1000,"label":" ","price":9.08},{"type":"A","date":"2018-03-28T02:05:28.000Z","volume":2000,"label":" ","price":9.08},{"type":"A","date":"2018-03-28T02:06:22.000Z","volume":1000,"label":" ","price":9.08},{"type":"B","date":"2018-03-28T02:06:28.000Z","volume":1000,"label":" ","price":9.07},{"type":"A","date":"2018-03-28T02:07:46.000Z","volume":1000,"label":" ","price":9.08},{"type":"A","date":"2018-03-28T02:11:16.000Z","volume":1000,"label":" ","price":9.08},{"type":"A","date":"2018-03-28T02:11:25.000Z","volume":1000,"label":" ","price":9.08},{"type":"A","date":"2018-03-28T02:12:05.000Z","volume":4000,"label":" ","price":9.08},{"type":"B","date":"2018-03-28T02:12:09.000Z","volume":1000,"label":" ","price":9.08},{"type":"A","date":"2018-03-28T02:15:07.000Z","volume":1000,"label":" ","price":9.09},{"type":"B","date":"2018-03-28T02:15:14.000Z","volume":1000,"label":" ","price":9.08},{"type":"A","date":"2018-03-28T02:15:39.000Z","volume":1000,"label":" ","price":9.09},{"type":"A","date":"2018-03-28T02:18:57.000Z","volume":1000,"label":" ","price":9.09},{"type":"B","date":"2018-03-28T02:19:01.000Z","volume":1000,"label":" ","price":9.08},{"type":"B","date":"2018-03-28T02:20:50.000Z","volume":1000,"label":" ","price":9.08},{"type":"B","date":"2018-03-28T02:22:31.000Z","volume":1000,"label":" ","price":9.08},{"type":"B","date":"2018-03-28T02:24:28.000Z","volume":9000,"label":" ","price":9.08},{"type":"A","date":"2018-03-28T02:24:30.000Z","volume":1000,"label":" ","price":9.08},{"type":"B","date":"2018-03-28T02:24:33.000Z","volume":2000,"label":" ","price":9.07},{"type":"A","date":"2018-03-28T02:24:33.000Z","volume":1000,"label":" ","price":9.08},{"type":"A","date":"2018-03-28T02:24:33.000Z","volume":1000,"label":" ","price":9.08},{"type":"A","date":"2018-03-28T02:24:42.000Z","volume":1000,"label":" ","price":9.08},{"type":"A","date":"2018-03-28T02:26:00.000Z","volume":1000,"label":" ","price":9.08},{"type":"B","date":"2018-03-28T02:26:50.000Z","volume":2000,"label":" ","price":9.07},{"type":"B","date":"2018-03-28T02:26:52.000Z","volume":1000,"label":" ","price":9.07},{"type":"B","date":"2018-03-28T02:26:53.000Z","volume":1000,"label":" ","price":9.07},{"type":"B","date":"2018-03-28T02:26:54.000Z","volume":1000,"label":" ","price":9.07},{"type":"A","date":"2018-03-28T02:27:14.000Z","volume":1000,"label":" ","price":9.08},{"type":"A","date":"2018-03-28T02:27:34.000Z","volume":1000,"label":" ","price":9.08},{"type":"B","date":"2018-03-28T02:27:37.000Z","volume":1000,"label":" ","price":9.07},{"type":"B","date":"2018-03-28T02:27:44.000Z","volume":1000,"label":" ","price":9.07},{"type":"A","date":"2018-03-28T02:31:19.000Z","volume":1000,"label":" ","price":9.09},{"type":"A","date":"2018-03-28T02:31:37.000Z","volume":1000,"label":" ","price":9.08},{"type":"A","date":"2018-03-28T02:31:48.000Z","volume":1000,"label":" ","price":9.08},{"type":"A","date":"2018-03-28T02:35:29.000Z","volume":1000,"label":" ","price":9.08},{"type":"A","date":"2018-03-28T02:39:50.000Z","volume":1000,"label":" ","price":9.08},{"type":"A","date":"2018-03-28T02:42:43.000Z","volume":17000,"label":" ","price":9.08},{"type":"B","date":"2018-03-28T02:42:47.000Z","volume":1000,"label":" ","price":9.07},{"type":"B","date":"2018-03-28T02:43:37.000Z","volume":3000,"label":" ","price":9.07},{"type":"B","date":"2018-03-28T02:43:37.000Z","volume":1000,"label":" ","price":9.07},{"type":"A","date":"2018-03-28T02:44:21.000Z","volume":1000,"label":" ","price":9.08},{"type":"A","date":"2018-03-28T02:46:11.000Z","volume":1000,"label":" ","price":9.08},{"type":"A","date":"2018-03-28T02:46:11.000Z","volume":1000,"label":" ","price":9.08},{"type":"A","date":"2018-03-28T02:48:17.000Z","volume":23000,"label":" ","price":9.08},{"type":"B","date":"2018-03-28T02:48:19.000Z","volume":1000,"label":" ","price":9.07},{"type":"A","date":"2018-03-28T02:48:41.000Z","volume":1000,"label":" ","price":9.08},{"type":"A","date":"2018-03-28T02:48:41.000Z","volume":1000,"label":" ","price":9.08},{"type":"A","date":"2018-03-28T02:48:52.000Z","volume":1000,"label":" ","price":9.09},{"type":"A","date":"2018-03-28T02:50:07.000Z","volume":2000,"label":" ","price":9.08},{"type":"B","date":"2018-03-28T02:50:09.000Z","volume":1000,"label":" ","price":9.07},{"type":"A","date":"2018-03-28T02:50:09.000Z","volume":1000,"label":" ","price":9.09},{"type":"A","date":"2018-03-28T02:53:22.000Z","volume":1000,"label":" ","price":9.09},{"type":"A","date":"2018-03-28T02:54:28.000Z","volume":5000,"label":" ","price":9.08},{"type":"A","date":"2018-03-28T02:54:28.000Z","volume":1000,"label":" ","price":9.08},{"type":"B","date":"2018-03-28T02:54:30.000Z","volume":1000,"label":" ","price":9.07},{"type":"A","date":"2018-03-28T02:54:33.000Z","volume":1000,"label":" ","price":9.08},{"type":"A","date":"2018-03-28T02:55:04.000Z","volume":2000,"label":" ","price":9.08},{"type":"B","date":"2018-03-28T02:55:10.000Z","volume":1000,"label":" ","price":9.07},{"type":"A","date":"2018-03-28T02:58:13.000Z","volume":1000,"label":" ","price":9.09},{"type":"A","date":"2018-03-28T02:58:36.000Z","volume":1000,"label":" ","price":9.08},{"type":"A","date":"2018-03-28T02:58:46.000Z","volume":1000,"label":" ","price":9.08},{"type":"A","date":"2018-03-28T03:03:04.000Z","volume":1000,"label":" ","price":9.08},{"type":"A","date":"2018-03-28T03:08:14.000Z","volume":1000,"label":" ","price":9.08},{"type":"B","date":"2018-03-28T03:09:21.000Z","volume":3000,"label":" ","price":9.07},{"type":"B","date":"2018-03-28T03:09:23.000Z","volume":1000,"label":" ","price":9.07},{"type":"B","date":"2018-03-28T03:10:18.000Z","volume":4000,"label":" ","price":9.07},{"type":"A","date":"2018-03-28T03:10:19.000Z","volume":1000,"label":" ","price":9.08},{"type":"B","date":"2018-03-28T03:10:23.000Z","volume":1000,"label":" ","price":9.07},{"type":"B","date":"2018-03-28T03:11:23.000Z","volume":5000,"label":" ","price":9.07},{"type":"A","date":"2018-03-28T03:11:23.000Z","volume":1000,"label":" ","price":9.08},{"type":"B","date":"2018-03-28T03:11:24.000Z","volume":1000,"label":" ","price":9.07},{"type":"A","date":"2018-03-28T03:11:27.000Z","volume":1000,"label":" ","price":9.08},{"type":"B","date":"2018-03-28T03:14:13.000Z","volume":23000,"label":" ","price":9.07},{"type":"B","date":"2018-03-28T03:14:15.000Z","volume":3000,"label":" ","price":9.06},{"type":"B","date":"2018-03-28T03:14:15.000Z","volume":1000,"label":" ","price":9.05},{"type":"A","date":"2018-03-28T03:14:55.000Z","volume":5000,"label":" ","price":9.05},{"type":"B","date":"2018-03-28T03:14:55.000Z","volume":1000,"label":" ","price":9.04},{"type":"B","date":"2018-03-28T03:17:03.000Z","volume":1000,"label":" ","price":9.04},{"type":"B","date":"2018-03-28T03:23:30.000Z","volume":1000,"label":" ","price":9.04},{"type":"B","date":"2018-03-28T03:23:33.000Z","volume":1000,"label":" ","price":9.04},{"type":"B","date":"2018-03-28T03:23:37.000Z","volume":1000,"label":" ","price":9.04},{"type":"B","date":"2018-03-28T03:27:27.000Z","volume":1000,"label":" ","price":9.04},{"type":"B","date":"2018-03-28T03:30:17.000Z","volume":1000,"label":" ","price":9.04},{"type":"A","date":"2018-03-28T03:30:19.000Z","volume":1000,"label":" ","price":9.05},{"type":"B","date":"2018-03-28T03:32:19.000Z","volume":1000,"label":" ","price":9.04},{"type":"A","date":"2018-03-28T03:32:43.000Z","volume":15000,"label":" ","price":9.05},{"type":"B","date":"2018-03-28T03:32:49.000Z","volume":2000,"label":" ","price":9.04},{"type":"A","date":"2018-03-28T03:33:19.000Z","volume":15000,"label":" ","price":9.05},{"type":"A","date":"2018-03-28T03:38:43.000Z","volume":5000,"label":" ","price":9.06},{"type":"A","date":"2018-03-28T03:38:43.000Z","volume":1000,"label":" ","price":9.06},{"type":"A","date":"2018-03-28T03:38:47.000Z","volume":1000,"label":" ","price":9.06},{"type":"A","date":"2018-03-28T03:43:02.000Z","volume":1000,"label":" ","price":9.06},{"type":"A","date":"2018-03-28T03:47:46.000Z","volume":5000,"label":" ","price":9.06},{"type":"A","date":"2018-03-28T03:47:46.000Z","volume":1000,"label":" ","price":9.06},{"type":"B","date":"2018-03-28T03:47:53.000Z","volume":1000,"label":" ","price":9.05},{"type":"A","date":"2018-03-28T03:47:53.000Z","volume":1000,"label":" ","price":9.06},{"type":"A","date":"2018-03-28T03:49:42.000Z","volume":1000,"label":" ","price":9.06},{"type":"B","date":"2018-03-28T03:49:43.000Z","volume":1000,"label":" ","price":9.05},{"type":"A","date":"2018-03-28T03:50:13.000Z","volume":1000,"label":"Y","price":9.06},{"type":"B","date":"2018-03-28T03:53:19.000Z","volume":1000,"label":" ","price":9.05},{"type":"A","date":"2018-03-28T03:53:19.000Z","volume":1000,"label":" ","price":9.06},{"type":"B","date":"2018-03-28T03:55:50.000Z","volume":1000,"label":" ","price":9.05},{"type":"B","date":"2018-03-28T03:56:06.000Z","volume":1000,"label":" ","price":9.05},{"type":"B","date":"2018-03-28T03:56:47.000Z","volume":3000,"label":" ","price":9.05},{"type":"B","date":"2018-03-28T03:57:11.000Z","volume":1000,"label":" ","price":9.05},{"type":"B","date":"2018-03-28T03:57:11.000Z","volume":2000,"label":" ","price":9.05},{"type":"B","date":"2018-03-28T05:02:05.000Z","volume":1000,"label":" ","price":9.04},{"type":"B","date":"2018-03-28T05:03:29.000Z","volume":1000,"label":" ","price":9.04},{"type":"B","date":"2018-03-28T05:05:51.000Z","volume":1000,"label":" ","price":9.04},{"type":"B","date":"2018-03-28T05:08:25.000Z","volume":1000,"label":" ","price":9.04},{"type":"B","date":"2018-03-28T05:08:42.000Z","volume":10000,"label":" ","price":9.04},{"type":"B","date":"2018-03-28T05:08:42.000Z","volume":1000,"label":" ","price":9.04},{"type":"A","date":"2018-03-28T05:08:43.000Z","volume":1000,"label":" ","price":9.05},{"type":"B","date":"2018-03-28T05:10:42.000Z","volume":2000,"label":" ","price":9.04},{"type":"B","date":"2018-03-28T05:10:42.000Z","volume":1000,"label":" ","price":9.04},{"type":"B","date":"2018-03-28T05:11:53.000Z","volume":14000,"label":" ","price":9.04},{"type":"B","date":"2018-03-28T05:12:11.000Z","volume":1000,"label":" ","price":9.03},{"type":"B","date":"2018-03-28T05:12:49.000Z","volume":3000,"label":" ","price":9.03},{"type":"B","date":"2018-03-28T05:12:49.000Z","volume":1000,"label":" ","price":9.03},{"type":"B","date":"2018-03-28T05:12:52.000Z","volume":2000,"label":" ","price":9.02},{"type":"B","date":"2018-03-28T05:13:43.000Z","volume":3000,"label":" ","price":9.02},{"type":"B","date":"2018-03-28T05:13:43.000Z","volume":1000,"label":" ","price":9.02},{"type":"B","date":"2018-03-28T05:16:07.000Z","volume":2000,"label":" ","price":9.02},{"type":"B","date":"2018-03-28T05:17:06.000Z","volume":1000,"label":" ","price":9.02},{"type":"B","date":"2018-03-28T05:17:18.000Z","volume":1000,"label":" ","price":9.02},{"type":"B","date":"2018-03-28T05:18:04.000Z","volume":1000,"label":" ","price":9.02},{"type":"B","date":"2018-03-28T05:18:09.000Z","volume":3000,"label":" ","price":9.02},{"type":"B","date":"2018-03-28T05:18:36.000Z","volume":1000,"label":" ","price":9.02},{"type":"B","date":"2018-03-28T05:18:36.000Z","volume":1000,"label":" ","price":9.02},{"type":"B","date":"2018-03-28T05:18:38.000Z","volume":1000,"label":" ","price":9.02},{"type":"B","date":"2018-03-28T05:18:46.000Z","volume":2000,"label":" ","price":9.02},{"type":"B","date":"2018-03-28T05:19:04.000Z","volume":1000,"label":" ","price":9.01},{"type":"B","date":"2018-03-28T05:20:47.000Z","volume":1000,"label":" ","price":9.01},{"type":"A","date":"2018-03-28T05:22:00.000Z","volume":1000,"label":" ","price":9.02},{"type":"B","date":"2018-03-28T05:24:29.000Z","volume":1000,"label":" ","price":9.01},{"type":"B","date":"2018-03-28T05:24:35.000Z","volume":1000,"label":" ","price":9.01},{"type":"A","date":"2018-03-28T05:24:44.000Z","volume":1000,"label":" ","price":9.02},{"type":"A","date":"2018-03-28T05:25:20.000Z","volume":16000,"label":" ","price":9.02},{"type":"B","date":"2018-03-28T05:25:26.000Z","volume":1000,"label":" ","price":9.01},{"type":"B","date":"2018-03-28T05:27:36.000Z","volume":1000,"label":" ","price":9.02},{"type":"B","date":"2018-03-28T05:27:37.000Z","volume":1000,"label":"Y","price":9.02},{"type":"A","date":"2018-03-28T05:28:35.000Z","volume":1000,"label":" ","price":9.03},{"type":"A","date":"2018-03-28T05:32:57.000Z","volume":1000,"label":" ","price":9.03},{"type":"A","date":"2018-03-28T05:35:41.000Z","volume":1000,"label":" ","price":9.03},{"type":"A","date":"2018-03-28T05:38:26.000Z","volume":1000,"label":" ","price":9.03},{"type":"A","date":"2018-03-28T05:38:27.000Z","volume":1000,"label":" ","price":9.03},{"type":"A","date":"2018-03-28T05:41:10.000Z","volume":1000,"label":" ","price":9.03},{"type":"A","date":"2018-03-28T05:43:15.000Z","volume":1000,"label":" ","price":9.03},{"type":"A","date":"2018-03-28T05:43:54.000Z","volume":1000,"label":" ","price":9.03},{"type":"B","date":"2018-03-28T05:44:17.000Z","volume":1000,"label":" ","price":9.02},{"type":"A","date":"2018-03-28T05:44:17.000Z","volume":1000,"label":" ","price":9.03},{"type":"B","date":"2018-03-28T05:45:37.000Z","volume":1000,"label":" ","price":9.02},{"type":"A","date":"2018-03-28T05:45:58.000Z","volume":1000,"label":" ","price":9.03},{"type":"B","date":"2018-03-28T05:46:02.000Z","volume":1000,"label":"Y","price":9.02},{"type":"A","date":"2018-03-28T05:46:38.000Z","volume":1000,"label":" ","price":9.03},{"type":"A","date":"2018-03-28T05:46:38.000Z","volume":1000,"label":" ","price":9.03},{"type":"A","date":"2018-03-28T05:48:43.000Z","volume":17000,"label":" ","price":9.03},{"type":"B","date":"2018-03-28T05:48:44.000Z","volume":2000,"label":" ","price":9.02},{"type":"A","date":"2018-03-28T05:48:49.000Z","volume":1000,"label":" ","price":9.03},{"type":"B","date":"2018-03-28T05:48:55.000Z","volume":3000,"label":" ","price":9.03},{"type":"B","date":"2018-03-28T05:49:07.000Z","volume":1000,"label":" ","price":9.02},{"type":"B","date":"2018-03-28T05:49:14.000Z","volume":1000,"label":" ","price":9.02},{"type":"A","date":"2018-03-28T05:49:23.000Z","volume":1000,"label":" ","price":9.03},{"type":"A","date":"2018-03-28T05:50:15.000Z","volume":1000,"label":" ","price":9.03},{"type":"A","date":"2018-03-28T05:51:43.000Z","volume":12000,"label":" ","price":9.03},{"type":"B","date":"2018-03-28T05:51:46.000Z","volume":1000,"label":" ","price":9.02},{"type":"B","date":"2018-03-28T05:54:58.000Z","volume":1000,"label":" ","price":9.03},{"type":"A","date":"2018-03-28T05:54:58.000Z","volume":1000,"label":" ","price":9.04},{"type":"B","date":"2018-03-28T05:55:00.000Z","volume":2000,"label":" ","price":9.02},{"type":"B","date":"2018-03-28T05:55:07.000Z","volume":1000,"label":" ","price":9.01},{"type":"A","date":"2018-03-28T05:57:55.000Z","volume":1000,"label":" ","price":9.02},{"type":"A","date":"2018-03-28T05:59:47.000Z","volume":1000,"label":" ","price":9.02},{"type":"B","date":"2018-03-28T05:59:50.000Z","volume":1000,"label":" ","price":9.01},{"type":"A","date":"2018-03-28T06:00:21.000Z","volume":1000,"label":" ","price":9.02},{"type":"A","date":"2018-03-28T06:02:20.000Z","volume":1000,"label":" ","price":9.02},{"type":"B","date":"2018-03-28T06:02:23.000Z","volume":1000,"label":" ","price":9.01},{"type":"A","date":"2018-03-28T06:02:23.000Z","volume":1000,"label":" ","price":9.02},{"type":"B","date":"2018-03-28T06:02:29.000Z","volume":1000,"label":" ","price":9.01},{"type":"B","date":"2018-03-28T06:02:32.000Z","volume":1000,"label":" ","price":9.01},{"type":"B","date":"2018-03-28T06:02:37.000Z","volume":1000,"label":" ","price":9.01},{"type":"A","date":"2018-03-28T06:03:04.000Z","volume":1000,"label":" ","price":9.02},{"type":"A","date":"2018-03-28T06:03:04.000Z","volume":1000,"label":" ","price":9.02},{"type":"B","date":"2018-03-28T06:03:09.000Z","volume":1000,"label":" ","price":9.01},{"type":"B","date":"2018-03-28T06:03:09.000Z","volume":1000,"label":" ","price":9.01},{"type":"A","date":"2018-03-28T06:05:16.000Z","volume":1000,"label":" ","price":9.02},{"type":"A","date":"2018-03-28T06:05:48.000Z","volume":1000,"label":" ","price":9.02},{"type":"A","date":"2018-03-28T06:05:48.000Z","volume":1000,"label":" ","price":9.02},{"type":"A","date":"2018-03-28T06:07:41.000Z","volume":1000,"label":" ","price":9.02},{"type":"A","date":"2018-03-28T06:08:33.000Z","volume":1000,"label":" ","price":9.02},{"type":"A","date":"2018-03-28T06:11:17.000Z","volume":1000,"label":" ","price":9.02},{"type":"B","date":"2018-03-28T06:11:19.000Z","volume":1000,"label":" ","price":9.01},{"type":"A","date":"2018-03-28T06:11:19.000Z","volume":1000,"label":" ","price":9.02},{"type":"A","date":"2018-03-28T06:12:52.000Z","volume":1000,"label":" ","price":9.02},{"type":"A","date":"2018-03-28T06:14:01.000Z","volume":1000,"label":" ","price":9.02},{"type":"A","date":"2018-03-28T06:16:02.000Z","volume":20000,"label":" ","price":9.02},{"type":"A","date":"2018-03-28T06:17:54.000Z","volume":1000,"label":" ","price":9.04},{"type":"B","date":"2018-03-28T06:18:07.000Z","volume":1000,"label":" ","price":9.02},{"type":"B","date":"2018-03-28T06:18:14.000Z","volume":1000,"label":"Y","price":9.02},{"type":"B","date":"2018-03-28T06:18:16.000Z","volume":1000,"label":" ","price":9.02},{"type":"B","date":"2018-03-28T06:18:19.000Z","volume":1000,"label":"Y","price":9.02},{"type":"A","date":"2018-03-28T06:22:14.000Z","volume":1000,"label":" ","price":9.04},{"type":"B","date":"2018-03-28T06:22:15.000Z","volume":1000,"label":" ","price":9.02},{"type":"A","date":"2018-03-28T06:22:56.000Z","volume":1000,"label":" ","price":9.03},{"type":"B","date":"2018-03-28T06:23:05.000Z","volume":1000,"label":" ","price":9.02},{"type":"B","date":"2018-03-28T06:23:07.000Z","volume":1000,"label":" ","price":9.01},{"type":"A","date":"2018-03-28T06:23:13.000Z","volume":2000,"label":" ","price":9.02},{"type":"B","date":"2018-03-28T06:23:16.000Z","volume":1000,"label":" ","price":9.01},{"type":"A","date":"2018-03-28T06:27:48.000Z","volume":1000,"label":" ","price":9.02},{"type":"A","date":"2018-03-28T06:32:48.000Z","volume":1000,"label":" ","price":9.02},{"type":"B","date":"2018-03-28T06:32:57.000Z","volume":1000,"label":" ","price":9.01},{"type":"B","date":"2018-03-28T06:34:13.000Z","volume":1000,"label":" ","price":9.01},{"type":"B","date":"2018-03-28T06:36:25.000Z","volume":1000,"label":" ","price":9.01},{"type":"B","date":"2018-03-28T06:36:27.000Z","volume":1000,"label":" ","price":9.01},{"type":"A","date":"2018-03-28T06:37:39.000Z","volume":1000,"label":" ","price":9.02},{"type":"A","date":"2018-03-28T06:39:43.000Z","volume":30000,"label":" ","price":9.02},{"type":"B","date":"2018-03-28T06:39:47.000Z","volume":2000,"label":" ","price":9.01},{"type":"B","date":"2018-03-28T06:39:49.000Z","volume":1000,"label":" ","price":9.01},{"type":"A","date":"2018-03-28T06:41:46.000Z","volume":1000,"label":" ","price":9.04},{"type":"A","date":"2018-03-28T06:41:47.000Z","volume":1000,"label":" ","price":9.04},{"type":"B","date":"2018-03-28T06:41:49.000Z","volume":1000,"label":" ","price":9.02},{"type":"B","date":"2018-03-28T06:41:50.000Z","volume":1000,"label":" ","price":9.02},{"type":"B","date":"2018-03-28T06:46:26.000Z","volume":3000,"label":" ","price":9.02},{"type":"A","date":"2018-03-28T06:46:26.000Z","volume":1000,"label":" ","price":9.03},{"type":"B","date":"2018-03-28T06:46:28.000Z","volume":3000,"label":" ","price":9.02},{"type":"A","date":"2018-03-28T06:46:29.000Z","volume":1000,"label":" ","price":9.03},{"type":"B","date":"2018-03-28T06:46:31.000Z","volume":1000,"label":" ","price":9.02},{"type":"A","date":"2018-03-28T06:46:43.000Z","volume":10000,"label":" ","price":9.03},{"type":"A","date":"2018-03-28T06:46:43.000Z","volume":2000,"label":" ","price":9.03},{"type":"B","date":"2018-03-28T06:46:44.000Z","volume":4000,"label":" ","price":9.02},{"type":"B","date":"2018-03-28T06:46:51.000Z","volume":1000,"label":" ","price":9.01},{"type":"B","date":"2018-03-28T06:51:03.000Z","volume":1000,"label":" ","price":9.02},{"type":"A","date":"2018-03-28T06:52:22.000Z","volume":1000,"label":" ","price":9.03},{"type":"B","date":"2018-03-28T06:52:23.000Z","volume":1000,"label":" ","price":9.02},{"type":"A","date":"2018-03-28T06:57:22.000Z","volume":1000,"label":" ","price":9.03},{"type":"B","date":"2018-03-28T07:00:10.000Z","volume":1000,"label":" ","price":9.02},{"type":"B","date":"2018-03-28T07:00:11.000Z","volume":1000,"label":" ","price":9.02},{"type":"B","date":"2018-03-28T07:00:14.000Z","volume":1000,"label":" ","price":9.02},{"type":"B","date":"2018-03-28T07:00:43.000Z","volume":1000,"label":" ","price":9.02},{"type":"B","date":"2018-03-28T07:00:44.000Z","volume":1000,"label":" ","price":9.02},{"type":"B","date":"2018-03-28T07:01:05.000Z","volume":1000,"label":" ","price":9.02},{"type":"B","date":"2018-03-28T07:01:19.000Z","volume":1000,"label":" ","price":9.02},{"type":"B","date":"2018-03-28T07:01:21.000Z","volume":1000,"label":" ","price":9.02},{"type":"B","date":"2018-03-28T07:01:24.000Z","volume":1000,"label":" ","price":9.02},{"type":"B","date":"2018-03-28T07:01:45.000Z","volume":1000,"label":" ","price":9.02},{"type":"B","date":"2018-03-28T07:01:45.000Z","volume":1000,"label":" ","price":9.02},{"type":"B","date":"2018-03-28T07:01:46.000Z","volume":2000,"label":" ","price":9.02},{"type":"B","date":"2018-03-28T07:03:41.000Z","volume":1000,"label":" ","price":9.01},{"type":"B","date":"2018-03-28T07:04:55.000Z","volume":1000,"label":" ","price":9.01},{"type":"B","date":"2018-03-28T07:04:56.000Z","volume":1000,"label":" ","price":9.01},{"type":"B","date":"2018-03-28T07:04:59.000Z","volume":1000,"label":" ","price":9.01},{"type":"B","date":"2018-03-28T07:05:03.000Z","volume":2000,"label":" ","price":9.01},{"type":"B","date":"2018-03-28T07:05:05.000Z","volume":1000,"label":" ","price":9},{"type":"A","date":"2018-03-28T07:06:54.000Z","volume":1000,"label":" ","price":9.01},{"type":"B","date":"2018-03-28T07:06:57.000Z","volume":1000,"label":" ","price":9},{"type":"B","date":"2018-03-28T07:06:59.000Z","volume":1000,"label":" ","price":9},{"type":"A","date":"2018-03-28T07:07:19.000Z","volume":1000,"label":" ","price":9.01},{"type":"A","date":"2018-03-28T07:07:25.000Z","volume":1000,"label":" ","price":9.01},{"type":"B","date":"2018-03-28T07:07:26.000Z","volume":1000,"label":" ","price":9},{"type":"A","date":"2018-03-28T07:07:41.000Z","volume":21000,"label":" ","price":9.01},{"type":"A","date":"2018-03-28T07:07:47.000Z","volume":1000,"label":"Y","price":9.03},{"type":"B","date":"2018-03-28T07:07:48.000Z","volume":1000,"label":" ","price":9},{"type":"B","date":"2018-03-28T07:07:51.000Z","volume":1000,"label":" ","price":9},{"type":"A","date":"2018-03-28T07:10:06.000Z","volume":1000,"label":" ","price":9.03},{"type":"A","date":"2018-03-28T07:10:06.000Z","volume":1000,"label":" ","price":9.03},{"type":"A","date":"2018-03-28T07:11:44.000Z","volume":1000,"label":" ","price":9.03},{"type":"A","date":"2018-03-28T07:13:26.000Z","volume":1000,"label":" ","price":9.03},{"type":"A","date":"2018-03-28T07:16:15.000Z","volume":1000,"label":" ","price":9.03},{"type":"B","date":"2018-03-28T07:16:19.000Z","volume":1000,"label":" ","price":9.02},{"type":"A","date":"2018-03-28T07:16:20.000Z","volume":1000,"label":" ","price":9.03},{"type":"B","date":"2018-03-28T07:16:21.000Z","volume":2000,"label":" ","price":9.02},{"type":"B","date":"2018-03-28T07:17:07.000Z","volume":1000,"label":" ","price":9.02},{"type":"B","date":"2018-03-28T07:18:15.000Z","volume":1000,"label":" ","price":9.02},{"type":"B","date":"2018-03-28T07:18:21.000Z","volume":1000,"label":" ","price":9.02},{"type":"B","date":"2018-03-28T07:18:22.000Z","volume":1000,"label":" ","price":9.02},{"type":"B","date":"2018-03-28T07:19:33.000Z","volume":1000,"label":" ","price":9.02},{"type":"A","date":"2018-03-28T07:20:47.000Z","volume":1000,"label":"Y","price":9.03},{"type":"B","date":"2018-03-28T07:20:48.000Z","volume":1000,"label":" ","price":9.02},{"type":"B","date":"2018-03-28T07:21:17.000Z","volume":1000,"label":" ","price":9.02},{"type":"A","date":"2018-03-28T07:24:07.000Z","volume":1000,"label":" ","price":9.03},{"type":"B","date":"2018-03-28T07:24:09.000Z","volume":1000,"label":" ","price":9.02},{"type":"B","date":"2018-03-28T07:24:19.000Z","volume":1000,"label":" ","price":9.02},{"type":"A","date":"2018-03-28T07:25:07.000Z","volume":1000,"label":" ","price":9.03},{"type":"A","date":"2018-03-28T07:25:08.000Z","volume":1000,"label":" ","price":9.03},{"type":"B","date":"2018-03-28T07:25:09.000Z","volume":2000,"label":" ","price":9.02},{"type":"B","date":"2018-03-28T07:27:46.000Z","volume":1000,"label":" ","price":9.02},{"type":"B","date":"2018-03-28T07:27:52.000Z","volume":1000,"label":" ","price":9.02},{"type":"B","date":"2018-03-28T07:29:11.000Z","volume":1000,"label":" ","price":9.02},{"type":"B","date":"2018-03-28T07:29:13.000Z","volume":1000,"label":" ","price":9.02},{"type":"B","date":"2018-03-28T07:30:50.000Z","volume":1000,"label":" ","price":9.02},{"type":"B","date":"2018-03-28T07:30:53.000Z","volume":1000,"label":" ","price":9.02},{"type":"B","date":"2018-03-28T07:30:54.000Z","volume":1000,"label":" ","price":9.02},{"type":"B","date":"2018-03-28T07:31:03.000Z","volume":1000,"label":" ","price":9.02},{"type":"B","date":"2018-03-28T07:31:10.000Z","volume":1000,"label":" ","price":9.02},{"type":"B","date":"2018-03-28T07:31:11.000Z","volume":1000,"label":" ","price":9.02},{"type":"B","date":"2018-03-28T07:31:15.000Z","volume":1000,"label":" ","price":9.02},{"type":"B","date":"2018-03-28T07:31:42.000Z","volume":5000,"label":" ","price":9.02},{"type":"B","date":"2018-03-28T07:31:42.000Z","volume":1000,"label":" ","price":9.02},{"type":"B","date":"2018-03-28T07:31:43.000Z","volume":1000,"label":"Y","price":9.02},{"type":"B","date":"2018-03-28T07:31:43.000Z","volume":2000,"label":" ","price":9.02},{"type":"B","date":"2018-03-28T07:32:53.000Z","volume":1000,"label":" ","price":9.01},{"type":"B","date":"2018-03-28T07:32:53.000Z","volume":1000,"label":" ","price":9.01},{"type":"A","date":"2018-03-28T07:32:53.000Z","volume":1000,"label":" ","price":9.02},{"type":"B","date":"2018-03-28T07:32:55.000Z","volume":1000,"label":" ","price":9.01},{"type":"B","date":"2018-03-28T07:32:56.000Z","volume":3000,"label":" ","price":9.01},{"type":"A","date":"2018-03-28T07:32:59.000Z","volume":1000,"label":" ","price":9.02},{"type":"B","date":"2018-03-28T07:33:05.000Z","volume":1000,"label":" ","price":9.01},{"type":"A","date":"2018-03-28T07:33:13.000Z","volume":1000,"label":" ","price":9.02},{"type":"B","date":"2018-03-28T07:33:15.000Z","volume":1000,"label":" ","price":9.01},{"type":"B","date":"2018-03-28T07:34:43.000Z","volume":100000,"label":" ","price":9.01},{"type":"A","date":"2018-03-28T07:34:43.000Z","volume":5000,"label":" ","price":9.02},{"type":"B","date":"2018-03-28T07:34:45.000Z","volume":2000,"label":"Y","price":9.01},{"type":"B","date":"2018-03-28T07:34:45.000Z","volume":15000,"label":" ","price":9.01},{"type":"B","date":"2018-03-28T07:35:28.000Z","volume":1000,"label":" ","price":9.01},{"type":"B","date":"2018-03-28T07:35:35.000Z","volume":1000,"label":" ","price":9.01},{"type":"B","date":"2018-03-28T07:35:55.000Z","volume":1000,"label":" ","price":9.01},{"type":"B","date":"2018-03-28T07:35:58.000Z","volume":1000,"label":" ","price":9.01},{"type":"B","date":"2018-03-28T07:36:08.000Z","volume":5000,"label":" ","price":9.01},{"type":"B","date":"2018-03-28T07:36:08.000Z","volume":2000,"label":" ","price":9.01},{"type":"B","date":"2018-03-28T07:36:10.000Z","volume":3000,"label":" ","price":9.01},{"type":"A","date":"2018-03-28T07:36:10.000Z","volume":1000,"label":" ","price":9.01},{"type":"B","date":"2018-03-28T07:36:11.000Z","volume":3000,"label":" ","price":9},{"type":"B","date":"2018-03-28T07:36:13.000Z","volume":1000,"label":" ","price":9},{"type":"B","date":"2018-03-28T07:36:15.000Z","volume":3000,"label":" ","price":9},{"type":"A","date":"2018-03-28T07:36:15.000Z","volume":2000,"label":" ","price":9.01},{"type":"B","date":"2018-03-28T07:36:17.000Z","volume":3000,"label":" ","price":9},{"type":"A","date":"2018-03-28T07:40:11.000Z","volume":35000,"label":" ","price":9.01},{"type":"B","date":"2018-03-28T07:40:15.000Z","volume":1000,"label":" ","price":9},{"type":"B","date":"2018-03-28T07:40:19.000Z","volume":1000,"label":" ","price":9},{"type":"A","date":"2018-03-28T07:43:51.000Z","volume":1000,"label":" ","price":9.04},{"type":"B","date":"2018-03-28T07:45:47.000Z","volume":1000,"label":" ","price":9.01},{"type":"A","date":"2018-03-28T07:45:47.000Z","volume":1000,"label":" ","price":9.04},{"type":"B","date":"2018-03-28T07:46:29.000Z","volume":1000,"label":" ","price":9.01},{"type":"B","date":"2018-03-28T07:46:36.000Z","volume":1000,"label":" ","price":9.01},{"type":"A","date":"2018-03-28T07:46:49.000Z","volume":1000,"label":" ","price":9.04},{"type":"A","date":"2018-03-28T07:47:01.000Z","volume":1000,"label":" ","price":9.04},{"type":"B","date":"2018-03-28T07:47:09.000Z","volume":1000,"label":" ","price":9.01},{"type":"B","date":"2018-03-28T07:47:23.000Z","volume":1000,"label":" ","price":9.01},{"type":"B","date":"2018-03-28T07:47:51.000Z","volume":1000,"label":" ","price":9.01},{"type":"B","date":"2018-03-28T07:47:54.000Z","volume":1000,"label":" ","price":9.01},{"type":"B","date":"2018-03-28T07:47:57.000Z","volume":1000,"label":"Y","price":9.01},{"type":"A","date":"2018-03-28T07:48:49.000Z","volume":1000,"label":" ","price":9.02},{"type":"B","date":"2018-03-28T07:48:52.000Z","volume":1000,"label":" ","price":9.01},{"type":"B","date":"2018-03-28T07:49:21.000Z","volume":1000,"label":"Y","price":9.01},{"type":"B","date":"2018-03-28T07:50:07.000Z","volume":4000,"label":" ","price":9.01},{"type":"A","date":"2018-03-28T07:50:08.000Z","volume":1000,"label":" ","price":9.01},{"type":"B","date":"2018-03-28T07:50:08.000Z","volume":1000,"label":" ","price":9},{"type":"B","date":"2018-03-28T07:50:39.000Z","volume":1000,"label":" ","price":9},{"type":"B","date":"2018-03-28T07:51:19.000Z","volume":1000,"label":" ","price":9},{"type":"B","date":"2018-03-28T07:51:21.000Z","volume":1000,"label":" ","price":9},{"type":"B","date":"2018-03-28T07:51:29.000Z","volume":1000,"label":" ","price":9},{"type":"B","date":"2018-03-28T07:51:47.000Z","volume":1000,"label":" ","price":9},{"type":"B","date":"2018-03-28T07:51:49.000Z","volume":1000,"label":" ","price":9},{"type":"A","date":"2018-03-28T07:52:01.000Z","volume":1000,"label":" ","price":9.01},{"type":"A","date":"2018-03-28T07:52:20.000Z","volume":1000,"label":" ","price":9.01},{"type":"B","date":"2018-03-28T07:52:21.000Z","volume":1000,"label":" ","price":9},{"type":"B","date":"2018-03-28T07:52:29.000Z","volume":1000,"label":" ","price":9},{"type":"A","date":"2018-03-28T07:53:31.000Z","volume":1000,"label":" ","price":9.01},{"type":"B","date":"2018-03-28T07:53:32.000Z","volume":1000,"label":" ","price":9},{"type":"A","date":"2018-03-28T07:54:33.000Z","volume":22000,"label":" ","price":9.01},{"type":"A","date":"2018-03-28T07:54:35.000Z","volume":1000,"label":" ","price":9.05},{"type":"A","date":"2018-03-28T07:55:01.000Z","volume":1000,"label":" ","price":9.05},{"type":"A","date":"2018-03-28T07:55:01.000Z","volume":1000,"label":" ","price":9.04},{"type":"B","date":"2018-03-28T07:55:09.000Z","volume":1000,"label":" ","price":9.01},{"type":"B","date":"2018-03-28T07:55:11.000Z","volume":1000,"label":" ","price":9.01},{"type":"A","date":"2018-03-28T07:56:45.000Z","volume":1000,"label":" ","price":9.05},{"type":"A","date":"2018-03-28T07:56:45.000Z","volume":1000,"label":" ","price":9.05},{"type":"B","date":"2018-03-28T07:56:50.000Z","volume":1000,"label":" ","price":9.02},{"type":"A","date":"2018-03-28T07:56:50.000Z","volume":1000,"label":" ","price":9.04},{"type":"A","date":"2018-03-28T07:56:51.000Z","volume":1000,"label":" ","price":9.04},{"type":"B","date":"2018-03-28T07:56:51.000Z","volume":1000,"label":" ","price":9.01},{"type":"A","date":"2018-03-28T07:56:51.000Z","volume":1000,"label":" ","price":9.04},{"type":"B","date":"2018-03-28T07:57:45.000Z","volume":1000,"label":" ","price":9.01},{"type":"B","date":"2018-03-28T07:58:01.000Z","volume":1000,"label":" ","price":9.01},{"type":"A","date":"2018-03-28T07:58:24.000Z","volume":1000,"label":" ","price":9.02},{"type":"B","date":"2018-03-28T07:58:24.000Z","volume":1000,"label":" ","price":9.01},{"type":"B","date":"2018-03-28T07:58:31.000Z","volume":1000,"label":" ","price":9.01},{"type":"A","date":"2018-03-28T07:58:36.000Z","volume":1000,"label":" ","price":9.03},{"type":"A","date":"2018-03-28T07:58:45.000Z","volume":1000,"label":" ","price":9.03},{"type":"B","date":"2018-03-28T07:58:47.000Z","volume":1000,"label":" ","price":9.01},{"type":"B","date":"2018-03-28T07:58:49.000Z","volume":1000,"label":" ","price":9},{"type":"B","date":"2018-03-28T07:58:49.000Z","volume":8000,"label":" ","price":9},{"type":"A","date":"2018-03-28T07:58:50.000Z","volume":1000,"label":" ","price":9.01},{"type":"B","date":"2018-03-28T07:58:52.000Z","volume":2000,"label":" ","price":9},{"type":"A","date":"2018-03-28T07:58:53.000Z","volume":1000,"label":" ","price":9.05},{"type":"B","date":"2018-03-28T07:58:54.000Z","volume":2000,"label":" ","price":9.02},{"type":"A","date":"2018-03-28T07:59:00.000Z","volume":1000,"label":" ","price":9.04},{"type":"B","date":"2018-03-28T07:59:01.000Z","volume":1000,"label":" ","price":9.01},{"type":"B","date":"2018-03-28T07:59:03.000Z","volume":1000,"label":" ","price":9.01},{"type":"B","date":"2018-03-28T07:59:06.000Z","volume":1000,"label":" ","price":9.01},{"type":"A","date":"2018-03-28T07:59:06.000Z","volume":1000,"label":" ","price":9.03},{"type":"A","date":"2018-03-28T07:59:07.000Z","volume":1000,"label":" ","price":9.04},{"type":"B","date":"2018-03-28T07:59:11.000Z","volume":1000,"label":" ","price":9.01},{"type":"B","date":"2018-03-28T07:59:12.000Z","volume":1000,"label":" ","price":9.01},{"type":"B","date":"2018-03-28T07:59:12.000Z","volume":1000,"label":"Y","price":9.01},{"type":"B","date":"2018-03-28T07:59:15.000Z","volume":1000,"label":" ","price":9.01},{"type":"B","date":"2018-03-28T07:59:17.000Z","volume":1000,"label":" ","price":9},{"type":"B","date":"2018-03-28T07:59:17.000Z","volume":1000,"label":" ","price":9},{"type":"A","date":"2018-03-28T07:59:20.000Z","volume":1000,"label":" ","price":9.02},{"type":"A","date":"2018-03-28T07:59:30.000Z","volume":1000,"label":" ","price":9.04},{"type":"B","date":"2018-03-28T07:59:31.000Z","volume":1000,"label":" ","price":9.01},{"type":"U","date":"2018-03-28T07:59:32.000Z","volume":1000,"label":" ","price":9.03},{"type":"A","date":"2018-03-28T07:59:45.000Z","volume":1000,"label":" ","price":9.04},{"type":"A","date":"2018-03-28T07:59:46.000Z","volume":1000,"label":" ","price":9.04},{"type":"A","date":"2018-03-28T07:59:47.000Z","volume":1000,"label":" ","price":9.03},{"type":"A","date":"2018-03-28T07:59:55.000Z","volume":1000,"label":" ","price":9.04},{"type":"B","date":"2018-03-28T07:59:55.000Z","volume":1000,"label":" ","price":9.01},{"type":"B","date":"2018-03-28T07:59:56.000Z","volume":1000,"label":" ","price":9.01}]