[{"type":"A","date":"2018-03-21T07:56:57.000Z","volume":19000,"price":9.3,"category":"ubbull"},{"type":"A","date":"2018-03-21T07:23:19.000Z","volume":15000,"price":9.29,"category":"ubbull"},{"type":"A","date":"2018-03-21T05:22:16.000Z","volume":13000,"price":9.48,"category":"ubbull"},{"type":"A","date":"2018-03-21T03:22:30.000Z","volume":18000,"price":9.5,"category":"ubbull"},{"type":"A","date":"2018-03-21T02:41:29.000Z","volume":15000,"price":9.5,"category":"ubbull"},{"type":"A","date":"2018-03-21T02:11:46.000Z","volume":13000,"price":9.47,"category":"ubbull"},{"type":"A","date":"2018-03-21T02:05:08.000Z","volume":12000,"price":9.5,"category":"ubbull"},{"type":"A","date":"2018-03-21T01:56:51.000Z","volume":12000,"price":9.51,"category":"ubbull"},{"type":"A","date":"2018-03-21T01:47:19.000Z","volume":21000,"price":9.65,"category":"ubbull"},{"type":"A","date":"2018-03-21T07:59:40.000Z","volume":5000,"price":9.3,"category":"bbull"},{"type":"A","date":"2018-03-21T07:57:03.000Z","volume":6000,"price":9.3,"category":"bbull"},{"type":"A","date":"2018-03-21T07:57:00.000Z","volume":7000,"price":9.3,"category":"bbull"},{"type":"A","date":"2018-03-21T07:54:12.000Z","volume":6000,"price":9.28,"category":"bbull"},{"type":"A","date":"2018-03-21T07:54:00.000Z","volume":10000,"price":9.28,"category":"bbull"},{"type":"A","date":"2018-03-21T07:48:49.000Z","volume":5000,"price":9.28,"category":"bbull"},{"type":"A","date":"2018-03-21T07:48:33.000Z","volume":6000,"price":9.28,"category":"bbull"},{"type":"A","date":"2018-03-21T07:48:23.000Z","volume":4000,"price":9.26,"category":"bbull"},{"type":"A","date":"2018-03-21T07:44:14.000Z","volume":10000,"price":9.33,"category":"bbull"},{"type":"A","date":"2018-03-21T07:00:04.000Z","volume":11000,"price":9.29,"category":"bbull"},{"type":"A","date":"2018-03-21T05:32:25.000Z","volume":4000,"price":9.47,"category":"bbull"},{"type":"A","date":"2018-03-21T05:16:39.000Z","volume":10000,"price":9.52,"category":"bbull"},{"type":"A","date":"2018-03-21T05:15:50.000Z","volume":8000,"price":9.5,"category":"bbull"},{"type":"A","date":"2018-03-21T05:12:30.000Z","volume":10000,"price":9.51,"category":"bbull"},{"type":"A","date":"2018-03-21T05:11:58.000Z","volume":8000,"price":9.5,"category":"bbull"},{"type":"A","date":"2018-03-21T05:01:39.000Z","volume":5000,"price":9.47,"category":"bbull"},{"type":"A","date":"2018-03-21T03:40:57.000Z","volume":11000,"price":9.48,"category":"bbull"},{"type":"A","date":"2018-03-21T03:30:51.000Z","volume":4000,"price":9.5,"category":"bbull"},{"type":"A","date":"2018-03-21T03:25:00.000Z","volume":10000,"price":9.5,"category":"bbull"},{"type":"A","date":"2018-03-21T03:22:33.000Z","volume":6000,"price":9.48,"category":"bbull"},{"type":"A","date":"2018-03-21T03:22:30.000Z","volume":8000,"price":9.5,"category":"bbull"},{"type":"A","date":"2018-03-21T03:08:24.000Z","volume":6000,"price":9.45,"category":"bbull"},{"type":"A","date":"2018-03-21T02:50:45.000Z","volume":10000,"price":9.46,"category":"bbull"},{"type":"A","date":"2018-03-21T02:41:29.000Z","volume":4000,"price":9.5,"category":"bbull"},{"type":"A","date":"2018-03-21T02:34:28.000Z","volume":10000,"price":9.53,"category":"bbull"},{"type":"A","date":"2018-03-21T02:34:12.000Z","volume":5000,"price":9.52,"category":"bbull"},{"type":"A","date":"2018-03-21T02:33:50.000Z","volume":5000,"price":9.5,"category":"bbull"},{"type":"A","date":"2018-03-21T02:33:24.000Z","volume":9000,"price":9.48,"category":"bbull"},{"type":"A","date":"2018-03-21T02:18:39.000Z","volume":5000,"price":9.54,"category":"bbull"},{"type":"A","date":"2018-03-21T02:17:12.000Z","volume":5000,"price":9.5,"category":"bbull"},{"type":"A","date":"2018-03-21T02:15:17.000Z","volume":11000,"price":9.5,"category":"bbull"},{"type":"A","date":"2018-03-21T02:15:17.000Z","volume":4000,"price":9.49,"category":"bbull"},{"type":"A","date":"2018-03-21T02:10:44.000Z","volume":10000,"price":9.47,"category":"bbull"},{"type":"A","date":"2018-03-21T02:06:15.000Z","volume":4000,"price":9.48,"category":"bbull"},{"type":"A","date":"2018-03-21T02:00:08.000Z","volume":6000,"price":9.54,"category":"bbull"},{"type":"A","date":"2018-03-21T02:00:01.000Z","volume":7000,"price":9.53,"category":"bbull"},{"type":"A","date":"2018-03-21T01:59:31.000Z","volume":7000,"price":9.52,"category":"bbull"},{"type":"A","date":"2018-03-21T01:59:30.000Z","volume":10000,"price":9.51,"category":"bbull"},{"type":"A","date":"2018-03-21T01:56:45.000Z","volume":9000,"price":9.5,"category":"bbull"},{"type":"A","date":"2018-03-21T01:53:30.000Z","volume":10000,"price":9.53,"category":"bbull"},{"type":"A","date":"2018-03-21T01:51:53.000Z","volume":9000,"price":9.53,"category":"bbull"},{"type":"A","date":"2018-03-21T01:47:25.000Z","volume":5000,"price":9.56,"category":"bbull"},{"type":"A","date":"2018-03-21T01:47:24.000Z","volume":8000,"price":9.6,"category":"bbull"},{"type":"A","date":"2018-03-21T01:47:21.000Z","volume":4000,"price":9.66,"category":"bbull"},{"type":"A","date":"2018-03-21T01:47:19.000Z","volume":10000,"price":9.64,"category":"bbull"},{"type":"A","date":"2018-03-21T01:45:50.000Z","volume":7000,"price":9.54,"category":"bbull"},{"type":"A","date":"2018-03-21T01:45:43.000Z","volume":8000,"price":9.52,"category":"bbull"},{"type":"A","date":"2018-03-21T01:45:00.000Z","volume":9000,"price":9.52,"category":"bbull"},{"type":"A","date":"2018-03-21T01:42:30.000Z","volume":4000,"price":9.53,"category":"bbull"},{"type":"A","date":"2018-03-21T01:42:23.000Z","volume":8000,"price":9.53,"category":"bbull"},{"type":"A","date":"2018-03-21T01:41:52.000Z","volume":4000,"price":9.53,"category":"bbull"},{"type":"A","date":"2018-03-21T01:41:28.000Z","volume":4000,"price":9.52,"category":"bbull"},{"type":"A","date":"2018-03-21T01:41:08.000Z","volume":6000,"price":9.5,"category":"bbull"},{"type":"A","date":"2018-03-21T01:39:56.000Z","volume":5000,"price":9.48,"category":"bbull"},{"type":"A","date":"2018-03-21T01:39:56.000Z","volume":8000,"price":9.47,"category":"bbull"},{"type":"A","date":"2018-03-21T01:39:56.000Z","volume":6000,"price":9.46,"category":"bbull"},{"type":"A","date":"2018-03-21T01:37:16.000Z","volume":7000,"price":9.41,"category":"bbull"},{"type":"A","date":"2018-03-21T01:36:57.000Z","volume":6000,"price":9.39,"category":"bbull"},{"type":"A","date":"2018-03-21T07:59:47.000Z","volume":1000,"price":9.29,"category":"rbull"},{"type":"A","date":"2018-03-21T07:58:45.000Z","volume":1000,"price":9.3,"category":"rbull"},{"type":"A","date":"2018-03-21T07:56:46.000Z","volume":1000,"price":9.3,"category":"rbull"},{"type":"A","date":"2018-03-21T07:53:42.000Z","volume":1000,"price":9.32,"category":"rbull"},{"type":"A","date":"2018-03-21T07:51:27.000Z","volume":1000,"price":9.33,"category":"rbull"},{"type":"A","date":"2018-03-21T07:48:49.000Z","volume":1000,"price":9.34,"category":"rbull"},{"type":"A","date":"2018-03-21T07:48:33.000Z","volume":1000,"price":9.31,"category":"rbull"},{"type":"A","date":"2018-03-21T07:48:27.000Z","volume":1000,"price":9.26,"category":"rbull"},{"type":"A","date":"2018-03-21T07:46:42.000Z","volume":1000,"price":9.33,"category":"rbull"},{"type":"A","date":"2018-03-21T07:44:21.000Z","volume":1000,"price":9.33,"category":"rbull"},{"type":"A","date":"2018-03-21T07:44:18.000Z","volume":1000,"price":9.33,"category":"rbull"},{"type":"A","date":"2018-03-21T07:39:24.000Z","volume":1000,"price":9.33,"category":"rbull"},{"type":"A","date":"2018-03-21T07:39:24.000Z","volume":1000,"price":9.32,"category":"rbull"},{"type":"A","date":"2018-03-21T07:25:32.000Z","volume":1000,"price":9.3,"category":"rbull"},{"type":"A","date":"2018-03-21T07:25:27.000Z","volume":1000,"price":9.29,"category":"rbull"},{"type":"A","date":"2018-03-21T07:11:11.000Z","volume":1000,"price":9.38,"category":"rbull"},{"type":"A","date":"2018-03-21T07:10:59.000Z","volume":1000,"price":9.35,"category":"rbull"},{"type":"A","date":"2018-03-21T07:01:47.000Z","volume":1000,"price":9.33,"category":"rbull"},{"type":"A","date":"2018-03-21T07:01:37.000Z","volume":1000,"price":9.33,"category":"rbull"},{"type":"A","date":"2018-03-21T07:01:20.000Z","volume":1000,"price":9.32,"category":"rbull"},{"type":"A","date":"2018-03-21T06:50:59.000Z","volume":1000,"price":9.29,"category":"rbull"},{"type":"A","date":"2018-03-21T06:42:49.000Z","volume":1000,"price":9.32,"category":"rbull"},{"type":"A","date":"2018-03-21T06:42:44.000Z","volume":1000,"price":9.32,"category":"rbull"},{"type":"A","date":"2018-03-21T06:32:42.000Z","volume":1000,"price":9.37,"category":"rbull"},{"type":"A","date":"2018-03-21T06:31:46.000Z","volume":1000,"price":9.38,"category":"rbull"},{"type":"A","date":"2018-03-21T06:31:46.000Z","volume":1000,"price":9.38,"category":"rbull"},{"type":"A","date":"2018-03-21T06:30:24.000Z","volume":1000,"price":9.41,"category":"rbull"},{"type":"A","date":"2018-03-21T06:30:24.000Z","volume":1000,"price":9.4,"category":"rbull"},{"type":"A","date":"2018-03-21T06:24:49.000Z","volume":1000,"price":9.43,"category":"rbull"},{"type":"A","date":"2018-03-21T06:21:46.000Z","volume":1000,"price":9.44,"category":"rbull"},{"type":"A","date":"2018-03-21T06:21:39.000Z","volume":1000,"price":9.44,"category":"rbull"},{"type":"A","date":"2018-03-21T06:06:18.000Z","volume":1000,"price":9.46,"category":"rbull"},{"type":"A","date":"2018-03-21T06:01:23.000Z","volume":1000,"price":9.47,"category":"rbull"},{"type":"A","date":"2018-03-21T05:59:03.000Z","volume":1000,"price":9.46,"category":"rbull"},{"type":"A","date":"2018-03-21T05:52:19.000Z","volume":1000,"price":9.46,"category":"rbull"},{"type":"A","date":"2018-03-21T05:52:10.000Z","volume":1000,"price":9.46,"category":"rbull"},{"type":"A","date":"2018-03-21T05:51:45.000Z","volume":1000,"price":9.47,"category":"rbull"},{"type":"A","date":"2018-03-21T05:51:42.000Z","volume":1000,"price":9.47,"category":"rbull"},{"type":"A","date":"2018-03-21T05:31:47.000Z","volume":1000,"price":9.46,"category":"rbull"},{"type":"A","date":"2018-03-21T05:22:13.000Z","volume":1000,"price":9.51,"category":"rbull"},{"type":"A","date":"2018-03-21T05:22:13.000Z","volume":1000,"price":9.51,"category":"rbull"},{"type":"A","date":"2018-03-21T05:21:45.000Z","volume":1000,"price":9.51,"category":"rbull"},{"type":"A","date":"2018-03-21T05:18:58.000Z","volume":1000,"price":9.51,"category":"rbull"},{"type":"A","date":"2018-03-21T05:18:35.000Z","volume":1000,"price":9.51,"category":"rbull"},{"type":"A","date":"2018-03-21T05:18:29.000Z","volume":1000,"price":9.51,"category":"rbull"},{"type":"A","date":"2018-03-21T05:12:52.000Z","volume":1000,"price":9.51,"category":"rbull"},{"type":"A","date":"2018-03-21T05:12:42.000Z","volume":1000,"price":9.52,"category":"rbull"},{"type":"A","date":"2018-03-21T05:12:33.000Z","volume":1000,"price":9.51,"category":"rbull"},{"type":"A","date":"2018-03-21T05:12:06.000Z","volume":1000,"price":9.51,"category":"rbull"},{"type":"A","date":"2018-03-21T05:09:15.000Z","volume":1000,"price":9.48,"category":"rbull"},{"type":"A","date":"2018-03-21T05:09:15.000Z","volume":1000,"price":9.48,"category":"rbull"},{"type":"A","date":"2018-03-21T05:08:16.000Z","volume":1000,"price":9.48,"category":"rbull"},{"type":"A","date":"2018-03-21T03:50:33.000Z","volume":1000,"price":9.5,"category":"rbull"},{"type":"A","date":"2018-03-21T03:46:41.000Z","volume":1000,"price":9.49,"category":"rbull"},{"type":"A","date":"2018-03-21T03:22:30.000Z","volume":1000,"price":9.47,"category":"rbull"},{"type":"A","date":"2018-03-21T03:05:06.000Z","volume":1000,"price":9.45,"category":"rbull"},{"type":"A","date":"2018-03-21T03:04:18.000Z","volume":1000,"price":9.45,"category":"rbull"},{"type":"A","date":"2018-03-21T02:58:51.000Z","volume":1000,"price":9.45,"category":"rbull"},{"type":"A","date":"2018-03-21T02:50:57.000Z","volume":1000,"price":9.45,"category":"rbull"},{"type":"A","date":"2018-03-21T02:50:48.000Z","volume":1000,"price":9.45,"category":"rbull"},{"type":"A","date":"2018-03-21T02:35:29.000Z","volume":1000,"price":9.53,"category":"rbull"},{"type":"A","date":"2018-03-21T02:35:18.000Z","volume":1000,"price":9.53,"category":"rbull"},{"type":"A","date":"2018-03-21T02:34:59.000Z","volume":1000,"price":9.53,"category":"rbull"},{"type":"A","date":"2018-03-21T02:34:28.000Z","volume":1000,"price":9.53,"category":"rbull"},{"type":"A","date":"2018-03-21T02:26:22.000Z","volume":1000,"price":9.49,"category":"rbull"},{"type":"A","date":"2018-03-21T02:26:04.000Z","volume":1000,"price":9.5,"category":"rbull"},{"type":"A","date":"2018-03-21T02:21:37.000Z","volume":1000,"price":9.51,"category":"rbull"},{"type":"A","date":"2018-03-21T02:21:33.000Z","volume":1000,"price":9.51,"category":"rbull"},{"type":"A","date":"2018-03-21T02:19:24.000Z","volume":1000,"price":9.54,"category":"rbull"},{"type":"A","date":"2018-03-21T02:18:52.000Z","volume":1000,"price":9.56,"category":"rbull"},{"type":"A","date":"2018-03-21T02:15:17.000Z","volume":1000,"price":9.5,"category":"rbull"},{"type":"A","date":"2018-03-21T02:15:17.000Z","volume":1000,"price":9.5,"category":"rbull"},{"type":"A","date":"2018-03-21T02:10:48.000Z","volume":1000,"price":9.46,"category":"rbull"},{"type":"A","date":"2018-03-21T01:47:34.000Z","volume":1000,"price":9.57,"category":"rbull"},{"type":"A","date":"2018-03-21T01:47:29.000Z","volume":1000,"price":9.57,"category":"rbull"},{"type":"A","date":"2018-03-21T01:45:56.000Z","volume":1000,"price":9.59,"category":"rbull"},{"type":"A","date":"2018-03-21T01:45:51.000Z","volume":1000,"price":9.59,"category":"rbull"},{"type":"A","date":"2018-03-21T01:45:48.000Z","volume":1000,"price":9.54,"category":"rbull"},{"type":"A","date":"2018-03-21T01:45:43.000Z","volume":1000,"price":9.53,"category":"rbull"},{"type":"A","date":"2018-03-21T01:45:43.000Z","volume":1000,"price":9.53,"category":"rbull"},{"type":"A","date":"2018-03-21T01:44:23.000Z","volume":1000,"price":9.52,"category":"rbull"},{"type":"A","date":"2018-03-21T01:43:11.000Z","volume":1000,"price":9.59,"category":"rbull"},{"type":"A","date":"2018-03-21T01:43:11.000Z","volume":1000,"price":9.54,"category":"rbull"},{"type":"A","date":"2018-03-21T01:42:35.000Z","volume":1000,"price":9.53,"category":"rbull"},{"type":"A","date":"2018-03-21T01:42:32.000Z","volume":1000,"price":9.53,"category":"rbull"},{"type":"A","date":"2018-03-21T01:41:45.000Z","volume":1000,"price":9.54,"category":"rbull"},{"type":"A","date":"2018-03-21T01:37:18.000Z","volume":1000,"price":9.42,"category":"rbull"},{"type":"A","date":"2018-03-21T01:37:18.000Z","volume":1000,"price":9.42,"category":"rbull"},{"type":"A","date":"2018-03-21T01:37:16.000Z","volume":1000,"price":9.45,"category":"rbull"},{"type":"B","date":"2018-03-21T07:59:32.000Z","volume":1000,"price":9.26,"category":"rbear"},{"type":"B","date":"2018-03-21T07:59:14.000Z","volume":1000,"price":9.25,"category":"rbear"},{"type":"B","date":"2018-03-21T07:59:13.000Z","volume":1000,"price":9.25,"category":"rbear"},{"type":"B","date":"2018-03-21T07:59:08.000Z","volume":1000,"price":9.27,"category":"rbear"},{"type":"B","date":"2018-03-21T07:59:03.000Z","volume":1000,"price":9.25,"category":"rbear"},{"type":"B","date":"2018-03-21T07:59:03.000Z","volume":1000,"price":9.25,"category":"rbear"},{"type":"B","date":"2018-03-21T07:59:00.000Z","volume":1000,"price":9.29,"category":"rbear"},{"type":"B","date":"2018-03-21T07:56:57.000Z","volume":1000,"price":9.28,"category":"rbear"},{"type":"B","date":"2018-03-21T07:54:21.000Z","volume":1000,"price":9.27,"category":"rbear"},{"type":"B","date":"2018-03-21T07:54:21.000Z","volume":1000,"price":9.27,"category":"rbear"},{"type":"B","date":"2018-03-21T07:53:07.000Z","volume":1000,"price":9.28,"category":"rbear"},{"type":"B","date":"2018-03-21T07:48:41.000Z","volume":1000,"price":9.33,"category":"rbear"},{"type":"B","date":"2018-03-21T07:48:33.000Z","volume":1000,"price":9.32,"category":"rbear"},{"type":"B","date":"2018-03-21T07:47:46.000Z","volume":1000,"price":9.28,"category":"rbear"},{"type":"B","date":"2018-03-21T07:47:45.000Z","volume":1000,"price":9.3,"category":"rbear"},{"type":"B","date":"2018-03-21T07:47:13.000Z","volume":1000,"price":9.32,"category":"rbear"},{"type":"B","date":"2018-03-21T07:47:13.000Z","volume":1000,"price":9.32,"category":"rbear"},{"type":"B","date":"2018-03-21T07:46:41.000Z","volume":1000,"price":9.32,"category":"rbear"},{"type":"B","date":"2018-03-21T07:46:41.000Z","volume":1000,"price":9.32,"category":"rbear"},{"type":"B","date":"2018-03-21T07:41:55.000Z","volume":1000,"price":9.32,"category":"rbear"},{"type":"B","date":"2018-03-21T07:20:39.000Z","volume":1000,"price":9.3,"category":"rbear"},{"type":"B","date":"2018-03-21T07:11:11.000Z","volume":1000,"price":9.37,"category":"rbear"},{"type":"B","date":"2018-03-21T07:11:00.000Z","volume":1000,"price":9.37,"category":"rbear"},{"type":"B","date":"2018-03-21T07:01:20.000Z","volume":1000,"price":9.31,"category":"rbear"},{"type":"B","date":"2018-03-21T06:56:44.000Z","volume":1000,"price":9.28,"category":"rbear"},{"type":"B","date":"2018-03-21T06:56:42.000Z","volume":1000,"price":9.28,"category":"rbear"},{"type":"B","date":"2018-03-21T06:52:28.000Z","volume":1000,"price":9.28,"category":"rbear"},{"type":"B","date":"2018-03-21T06:52:26.000Z","volume":1000,"price":9.28,"category":"rbear"},{"type":"B","date":"2018-03-21T06:45:49.000Z","volume":1000,"price":9.29,"category":"rbear"},{"type":"B","date":"2018-03-21T06:44:45.000Z","volume":1000,"price":9.29,"category":"rbear"},{"type":"B","date":"2018-03-21T06:33:07.000Z","volume":1000,"price":9.35,"category":"rbear"},{"type":"B","date":"2018-03-21T06:30:33.000Z","volume":1000,"price":9.39,"category":"rbear"},{"type":"B","date":"2018-03-21T06:30:23.000Z","volume":1000,"price":9.41,"category":"rbear"},{"type":"B","date":"2018-03-21T05:27:03.000Z","volume":1000,"price":9.45,"category":"rbear"},{"type":"B","date":"2018-03-21T05:22:37.000Z","volume":1000,"price":9.47,"category":"rbear"},{"type":"B","date":"2018-03-21T05:18:37.000Z","volume":1000,"price":9.5,"category":"rbear"},{"type":"B","date":"2018-03-21T05:15:53.000Z","volume":1000,"price":9.5,"category":"rbear"},{"type":"B","date":"2018-03-21T05:12:49.000Z","volume":1000,"price":9.51,"category":"rbear"},{"type":"B","date":"2018-03-21T05:12:41.000Z","volume":1000,"price":9.51,"category":"rbear"},{"type":"B","date":"2018-03-21T05:12:07.000Z","volume":1000,"price":9.5,"category":"rbear"},{"type":"B","date":"2018-03-21T05:12:00.000Z","volume":1000,"price":9.5,"category":"rbear"},{"type":"B","date":"2018-03-21T05:04:55.000Z","volume":1000,"price":9.48,"category":"rbear"},{"type":"B","date":"2018-03-21T05:04:34.000Z","volume":1000,"price":9.48,"category":"rbear"},{"type":"B","date":"2018-03-21T05:01:43.000Z","volume":1000,"price":9.47,"category":"rbear"},{"type":"B","date":"2018-03-21T03:41:00.000Z","volume":1000,"price":9.48,"category":"rbear"},{"type":"B","date":"2018-03-21T03:38:57.000Z","volume":1000,"price":9.48,"category":"rbear"},{"type":"B","date":"2018-03-21T03:30:54.000Z","volume":1000,"price":9.48,"category":"rbear"},{"type":"B","date":"2018-03-21T03:28:55.000Z","volume":1000,"price":9.48,"category":"rbear"},{"type":"B","date":"2018-03-21T03:09:26.000Z","volume":1000,"price":9.47,"category":"rbear"},{"type":"B","date":"2018-03-21T03:00:55.000Z","volume":1000,"price":9.44,"category":"rbear"},{"type":"B","date":"2018-03-21T02:58:53.000Z","volume":1000,"price":9.44,"category":"rbear"},{"type":"B","date":"2018-03-21T02:50:47.000Z","volume":1000,"price":9.44,"category":"rbear"},{"type":"B","date":"2018-03-21T02:50:16.000Z","volume":1000,"price":9.45,"category":"rbear"},{"type":"B","date":"2018-03-21T02:35:41.000Z","volume":1000,"price":9.49,"category":"rbear"},{"type":"B","date":"2018-03-21T02:35:26.000Z","volume":1000,"price":9.52,"category":"rbear"},{"type":"B","date":"2018-03-21T02:34:14.000Z","volume":1000,"price":9.51,"category":"rbear"},{"type":"B","date":"2018-03-21T02:20:03.000Z","volume":1000,"price":9.51,"category":"rbear"},{"type":"B","date":"2018-03-21T02:17:59.000Z","volume":1000,"price":9.52,"category":"rbear"},{"type":"B","date":"2018-03-21T02:17:39.000Z","volume":1000,"price":9.52,"category":"rbear"},{"type":"B","date":"2018-03-21T02:01:08.000Z","volume":1000,"price":9.52,"category":"rbear"},{"type":"B","date":"2018-03-21T02:01:08.000Z","volume":1000,"price":9.53,"category":"rbear"},{"type":"B","date":"2018-03-21T01:48:27.000Z","volume":1000,"price":9.53,"category":"rbear"},{"type":"B","date":"2018-03-21T01:45:08.000Z","volume":1000,"price":9.51,"category":"rbear"},{"type":"B","date":"2018-03-21T01:44:35.000Z","volume":1000,"price":9.48,"category":"rbear"},{"type":"B","date":"2018-03-21T01:44:18.000Z","volume":1000,"price":9.53,"category":"rbear"},{"type":"B","date":"2018-03-21T01:41:17.000Z","volume":1000,"price":9.5,"category":"rbear"},{"type":"B","date":"2018-03-21T01:40:11.000Z","volume":1000,"price":9.5,"category":"rbear"},{"type":"B","date":"2018-03-21T01:36:57.000Z","volume":1000,"price":9.4,"category":"rbear"},{"type":"B","date":"2018-03-21T01:34:57.000Z","volume":1000,"price":9.42,"category":"rbear"},{"type":"B","date":"2018-03-21T01:30:25.000Z","volume":1000,"price":9.5,"category":"rbear"},{"type":"B","date":"2018-03-21T01:30:15.000Z","volume":1000,"price":9.51,"category":"rbear"},{"type":"B","date":"2018-03-21T07:59:33.000Z","volume":5000,"price":9.26,"category":"bbear"},{"type":"B","date":"2018-03-21T07:59:22.000Z","volume":5000,"price":9.26,"category":"bbear"},{"type":"B","date":"2018-03-21T07:44:14.000Z","volume":5000,"price":9.32,"category":"bbear"},{"type":"B","date":"2018-03-21T07:04:39.000Z","volume":4000,"price":9.33,"category":"bbear"},{"type":"B","date":"2018-03-21T06:33:07.000Z","volume":7000,"price":9.35,"category":"bbear"},{"type":"B","date":"2018-03-21T06:33:06.000Z","volume":5000,"price":9.35,"category":"bbear"},{"type":"B","date":"2018-03-21T06:30:23.000Z","volume":10000,"price":9.4,"category":"bbear"},{"type":"B","date":"2018-03-21T06:30:17.000Z","volume":5000,"price":9.42,"category":"bbear"},{"type":"B","date":"2018-03-21T06:20:13.000Z","volume":8000,"price":9.44,"category":"bbear"},{"type":"B","date":"2018-03-21T05:46:42.000Z","volume":4000,"price":9.46,"category":"bbear"},{"type":"B","date":"2018-03-21T05:32:20.000Z","volume":10000,"price":9.45,"category":"bbear"},{"type":"B","date":"2018-03-21T05:12:49.000Z","volume":4000,"price":9.51,"category":"bbear"},{"type":"B","date":"2018-03-21T03:40:29.000Z","volume":10000,"price":9.48,"category":"bbear"},{"type":"B","date":"2018-03-21T03:09:22.000Z","volume":5000,"price":9.48,"category":"bbear"},{"type":"B","date":"2018-03-21T02:41:32.000Z","volume":4000,"price":9.49,"category":"bbear"},{"type":"B","date":"2018-03-21T02:35:37.000Z","volume":5000,"price":9.52,"category":"bbear"},{"type":"B","date":"2018-03-21T02:26:12.000Z","volume":4000,"price":9.49,"category":"bbear"},{"type":"B","date":"2018-03-21T02:20:35.000Z","volume":5000,"price":9.5,"category":"bbear"},{"type":"B","date":"2018-03-21T02:17:35.000Z","volume":10000,"price":9.52,"category":"bbear"},{"type":"B","date":"2018-03-21T02:11:53.000Z","volume":8000,"price":9.55,"category":"bbear"},{"type":"B","date":"2018-03-21T02:06:15.000Z","volume":8000,"price":9.48,"category":"bbear"},{"type":"B","date":"2018-03-21T02:01:49.000Z","volume":5000,"price":9.51,"category":"bbear"},{"type":"B","date":"2018-03-21T02:00:44.000Z","volume":10000,"price":9.52,"category":"bbear"},{"type":"B","date":"2018-03-21T02:00:17.000Z","volume":4000,"price":9.54,"category":"bbear"},{"type":"B","date":"2018-03-21T01:48:27.000Z","volume":9000,"price":9.52,"category":"bbear"},{"type":"B","date":"2018-03-21T01:47:22.000Z","volume":4000,"price":9.65,"category":"bbear"},{"type":"B","date":"2018-03-21T01:40:04.000Z","volume":4000,"price":9.5,"category":"bbear"},{"type":"B","date":"2018-03-21T01:33:56.000Z","volume":4000,"price":9.45,"category":"bbear"},{"type":"B","date":"2018-03-21T01:32:22.000Z","volume":9000,"price":9.48,"category":"bbear"},{"type":"B","date":"2018-03-21T01:30:24.000Z","volume":10000,"price":9.5,"category":"bbear"},{"type":"B","date":"2018-03-21T01:30:24.000Z","volume":7000,"price":9.51,"category":"bbear"},{"type":"B","date":"2018-03-21T01:30:14.000Z","volume":10000,"price":9.46,"category":"bbear"},{"type":"B","date":"2018-03-21T07:47:45.000Z","volume":15000,"price":9.3,"category":"ubbear"},{"type":"B","date":"2018-03-21T06:32:57.000Z","volume":14000,"price":9.36,"category":"ubbear"},{"type":"B","date":"2018-03-21T06:24:39.000Z","volume":15000,"price":9.43,"category":"ubbear"},{"type":"B","date":"2018-03-21T05:22:14.000Z","volume":53000,"price":9.5,"category":"ubbear"},{"type":"B","date":"2018-03-21T02:50:03.000Z","volume":14000,"price":9.48,"category":"ubbear"},{"type":"B","date":"2018-03-21T02:26:04.000Z","volume":19000,"price":9.5,"category":"ubbear"},{"type":"B","date":"2018-03-21T02:04:16.000Z","volume":17000,"price":9.52,"category":"ubbear"},{"type":"B","date":"2018-03-21T02:00:14.000Z","volume":17000,"price":9.54,"category":"ubbear"},{"type":"B","date":"2018-03-21T01:50:24.000Z","volume":29000,"price":9.52,"category":"ubbear"},{"type":"B","date":"2018-03-21T01:48:27.000Z","volume":12000,"price":9.54,"category":"ubbear"},{"type":"B","date":"2018-03-21T01:47:23.000Z","volume":40000,"price":9.65,"category":"ubbear"},{"type":"B","date":"2018-03-21T01:44:22.000Z","volume":14000,"price":9.52,"category":"ubbear"},{"type":"B","date":"2018-03-21T01:31:15.000Z","volume":37000,"price":9.5,"category":"ubbear"}]