[{"type":"U","date":"2018-03-21T01:20:00.000Z","volume":4000,"label":"U","price":5.94},{"type":"A","date":"2018-03-21T01:30:19.000Z","volume":500,"label":" ","price":5.94},{"type":"B","date":"2018-03-21T01:30:19.000Z","volume":1000,"label":" ","price":5.93},{"type":"B","date":"2018-03-21T01:30:47.000Z","volume":5000,"label":" ","price":5.93},{"type":"B","date":"2018-03-21T01:30:47.000Z","volume":2000,"label":" ","price":5.92},{"type":"U","date":"2018-03-21T01:30:47.000Z","volume":500,"label":" ","price":5.92},{"type":"B","date":"2018-03-21T01:30:47.000Z","volume":1000,"label":" ","price":5.91},{"type":"U","date":"2018-03-21T01:30:48.000Z","volume":1000,"label":" ","price":5.93},{"type":"B","date":"2018-03-21T01:30:48.000Z","volume":3000,"label":" ","price":5.92},{"type":"B","date":"2018-03-21T01:30:49.000Z","volume":500,"label":" ","price":5.92},{"type":"B","date":"2018-03-21T01:30:50.000Z","volume":1500,"label":" ","price":5.92},{"type":"B","date":"2018-03-21T01:30:50.000Z","volume":3500,"label":" ","price":5.91},{"type":"B","date":"2018-03-21T01:30:50.000Z","volume":1500,"label":" ","price":5.92},{"type":"B","date":"2018-03-21T01:30:50.000Z","volume":2500,"label":" ","price":5.92},{"type":"B","date":"2018-03-21T01:30:50.000Z","volume":1000,"label":" ","price":5.92},{"type":"B","date":"2018-03-21T01:30:50.000Z","volume":500,"label":" ","price":5.91},{"type":"B","date":"2018-03-21T01:30:51.000Z","volume":500,"label":" ","price":5.91},{"type":"B","date":"2018-03-21T01:30:52.000Z","volume":500,"label":" ","price":5.91},{"type":"A","date":"2018-03-21T01:30:53.000Z","volume":5000,"label":" ","price":5.92},{"type":"B","date":"2018-03-21T01:30:53.000Z","volume":500,"label":" ","price":5.91},{"type":"B","date":"2018-03-21T01:30:54.000Z","volume":500,"label":" ","price":5.91},{"type":"A","date":"2018-03-21T01:30:55.000Z","volume":5500,"label":" ","price":5.92},{"type":"A","date":"2018-03-21T01:30:55.000Z","volume":3000,"label":" ","price":5.93},{"type":"B","date":"2018-03-21T01:30:55.000Z","volume":500,"label":" ","price":5.92},{"type":"U","date":"2018-03-21T01:30:58.000Z","volume":3000,"label":" ","price":5.93},{"type":"B","date":"2018-03-21T01:30:58.000Z","volume":500,"label":" ","price":5.92},{"type":"B","date":"2018-03-21T01:31:22.000Z","volume":2500,"label":" ","price":5.92},{"type":"B","date":"2018-03-21T01:31:23.000Z","volume":500,"label":" ","price":5.92},{"type":"B","date":"2018-03-21T01:31:40.000Z","volume":23000,"label":" ","price":5.92},{"type":"B","date":"2018-03-21T01:31:40.000Z","volume":7000,"label":" ","price":5.91},{"type":"B","date":"2018-03-21T01:31:40.000Z","volume":1000,"label":" ","price":5.92},{"type":"B","date":"2018-03-21T01:31:40.000Z","volume":2500,"label":" ","price":5.89},{"type":"B","date":"2018-03-21T01:31:40.000Z","volume":2000,"label":" ","price":5.89},{"type":"B","date":"2018-03-21T01:31:40.000Z","volume":2500,"label":" ","price":5.91},{"type":"B","date":"2018-03-21T01:31:40.000Z","volume":1500,"label":" ","price":5.92},{"type":"B","date":"2018-03-21T01:31:40.000Z","volume":9500,"label":" ","price":5.92},{"type":"B","date":"2018-03-21T01:31:41.000Z","volume":3500,"label":" ","price":5.91},{"type":"B","date":"2018-03-21T01:31:41.000Z","volume":3000,"label":" ","price":5.89},{"type":"B","date":"2018-03-21T01:31:43.000Z","volume":1500,"label":" ","price":5.87},{"type":"B","date":"2018-03-21T01:31:43.000Z","volume":5500,"label":" ","price":5.87},{"type":"B","date":"2018-03-21T01:31:44.000Z","volume":3000,"label":" ","price":5.87},{"type":"U","date":"2018-03-21T01:31:45.000Z","volume":4000,"label":" ","price":5.88},{"type":"B","date":"2018-03-21T01:31:45.000Z","volume":1500,"label":" ","price":5.87},{"type":"B","date":"2018-03-21T01:31:45.000Z","volume":1500,"label":" ","price":5.87},{"type":"B","date":"2018-03-21T01:31:49.000Z","volume":1000,"label":" ","price":5.87},{"type":"A","date":"2018-03-21T01:31:49.000Z","volume":500,"label":" ","price":5.88},{"type":"A","date":"2018-03-21T01:31:49.000Z","volume":4500,"label":" ","price":5.88},{"type":"B","date":"2018-03-21T01:31:50.000Z","volume":500,"label":" ","price":5.87},{"type":"A","date":"2018-03-21T01:33:02.000Z","volume":40500,"label":" ","price":5.88},{"type":"B","date":"2018-03-21T01:33:04.000Z","volume":500,"label":" ","price":5.87},{"type":"B","date":"2018-03-21T01:33:05.000Z","volume":500,"label":" ","price":5.87},{"type":"A","date":"2018-03-21T01:33:33.000Z","volume":15000,"label":" ","price":5.88},{"type":"B","date":"2018-03-21T01:33:33.000Z","volume":1500,"label":" ","price":5.87},{"type":"B","date":"2018-03-21T01:33:33.000Z","volume":500,"label":" ","price":5.87},{"type":"B","date":"2018-03-21T01:33:35.000Z","volume":1000,"label":" ","price":5.87},{"type":"B","date":"2018-03-21T01:33:35.000Z","volume":500,"label":" ","price":5.87},{"type":"A","date":"2018-03-21T01:33:53.000Z","volume":12500,"label":" ","price":5.88},{"type":"A","date":"2018-03-21T01:33:54.000Z","volume":4000,"label":" ","price":5.89},{"type":"A","date":"2018-03-21T01:33:54.000Z","volume":500,"label":" ","price":5.88},{"type":"A","date":"2018-03-21T01:33:54.000Z","volume":2000,"label":" ","price":5.89},{"type":"U","date":"2018-03-21T01:34:51.000Z","volume":1000,"label":"X","price":5.88},{"type":"U","date":"2018-03-21T01:35:42.000Z","volume":66000,"label":" ","price":5.89},{"type":"U","date":"2018-03-21T01:35:42.000Z","volume":2000,"label":" ","price":5.89},{"type":"U","date":"2018-03-21T01:35:42.000Z","volume":5500,"label":" ","price":5.89},{"type":"B","date":"2018-03-21T01:35:44.000Z","volume":3500,"label":" ","price":5.88},{"type":"B","date":"2018-03-21T01:36:15.000Z","volume":11000,"label":" ","price":5.88},{"type":"B","date":"2018-03-21T01:36:15.000Z","volume":1500,"label":" ","price":5.88},{"type":"B","date":"2018-03-21T01:36:15.000Z","volume":1500,"label":" ","price":5.88},{"type":"B","date":"2018-03-21T01:36:16.000Z","volume":500,"label":" ","price":5.88},{"type":"B","date":"2018-03-21T01:36:17.000Z","volume":500,"label":" ","price":5.88},{"type":"B","date":"2018-03-21T01:36:41.000Z","volume":1500,"label":" ","price":5.9},{"type":"B","date":"2018-03-21T01:36:49.000Z","volume":10000,"label":" ","price":5.9},{"type":"B","date":"2018-03-21T01:36:49.000Z","volume":1000,"label":" ","price":5.9},{"type":"B","date":"2018-03-21T01:36:51.000Z","volume":500,"label":" ","price":5.9},{"type":"B","date":"2018-03-21T01:36:54.000Z","volume":4500,"label":" ","price":5.9},{"type":"A","date":"2018-03-21T01:36:54.000Z","volume":18000,"label":" ","price":5.9},{"type":"A","date":"2018-03-21T01:36:54.000Z","volume":27500,"label":" ","price":5.9},{"type":"B","date":"2018-03-21T01:36:54.000Z","volume":1000,"label":"Y","price":5.9},{"type":"B","date":"2018-03-21T01:36:54.000Z","volume":500,"label":" ","price":5.89},{"type":"B","date":"2018-03-21T01:36:55.000Z","volume":2000,"label":" ","price":5.9},{"type":"B","date":"2018-03-21T01:36:55.000Z","volume":1500,"label":" ","price":5.9},{"type":"B","date":"2018-03-21T01:36:57.000Z","volume":1500,"label":" ","price":5.89},{"type":"A","date":"2018-03-21T01:36:59.000Z","volume":2000,"label":" ","price":5.9},{"type":"B","date":"2018-03-21T01:36:59.000Z","volume":2000,"label":" ","price":5.89},{"type":"B","date":"2018-03-21T01:37:17.000Z","volume":12000,"label":" ","price":5.89},{"type":"B","date":"2018-03-21T01:37:18.000Z","volume":1000,"label":" ","price":5.89},{"type":"B","date":"2018-03-21T01:37:18.000Z","volume":2000,"label":" ","price":5.89},{"type":"B","date":"2018-03-21T01:37:20.000Z","volume":1000,"label":" ","price":5.89},{"type":"B","date":"2018-03-21T01:37:20.000Z","volume":500,"label":" ","price":5.89},{"type":"A","date":"2018-03-21T01:37:33.000Z","volume":20000,"label":" ","price":5.9},{"type":"A","date":"2018-03-21T01:37:33.000Z","volume":1000,"label":" ","price":5.9},{"type":"A","date":"2018-03-21T01:37:33.000Z","volume":2000,"label":"Y","price":5.9},{"type":"A","date":"2018-03-21T01:37:33.000Z","volume":3000,"label":" ","price":5.9},{"type":"B","date":"2018-03-21T01:37:33.000Z","volume":1500,"label":" ","price":5.89},{"type":"A","date":"2018-03-21T01:37:33.000Z","volume":6500,"label":" ","price":5.9},{"type":"A","date":"2018-03-21T01:37:34.000Z","volume":16500,"label":" ","price":5.91},{"type":"A","date":"2018-03-21T01:37:34.000Z","volume":5500,"label":" ","price":5.92},{"type":"B","date":"2018-03-21T01:37:45.000Z","volume":2500,"label":" ","price":5.9},{"type":"B","date":"2018-03-21T01:39:25.000Z","volume":1500,"label":" ","price":5.9},{"type":"A","date":"2018-03-21T01:39:54.000Z","volume":50000,"label":" ","price":5.93},{"type":"B","date":"2018-03-21T01:39:56.000Z","volume":1000,"label":" ","price":5.91},{"type":"U","date":"2018-03-21T01:40:11.000Z","volume":500,"label":" ","price":5.92},{"type":"U","date":"2018-03-21T01:40:41.000Z","volume":1500,"label":"X","price":5.91},{"type":"B","date":"2018-03-21T01:40:41.000Z","volume":2000,"label":" ","price":5.91},{"type":"B","date":"2018-03-21T01:40:42.000Z","volume":500,"label":" ","price":5.91},{"type":"B","date":"2018-03-21T01:40:42.000Z","volume":500,"label":" ","price":5.91},{"type":"A","date":"2018-03-21T01:41:39.000Z","volume":2000,"label":" ","price":5.92},{"type":"A","date":"2018-03-21T01:41:40.000Z","volume":13000,"label":" ","price":5.92},{"type":"U","date":"2018-03-21T01:41:40.000Z","volume":1000,"label":" ","price":5.92},{"type":"A","date":"2018-03-21T01:41:41.000Z","volume":11000,"label":" ","price":5.93},{"type":"B","date":"2018-03-21T01:41:41.000Z","volume":500,"label":" ","price":5.91},{"type":"A","date":"2018-03-21T01:41:49.000Z","volume":500,"label":" ","price":5.93},{"type":"A","date":"2018-03-21T01:42:00.000Z","volume":14500,"label":" ","price":5.93},{"type":"A","date":"2018-03-21T01:42:00.000Z","volume":10000,"label":" ","price":5.94},{"type":"B","date":"2018-03-21T01:42:02.000Z","volume":500,"label":" ","price":5.93},{"type":"B","date":"2018-03-21T01:42:07.000Z","volume":500,"label":" ","price":5.93},{"type":"B","date":"2018-03-21T01:42:15.000Z","volume":500,"label":" ","price":5.93},{"type":"A","date":"2018-03-21T01:42:21.000Z","volume":500,"label":" ","price":5.95},{"type":"B","date":"2018-03-21T01:42:30.000Z","volume":500,"label":" ","price":5.93},{"type":"U","date":"2018-03-21T01:42:32.000Z","volume":8000,"label":" ","price":5.95},{"type":"B","date":"2018-03-21T01:42:32.000Z","volume":500,"label":" ","price":5.93},{"type":"A","date":"2018-03-21T01:42:48.000Z","volume":2000,"label":" ","price":5.95},{"type":"A","date":"2018-03-21T01:43:05.000Z","volume":12500,"label":" ","price":5.96},{"type":"A","date":"2018-03-21T01:43:06.000Z","volume":2000,"label":"Y","price":5.99},{"type":"A","date":"2018-03-21T01:43:10.000Z","volume":1000,"label":" ","price":5.99},{"type":"B","date":"2018-03-21T01:43:14.000Z","volume":70000,"label":" ","price":5.96},{"type":"B","date":"2018-03-21T01:43:14.000Z","volume":5000,"label":" ","price":5.96},{"type":"B","date":"2018-03-21T01:43:14.000Z","volume":1500,"label":" ","price":5.96},{"type":"B","date":"2018-03-21T01:43:14.000Z","volume":1500,"label":" ","price":5.96},{"type":"U","date":"2018-03-21T01:43:14.000Z","volume":500,"label":" ","price":5.97},{"type":"B","date":"2018-03-21T01:43:15.000Z","volume":1500,"label":" ","price":5.96},{"type":"B","date":"2018-03-21T01:43:16.000Z","volume":1000,"label":" ","price":5.96},{"type":"B","date":"2018-03-21T01:43:27.000Z","volume":1000,"label":" ","price":5.96},{"type":"B","date":"2018-03-21T01:43:27.000Z","volume":500,"label":" ","price":5.96},{"type":"B","date":"2018-03-21T01:43:39.000Z","volume":1000,"label":" ","price":5.96},{"type":"B","date":"2018-03-21T01:43:39.000Z","volume":8000,"label":" ","price":5.95},{"type":"B","date":"2018-03-21T01:43:39.000Z","volume":500,"label":" ","price":5.95},{"type":"B","date":"2018-03-21T01:43:39.000Z","volume":500,"label":" ","price":5.95},{"type":"B","date":"2018-03-21T01:43:41.000Z","volume":500,"label":" ","price":5.94},{"type":"B","date":"2018-03-21T01:43:50.000Z","volume":4500,"label":" ","price":5.94},{"type":"B","date":"2018-03-21T01:43:52.000Z","volume":500,"label":" ","price":5.92},{"type":"U","date":"2018-03-21T01:46:12.000Z","volume":1500,"label":"X","price":5.93},{"type":"B","date":"2018-03-21T01:46:12.000Z","volume":500,"label":" ","price":5.93},{"type":"A","date":"2018-03-21T01:47:01.000Z","volume":500,"label":"Y","price":5.96},{"type":"A","date":"2018-03-21T01:47:01.000Z","volume":8000,"label":" ","price":5.96},{"type":"U","date":"2018-03-21T01:47:33.000Z","volume":1000,"label":"X","price":5.959},{"type":"A","date":"2018-03-21T01:48:14.000Z","volume":6500,"label":" ","price":5.96},{"type":"B","date":"2018-03-21T01:48:19.000Z","volume":1000,"label":" ","price":5.96},{"type":"A","date":"2018-03-21T01:48:26.000Z","volume":33000,"label":" ","price":5.97},{"type":"A","date":"2018-03-21T01:48:26.000Z","volume":500,"label":" ","price":5.97},{"type":"A","date":"2018-03-21T01:48:26.000Z","volume":500,"label":" ","price":5.98},{"type":"A","date":"2018-03-21T01:48:28.000Z","volume":3000,"label":" ","price":5.98},{"type":"A","date":"2018-03-21T01:48:36.000Z","volume":4500,"label":" ","price":5.98},{"type":"B","date":"2018-03-21T01:48:42.000Z","volume":2000,"label":" ","price":5.97},{"type":"U","date":"2018-03-21T01:48:55.000Z","volume":1500,"label":"X","price":5.97},{"type":"U","date":"2018-03-21T01:49:33.000Z","volume":500,"label":"X","price":5.97},{"type":"A","date":"2018-03-21T01:49:39.000Z","volume":43500,"label":" ","price":5.99},{"type":"A","date":"2018-03-21T01:49:39.000Z","volume":6500,"label":" ","price":5.99},{"type":"B","date":"2018-03-21T01:49:39.000Z","volume":500,"label":" ","price":5.99},{"type":"A","date":"2018-03-21T01:49:40.000Z","volume":1500,"label":" ","price":5.99},{"type":"B","date":"2018-03-21T01:49:41.000Z","volume":500,"label":"Y","price":5.98},{"type":"B","date":"2018-03-21T01:49:56.000Z","volume":50000,"label":" ","price":5.98},{"type":"B","date":"2018-03-21T01:49:58.000Z","volume":2500,"label":" ","price":5.98},{"type":"B","date":"2018-03-21T01:50:04.000Z","volume":14500,"label":" ","price":5.98},{"type":"B","date":"2018-03-21T01:50:06.000Z","volume":500,"label":"Y","price":5.98},{"type":"B","date":"2018-03-21T01:50:08.000Z","volume":500,"label":" ","price":5.97},{"type":"U","date":"2018-03-21T01:52:04.000Z","volume":500,"label":"X","price":5.97},{"type":"B","date":"2018-03-21T01:52:04.000Z","volume":2000,"label":" ","price":5.97},{"type":"A","date":"2018-03-21T01:52:53.000Z","volume":5500,"label":" ","price":5.99},{"type":"A","date":"2018-03-21T01:52:53.000Z","volume":9000,"label":" ","price":5.99},{"type":"B","date":"2018-03-21T01:52:53.000Z","volume":500,"label":" ","price":5.98},{"type":"A","date":"2018-03-21T01:52:57.000Z","volume":500,"label":" ","price":5.99},{"type":"U","date":"2018-03-21T01:52:57.000Z","volume":500,"label":" ","price":5.99},{"type":"U","date":"2018-03-21T01:52:57.000Z","volume":1500,"label":" ","price":5.99},{"type":"B","date":"2018-03-21T01:52:59.000Z","volume":500,"label":" ","price":5.98},{"type":"A","date":"2018-03-21T01:53:46.000Z","volume":2500,"label":" ","price":6},{"type":"A","date":"2018-03-21T01:54:09.000Z","volume":30000,"label":" ","price":6},{"type":"A","date":"2018-03-21T01:54:09.000Z","volume":1500,"label":" ","price":6},{"type":"A","date":"2018-03-21T01:54:09.000Z","volume":10500,"label":" ","price":6},{"type":"A","date":"2018-03-21T01:54:09.000Z","volume":2000,"label":" ","price":6},{"type":"A","date":"2018-03-21T01:54:24.000Z","volume":25000,"label":" ","price":6.01},{"type":"A","date":"2018-03-21T01:54:24.000Z","volume":25500,"label":" ","price":6.02},{"type":"A","date":"2018-03-21T01:54:24.000Z","volume":1000,"label":" ","price":6.01},{"type":"A","date":"2018-03-21T01:54:31.000Z","volume":7500,"label":" ","price":6.03},{"type":"U","date":"2018-03-21T01:54:48.000Z","volume":1500,"label":"X","price":6.01},{"type":"A","date":"2018-03-21T01:54:54.000Z","volume":20000,"label":" ","price":6.02},{"type":"A","date":"2018-03-21T01:54:54.000Z","volume":500,"label":"Y","price":6.02},{"type":"A","date":"2018-03-21T01:54:54.000Z","volume":3000,"label":" ","price":6.02},{"type":"B","date":"2018-03-21T01:54:55.000Z","volume":20000,"label":" ","price":6.01},{"type":"B","date":"2018-03-21T01:54:56.000Z","volume":500,"label":" ","price":6.01},{"type":"A","date":"2018-03-21T01:55:10.000Z","volume":4000,"label":" ","price":6.02},{"type":"A","date":"2018-03-21T01:55:17.000Z","volume":500,"label":" ","price":6.02},{"type":"A","date":"2018-03-21T01:55:17.000Z","volume":500,"label":" ","price":6.02},{"type":"A","date":"2018-03-21T01:55:17.000Z","volume":500,"label":" ","price":6.02},{"type":"A","date":"2018-03-21T01:55:41.000Z","volume":35000,"label":" ","price":6.03},{"type":"B","date":"2018-03-21T01:55:41.000Z","volume":1000,"label":" ","price":6.03},{"type":"B","date":"2018-03-21T01:55:41.000Z","volume":1500,"label":" ","price":6.03},{"type":"A","date":"2018-03-21T01:56:08.000Z","volume":27000,"label":" ","price":6.04},{"type":"A","date":"2018-03-21T01:56:12.000Z","volume":5000,"label":" ","price":6.05},{"type":"A","date":"2018-03-21T01:57:11.000Z","volume":5000,"label":" ","price":6.05},{"type":"B","date":"2018-03-21T01:57:25.000Z","volume":35000,"label":" ","price":6.04},{"type":"B","date":"2018-03-21T01:57:25.000Z","volume":500,"label":" ","price":6.04},{"type":"B","date":"2018-03-21T01:57:25.000Z","volume":1000,"label":" ","price":6.04},{"type":"B","date":"2018-03-21T01:57:25.000Z","volume":3000,"label":" ","price":6.04},{"type":"B","date":"2018-03-21T01:57:25.000Z","volume":7500,"label":" ","price":6.04},{"type":"B","date":"2018-03-21T01:57:25.000Z","volume":1500,"label":" ","price":6.04},{"type":"B","date":"2018-03-21T01:57:25.000Z","volume":500,"label":" ","price":6.04},{"type":"B","date":"2018-03-21T01:57:26.000Z","volume":2000,"label":" ","price":6.03},{"type":"B","date":"2018-03-21T01:57:30.000Z","volume":1000,"label":" ","price":6.03},{"type":"B","date":"2018-03-21T01:57:50.000Z","volume":10000,"label":" ","price":6.03},{"type":"B","date":"2018-03-21T01:57:50.000Z","volume":500,"label":" ","price":6.03},{"type":"B","date":"2018-03-21T01:57:50.000Z","volume":17000,"label":" ","price":6.03},{"type":"B","date":"2018-03-21T01:57:52.000Z","volume":500,"label":"Y","price":6.03},{"type":"B","date":"2018-03-21T01:57:52.000Z","volume":500,"label":" ","price":6.03},{"type":"B","date":"2018-03-21T01:58:04.000Z","volume":1500,"label":" ","price":6.03},{"type":"B","date":"2018-03-21T01:58:10.000Z","volume":1000,"label":" ","price":6.03},{"type":"B","date":"2018-03-21T01:58:18.000Z","volume":1000,"label":" ","price":6.03},{"type":"B","date":"2018-03-21T01:58:18.000Z","volume":500,"label":" ","price":6.03},{"type":"B","date":"2018-03-21T01:58:18.000Z","volume":500,"label":" ","price":6.03},{"type":"B","date":"2018-03-21T01:58:18.000Z","volume":500,"label":" ","price":6.03},{"type":"B","date":"2018-03-21T01:58:18.000Z","volume":500,"label":" ","price":6.02},{"type":"B","date":"2018-03-21T01:58:18.000Z","volume":500,"label":"Y","price":6.02},{"type":"U","date":"2018-03-21T01:59:33.000Z","volume":500,"label":"X","price":6.012},{"type":"A","date":"2018-03-21T02:00:11.000Z","volume":50000,"label":" ","price":6.03},{"type":"A","date":"2018-03-21T02:00:11.000Z","volume":13000,"label":" ","price":6.03},{"type":"A","date":"2018-03-21T02:00:11.000Z","volume":32500,"label":" ","price":6.04},{"type":"B","date":"2018-03-21T02:00:14.000Z","volume":1000,"label":" ","price":6.04},{"type":"B","date":"2018-03-21T02:00:17.000Z","volume":1000,"label":" ","price":6.04},{"type":"A","date":"2018-03-21T02:00:17.000Z","volume":50000,"label":" ","price":6.05},{"type":"B","date":"2018-03-21T02:00:19.000Z","volume":1500,"label":" ","price":6.04},{"type":"A","date":"2018-03-21T02:00:22.000Z","volume":50000,"label":" ","price":6.05},{"type":"B","date":"2018-03-21T02:00:23.000Z","volume":2500,"label":" ","price":6.04},{"type":"B","date":"2018-03-21T02:00:26.000Z","volume":1000,"label":" ","price":6.04},{"type":"B","date":"2018-03-21T02:00:31.000Z","volume":4500,"label":" ","price":6.04},{"type":"B","date":"2018-03-21T02:00:32.000Z","volume":500,"label":"Y","price":6.04},{"type":"B","date":"2018-03-21T02:00:32.000Z","volume":6000,"label":" ","price":6.04},{"type":"B","date":"2018-03-21T02:00:33.000Z","volume":500,"label":" ","price":6.04},{"type":"B","date":"2018-03-21T02:00:33.000Z","volume":1000,"label":"Y","price":6.04},{"type":"B","date":"2018-03-21T02:00:33.000Z","volume":3500,"label":" ","price":6.04},{"type":"B","date":"2018-03-21T02:00:36.000Z","volume":500,"label":" ","price":6.04},{"type":"B","date":"2018-03-21T02:00:37.000Z","volume":3500,"label":" ","price":6.04},{"type":"B","date":"2018-03-21T02:00:39.000Z","volume":500,"label":"Y","price":6.03},{"type":"A","date":"2018-03-21T02:01:11.000Z","volume":4000,"label":" ","price":6.04},{"type":"A","date":"2018-03-21T02:01:11.000Z","volume":8000,"label":" ","price":6.04},{"type":"B","date":"2018-03-21T02:01:11.000Z","volume":1500,"label":" ","price":6.03},{"type":"B","date":"2018-03-21T02:01:15.000Z","volume":1000,"label":" ","price":6.04},{"type":"A","date":"2018-03-21T02:01:31.000Z","volume":9000,"label":" ","price":6.05},{"type":"B","date":"2018-03-21T02:01:31.000Z","volume":500,"label":" ","price":6.04},{"type":"A","date":"2018-03-21T02:01:50.000Z","volume":10000,"label":" ","price":6.05},{"type":"A","date":"2018-03-21T02:01:50.000Z","volume":10000,"label":" ","price":6.05},{"type":"A","date":"2018-03-21T02:01:50.000Z","volume":10000,"label":" ","price":6.05},{"type":"A","date":"2018-03-21T02:01:50.000Z","volume":16000,"label":" ","price":6.05},{"type":"B","date":"2018-03-21T02:01:51.000Z","volume":500,"label":" ","price":6.05},{"type":"B","date":"2018-03-21T02:01:54.000Z","volume":500,"label":" ","price":6.05},{"type":"A","date":"2018-03-21T02:01:59.000Z","volume":3000,"label":" ","price":6.06},{"type":"A","date":"2018-03-21T02:01:59.000Z","volume":22000,"label":" ","price":6.06},{"type":"A","date":"2018-03-21T02:02:30.000Z","volume":5000,"label":" ","price":6.07},{"type":"A","date":"2018-03-21T02:02:32.000Z","volume":500,"label":" ","price":6.07},{"type":"A","date":"2018-03-21T02:02:32.000Z","volume":1000,"label":" ","price":6.07},{"type":"B","date":"2018-03-21T02:02:34.000Z","volume":500,"label":" ","price":6.06},{"type":"B","date":"2018-03-21T02:03:09.000Z","volume":1000,"label":" ","price":6.06},{"type":"U","date":"2018-03-21T02:04:33.000Z","volume":500,"label":"X","price":6.045},{"type":"B","date":"2018-03-21T02:05:02.000Z","volume":3500,"label":" ","price":6.06},{"type":"A","date":"2018-03-21T02:05:04.000Z","volume":500,"label":" ","price":6.07},{"type":"A","date":"2018-03-21T02:05:41.000Z","volume":48500,"label":" ","price":6.07},{"type":"B","date":"2018-03-21T02:05:41.000Z","volume":500,"label":" ","price":6.07},{"type":"A","date":"2018-03-21T02:05:41.000Z","volume":3500,"label":" ","price":6.08},{"type":"A","date":"2018-03-21T02:05:41.000Z","volume":5500,"label":" ","price":6.08},{"type":"B","date":"2018-03-21T02:05:43.000Z","volume":500,"label":" ","price":6.07},{"type":"B","date":"2018-03-21T02:05:44.000Z","volume":500,"label":" ","price":6.07},{"type":"A","date":"2018-03-21T02:05:59.000Z","volume":9000,"label":" ","price":6.08},{"type":"A","date":"2018-03-21T02:05:59.000Z","volume":1500,"label":" ","price":6.08},{"type":"A","date":"2018-03-21T02:05:59.000Z","volume":6000,"label":"Y","price":6.08},{"type":"A","date":"2018-03-21T02:05:59.000Z","volume":1500,"label":" ","price":6.08},{"type":"U","date":"2018-03-21T02:06:00.000Z","volume":1000,"label":"X","price":6.07},{"type":"B","date":"2018-03-21T02:06:00.000Z","volume":500,"label":" ","price":6.07},{"type":"A","date":"2018-03-21T02:06:00.000Z","volume":500,"label":"Y","price":6.08},{"type":"A","date":"2018-03-21T02:06:00.000Z","volume":1000,"label":" ","price":6.08},{"type":"B","date":"2018-03-21T02:06:00.000Z","volume":1000,"label":" ","price":6.07},{"type":"A","date":"2018-03-21T02:06:01.000Z","volume":3500,"label":" ","price":6.08},{"type":"A","date":"2018-03-21T02:06:05.000Z","volume":500,"label":" ","price":6.08},{"type":"A","date":"2018-03-21T02:06:11.000Z","volume":500,"label":" ","price":6.08},{"type":"A","date":"2018-03-21T02:06:11.000Z","volume":5000,"label":" ","price":6.08},{"type":"A","date":"2018-03-21T02:06:11.000Z","volume":5000,"label":" ","price":6.08},{"type":"A","date":"2018-03-21T02:06:11.000Z","volume":5000,"label":" ","price":6.08},{"type":"A","date":"2018-03-21T02:06:11.000Z","volume":5000,"label":" ","price":6.08},{"type":"A","date":"2018-03-21T02:06:11.000Z","volume":500,"label":"Y","price":6.08},{"type":"A","date":"2018-03-21T02:06:12.000Z","volume":1500,"label":" ","price":6.08},{"type":"B","date":"2018-03-21T02:06:12.000Z","volume":500,"label":" ","price":6.08},{"type":"A","date":"2018-03-21T02:06:12.000Z","volume":1500,"label":" ","price":6.09},{"type":"A","date":"2018-03-21T02:06:13.000Z","volume":4500,"label":" ","price":6.09},{"type":"A","date":"2018-03-21T02:06:13.000Z","volume":1000,"label":" ","price":6.09},{"type":"A","date":"2018-03-21T02:06:13.000Z","volume":1500,"label":" ","price":6.09},{"type":"B","date":"2018-03-21T02:06:14.000Z","volume":500,"label":" ","price":6.08},{"type":"A","date":"2018-03-21T02:06:15.000Z","volume":500,"label":" ","price":6.09},{"type":"B","date":"2018-03-21T02:06:55.000Z","volume":14000,"label":" ","price":6.08},{"type":"A","date":"2018-03-21T02:06:55.000Z","volume":1000,"label":" ","price":6.09},{"type":"A","date":"2018-03-21T02:06:57.000Z","volume":1500,"label":"Y","price":6.09},{"type":"B","date":"2018-03-21T02:06:57.000Z","volume":500,"label":"Y","price":6.08},{"type":"B","date":"2018-03-21T02:06:57.000Z","volume":500,"label":" ","price":6.08},{"type":"B","date":"2018-03-21T02:06:57.000Z","volume":500,"label":" ","price":6.08},{"type":"A","date":"2018-03-21T02:06:58.000Z","volume":1000,"label":" ","price":6.09},{"type":"B","date":"2018-03-21T02:07:03.000Z","volume":4000,"label":" ","price":6.08},{"type":"B","date":"2018-03-21T02:07:03.000Z","volume":500,"label":" ","price":6.08},{"type":"A","date":"2018-03-21T02:07:12.000Z","volume":500,"label":"Y","price":6.09},{"type":"B","date":"2018-03-21T02:07:34.000Z","volume":3500,"label":" ","price":6.08},{"type":"B","date":"2018-03-21T02:07:36.000Z","volume":500,"label":" ","price":6.07},{"type":"B","date":"2018-03-21T02:08:29.000Z","volume":1500,"label":" ","price":6.08},{"type":"A","date":"2018-03-21T02:08:31.000Z","volume":500,"label":" ","price":6.09},{"type":"A","date":"2018-03-21T02:08:43.000Z","volume":500,"label":" ","price":6.09},{"type":"B","date":"2018-03-21T02:09:27.000Z","volume":9000,"label":" ","price":6.08},{"type":"A","date":"2018-03-21T02:09:27.000Z","volume":500,"label":" ","price":6.09},{"type":"A","date":"2018-03-21T02:09:29.000Z","volume":1000,"label":" ","price":6.09},{"type":"A","date":"2018-03-21T02:09:29.000Z","volume":1000,"label":" ","price":6.09},{"type":"B","date":"2018-03-21T02:09:29.000Z","volume":1000,"label":" ","price":6.08},{"type":"B","date":"2018-03-21T02:10:26.000Z","volume":2000,"label":" ","price":6.08},{"type":"A","date":"2018-03-21T02:10:30.000Z","volume":500,"label":" ","price":6.09},{"type":"B","date":"2018-03-21T02:10:30.000Z","volume":500,"label":" ","price":6.08},{"type":"A","date":"2018-03-21T02:10:31.000Z","volume":500,"label":" ","price":6.09},{"type":"A","date":"2018-03-21T02:10:47.000Z","volume":1000,"label":" ","price":6.09},{"type":"B","date":"2018-03-21T02:10:47.000Z","volume":1000,"label":" ","price":6.08},{"type":"A","date":"2018-03-21T02:10:50.000Z","volume":5000,"label":" ","price":6.09},{"type":"A","date":"2018-03-21T02:10:50.000Z","volume":500,"label":" ","price":6.09},{"type":"A","date":"2018-03-21T02:10:52.000Z","volume":1500,"label":" ","price":6.09},{"type":"B","date":"2018-03-21T02:11:05.000Z","volume":45000,"label":" ","price":6.08},{"type":"A","date":"2018-03-21T02:11:05.000Z","volume":2000,"label":" ","price":6.08},{"type":"A","date":"2018-03-21T02:11:05.000Z","volume":1500,"label":" ","price":6.08},{"type":"A","date":"2018-03-21T02:11:05.000Z","volume":1000,"label":" ","price":6.08},{"type":"A","date":"2018-03-21T02:11:05.000Z","volume":6500,"label":" ","price":6.08},{"type":"B","date":"2018-03-21T02:11:05.000Z","volume":3500,"label":" ","price":6.07},{"type":"A","date":"2018-03-21T02:11:06.000Z","volume":2000,"label":" ","price":6.08},{"type":"B","date":"2018-03-21T02:11:07.000Z","volume":3500,"label":" ","price":6.07},{"type":"A","date":"2018-03-21T02:11:08.000Z","volume":1000,"label":" ","price":6.08},{"type":"A","date":"2018-03-21T02:11:15.000Z","volume":1000,"label":" ","price":6.08},{"type":"A","date":"2018-03-21T02:11:32.000Z","volume":5000,"label":" ","price":6.08},{"type":"A","date":"2018-03-21T02:11:34.000Z","volume":1000,"label":" ","price":6.08},{"type":"A","date":"2018-03-21T02:11:46.000Z","volume":1000,"label":" ","price":6.08},{"type":"A","date":"2018-03-21T02:11:48.000Z","volume":12000,"label":" ","price":6.08},{"type":"A","date":"2018-03-21T02:11:49.000Z","volume":2000,"label":" ","price":6.09},{"type":"A","date":"2018-03-21T02:11:50.000Z","volume":1000,"label":" ","price":6.09},{"type":"A","date":"2018-03-21T02:12:01.000Z","volume":2500,"label":" ","price":6.09},{"type":"A","date":"2018-03-21T02:12:03.000Z","volume":1000,"label":" ","price":6.09},{"type":"A","date":"2018-03-21T02:12:03.000Z","volume":500,"label":" ","price":6.09},{"type":"B","date":"2018-03-21T02:12:26.000Z","volume":10000,"label":" ","price":6.08},{"type":"B","date":"2018-03-21T02:12:26.000Z","volume":500,"label":" ","price":6.08},{"type":"B","date":"2018-03-21T02:12:38.000Z","volume":5000,"label":" ","price":6.08},{"type":"B","date":"2018-03-21T02:12:40.000Z","volume":500,"label":" ","price":6.08},{"type":"A","date":"2018-03-21T02:12:46.000Z","volume":10000,"label":" ","price":6.09},{"type":"B","date":"2018-03-21T02:12:47.000Z","volume":500,"label":"Y","price":6.08},{"type":"A","date":"2018-03-21T02:12:47.000Z","volume":2000,"label":" ","price":6.09},{"type":"B","date":"2018-03-21T02:12:47.000Z","volume":500,"label":" ","price":6.08},{"type":"A","date":"2018-03-21T02:12:48.000Z","volume":2500,"label":" ","price":6.09},{"type":"A","date":"2018-03-21T02:13:02.000Z","volume":500,"label":" ","price":6.09},{"type":"A","date":"2018-03-21T02:13:52.000Z","volume":10000,"label":" ","price":6.09},{"type":"B","date":"2018-03-21T02:13:52.000Z","volume":500,"label":" ","price":6.08},{"type":"U","date":"2018-03-21T02:13:52.000Z","volume":500,"label":"X","price":6.08},{"type":"B","date":"2018-03-21T02:13:52.000Z","volume":3000,"label":" ","price":6.08},{"type":"A","date":"2018-03-21T02:13:53.000Z","volume":2000,"label":" ","price":6.09},{"type":"B","date":"2018-03-21T02:13:54.000Z","volume":500,"label":" ","price":6.08},{"type":"A","date":"2018-03-21T02:13:54.000Z","volume":500,"label":" ","price":6.09},{"type":"B","date":"2018-03-21T02:13:57.000Z","volume":48000,"label":" ","price":6.08},{"type":"A","date":"2018-03-21T02:13:57.000Z","volume":3000,"label":" ","price":6.08},{"type":"A","date":"2018-03-21T02:13:57.000Z","volume":7000,"label":" ","price":6.08},{"type":"B","date":"2018-03-21T02:13:58.000Z","volume":3000,"label":" ","price":6.07},{"type":"A","date":"2018-03-21T02:13:59.000Z","volume":3500,"label":" ","price":6.08},{"type":"A","date":"2018-03-21T02:14:02.000Z","volume":3000,"label":" ","price":6.08},{"type":"A","date":"2018-03-21T02:14:02.000Z","volume":3500,"label":" ","price":6.08},{"type":"A","date":"2018-03-21T02:14:03.000Z","volume":1000,"label":" ","price":6.08},{"type":"A","date":"2018-03-21T02:14:03.000Z","volume":3500,"label":"Y","price":6.09},{"type":"A","date":"2018-03-21T02:14:03.000Z","volume":500,"label":" ","price":6.09},{"type":"B","date":"2018-03-21T02:14:04.000Z","volume":500,"label":" ","price":6.07},{"type":"A","date":"2018-03-21T02:14:04.000Z","volume":1000,"label":" ","price":6.09},{"type":"A","date":"2018-03-21T02:14:05.000Z","volume":1000,"label":" ","price":6.09},{"type":"A","date":"2018-03-21T02:14:05.000Z","volume":500,"label":" ","price":6.09},{"type":"B","date":"2018-03-21T02:14:12.000Z","volume":1500,"label":" ","price":6.08},{"type":"B","date":"2018-03-21T02:14:12.000Z","volume":500,"label":" ","price":6.07},{"type":"U","date":"2018-03-21T02:14:33.000Z","volume":500,"label":"X","price":6.08},{"type":"A","date":"2018-03-21T02:14:52.000Z","volume":4500,"label":" ","price":6.08},{"type":"A","date":"2018-03-21T02:14:54.000Z","volume":1000,"label":" ","price":6.08},{"type":"A","date":"2018-03-21T02:15:04.000Z","volume":1000,"label":" ","price":6.08},{"type":"A","date":"2018-03-21T02:15:25.000Z","volume":10000,"label":"Y","price":6.08},{"type":"B","date":"2018-03-21T02:15:27.000Z","volume":500,"label":" ","price":6.07},{"type":"A","date":"2018-03-21T02:15:27.000Z","volume":2000,"label":" ","price":6.08},{"type":"A","date":"2018-03-21T02:15:29.000Z","volume":1500,"label":" ","price":6.08},{"type":"A","date":"2018-03-21T02:15:34.000Z","volume":2000,"label":"Y","price":6.08},{"type":"A","date":"2018-03-21T02:15:34.000Z","volume":500,"label":" ","price":6.08},{"type":"A","date":"2018-03-21T02:15:36.000Z","volume":1000,"label":" ","price":6.08},{"type":"A","date":"2018-03-21T02:15:56.000Z","volume":233000,"label":" ","price":6.08},{"type":"A","date":"2018-03-21T02:15:56.000Z","volume":23000,"label":" ","price":6.09},{"type":"B","date":"2018-03-21T02:15:56.000Z","volume":9500,"label":" ","price":6.08},{"type":"B","date":"2018-03-21T02:15:56.000Z","volume":500,"label":" ","price":6.08},{"type":"B","date":"2018-03-21T02:15:57.000Z","volume":500,"label":" ","price":6.08},{"type":"A","date":"2018-03-21T02:15:58.000Z","volume":47000,"label":" ","price":6.1},{"type":"A","date":"2018-03-21T02:15:59.000Z","volume":500,"label":" ","price":6.1},{"type":"B","date":"2018-03-21T02:15:59.000Z","volume":1000,"label":" ","price":6.09},{"type":"A","date":"2018-03-21T02:15:59.000Z","volume":11500,"label":" ","price":6.1},{"type":"A","date":"2018-03-21T02:15:59.000Z","volume":45000,"label":" ","price":6.1},{"type":"B","date":"2018-03-21T02:16:00.000Z","volume":1000,"label":" ","price":6.09},{"type":"A","date":"2018-03-21T02:16:01.000Z","volume":10500,"label":" ","price":6.1},{"type":"B","date":"2018-03-21T02:16:02.000Z","volume":1000,"label":" ","price":6.09},{"type":"A","date":"2018-03-21T02:16:04.000Z","volume":1500,"label":" ","price":6.1},{"type":"B","date":"2018-03-21T02:16:21.000Z","volume":500,"label":" ","price":6.09},{"type":"B","date":"2018-03-21T02:16:26.000Z","volume":500,"label":" ","price":6.09},{"type":"B","date":"2018-03-21T02:16:26.000Z","volume":15000,"label":" ","price":6.09},{"type":"A","date":"2018-03-21T02:16:28.000Z","volume":2500,"label":" ","price":6.1},{"type":"B","date":"2018-03-21T02:16:31.000Z","volume":38000,"label":" ","price":6.09},{"type":"A","date":"2018-03-21T02:16:31.000Z","volume":8000,"label":" ","price":6.09},{"type":"A","date":"2018-03-21T02:16:31.000Z","volume":1000,"label":" ","price":6.09},{"type":"A","date":"2018-03-21T02:16:31.000Z","volume":500,"label":" ","price":6.09},{"type":"A","date":"2018-03-21T02:16:31.000Z","volume":2500,"label":" ","price":6.09},{"type":"A","date":"2018-03-21T02:16:31.000Z","volume":2000,"label":" ","price":6.09},{"type":"A","date":"2018-03-21T02:16:32.000Z","volume":1500,"label":" ","price":6.09},{"type":"A","date":"2018-03-21T02:16:33.000Z","volume":1000,"label":" ","price":6.09},{"type":"A","date":"2018-03-21T02:16:35.000Z","volume":1500,"label":" ","price":6.09},{"type":"A","date":"2018-03-21T02:16:37.000Z","volume":500,"label":" ","price":6.09},{"type":"B","date":"2018-03-21T02:16:38.000Z","volume":500,"label":" ","price":6.08},{"type":"B","date":"2018-03-21T02:18:09.000Z","volume":500,"label":" ","price":6.08},{"type":"U","date":"2018-03-21T02:19:33.000Z","volume":500,"label":"X","price":6.08},{"type":"B","date":"2018-03-21T02:19:33.000Z","volume":2000,"label":" ","price":6.08},{"type":"A","date":"2018-03-21T02:19:34.000Z","volume":500,"label":" ","price":6.09},{"type":"A","date":"2018-03-21T02:19:53.000Z","volume":5000,"label":" ","price":6.09},{"type":"U","date":"2018-03-21T02:19:54.000Z","volume":500,"label":"X","price":6.087},{"type":"A","date":"2018-03-21T02:19:55.000Z","volume":1000,"label":" ","price":6.09},{"type":"A","date":"2018-03-21T02:20:08.000Z","volume":1500,"label":" ","price":6.09},{"type":"A","date":"2018-03-21T02:20:20.000Z","volume":10000,"label":" ","price":6.09},{"type":"A","date":"2018-03-21T02:20:20.000Z","volume":10000,"label":" ","price":6.09},{"type":"A","date":"2018-03-21T02:20:20.000Z","volume":10000,"label":" ","price":6.09},{"type":"A","date":"2018-03-21T02:20:20.000Z","volume":10000,"label":" ","price":6.09},{"type":"A","date":"2018-03-21T02:20:21.000Z","volume":7000,"label":" ","price":6.09},{"type":"B","date":"2018-03-21T02:20:23.000Z","volume":500,"label":"Y","price":6.09},{"type":"B","date":"2018-03-21T02:20:23.000Z","volume":500,"label":" ","price":6.09},{"type":"A","date":"2018-03-21T02:20:23.000Z","volume":500,"label":"Y","price":6.1},{"type":"A","date":"2018-03-21T02:20:23.000Z","volume":7500,"label":" ","price":6.1},{"type":"B","date":"2018-03-21T02:20:24.000Z","volume":500,"label":" ","price":6.09},{"type":"A","date":"2018-03-21T02:20:24.000Z","volume":3500,"label":" ","price":6.1},{"type":"A","date":"2018-03-21T02:20:25.000Z","volume":2500,"label":" ","price":6.1},{"type":"B","date":"2018-03-21T02:20:26.000Z","volume":500,"label":" ","price":6.09},{"type":"B","date":"2018-03-21T02:20:26.000Z","volume":2500,"label":"Y","price":6.09},{"type":"B","date":"2018-03-21T02:20:26.000Z","volume":1000,"label":" ","price":6.09},{"type":"B","date":"2018-03-21T02:20:32.000Z","volume":1000,"label":"Y","price":6.09},{"type":"B","date":"2018-03-21T02:20:32.000Z","volume":1000,"label":" ","price":6.09},{"type":"A","date":"2018-03-21T02:20:33.000Z","volume":500,"label":" ","price":6.1},{"type":"B","date":"2018-03-21T02:20:50.000Z","volume":500,"label":" ","price":6.09},{"type":"U","date":"2018-03-21T02:22:07.000Z","volume":1000,"label":"X","price":6.09},{"type":"B","date":"2018-03-21T02:22:36.000Z","volume":20000,"label":" ","price":6.09},{"type":"A","date":"2018-03-21T02:22:37.000Z","volume":3000,"label":" ","price":6.1},{"type":"B","date":"2018-03-21T02:22:38.000Z","volume":1500,"label":" ","price":6.09},{"type":"B","date":"2018-03-21T02:22:39.000Z","volume":500,"label":" ","price":6.09},{"type":"A","date":"2018-03-21T02:22:40.000Z","volume":4000,"label":" ","price":6.1},{"type":"A","date":"2018-03-21T02:22:42.000Z","volume":1000,"label":" ","price":6.1},{"type":"B","date":"2018-03-21T02:23:01.000Z","volume":7000,"label":" ","price":6.09},{"type":"B","date":"2018-03-21T02:23:01.000Z","volume":500,"label":" ","price":6.09},{"type":"A","date":"2018-03-21T02:23:03.000Z","volume":1500,"label":" ","price":6.1},{"type":"A","date":"2018-03-21T02:23:10.000Z","volume":1500,"label":" ","price":6.1},{"type":"A","date":"2018-03-21T02:24:07.000Z","volume":20000,"label":" ","price":6.1},{"type":"B","date":"2018-03-21T02:24:07.000Z","volume":1000,"label":" ","price":6.09},{"type":"A","date":"2018-03-21T02:24:09.000Z","volume":4000,"label":" ","price":6.1},{"type":"B","date":"2018-03-21T02:24:09.000Z","volume":500,"label":" ","price":6.09},{"type":"A","date":"2018-03-21T02:24:11.000Z","volume":5000,"label":" ","price":6.1},{"type":"A","date":"2018-03-21T02:24:13.000Z","volume":1000,"label":" ","price":6.1},{"type":"B","date":"2018-03-21T02:25:14.000Z","volume":2000,"label":" ","price":6.09},{"type":"U","date":"2018-03-21T02:25:15.000Z","volume":1500,"label":"X","price":6.09},{"type":"A","date":"2018-03-21T02:26:20.000Z","volume":1000,"label":" ","price":6.1},{"type":"A","date":"2018-03-21T02:27:24.000Z","volume":500,"label":" ","price":6.1},{"type":"A","date":"2018-03-21T02:27:29.000Z","volume":500,"label":" ","price":6.1},{"type":"B","date":"2018-03-21T02:27:30.000Z","volume":500,"label":" ","price":6.09},{"type":"A","date":"2018-03-21T02:27:31.000Z","volume":500,"label":" ","price":6.1},{"type":"U","date":"2018-03-21T02:27:53.000Z","volume":1500,"label":"X","price":6.09},{"type":"B","date":"2018-03-21T02:27:53.000Z","volume":1500,"label":" ","price":6.09},{"type":"A","date":"2018-03-21T02:27:59.000Z","volume":500,"label":" ","price":6.1},{"type":"A","date":"2018-03-21T02:28:01.000Z","volume":500,"label":" ","price":6.1},{"type":"A","date":"2018-03-21T02:28:27.000Z","volume":500,"label":" ","price":6.1},{"type":"B","date":"2018-03-21T02:28:51.000Z","volume":10000,"label":" ","price":6.09},{"type":"B","date":"2018-03-21T02:28:53.000Z","volume":500,"label":"Y","price":6.09},{"type":"A","date":"2018-03-21T02:28:53.000Z","volume":2000,"label":" ","price":6.1},{"type":"B","date":"2018-03-21T02:28:54.000Z","volume":500,"label":" ","price":6.09},{"type":"B","date":"2018-03-21T02:28:54.000Z","volume":20000,"label":" ","price":6.09},{"type":"B","date":"2018-03-21T02:28:54.000Z","volume":13500,"label":" ","price":6.09},{"type":"B","date":"2018-03-21T02:28:54.000Z","volume":500,"label":" ","price":6.09},{"type":"B","date":"2018-03-21T02:28:56.000Z","volume":1500,"label":" ","price":6.09},{"type":"B","date":"2018-03-21T02:28:56.000Z","volume":500,"label":" ","price":6.09},{"type":"B","date":"2018-03-21T02:28:57.000Z","volume":500,"label":" ","price":6.09},{"type":"A","date":"2018-03-21T02:28:58.000Z","volume":500,"label":" ","price":6.1},{"type":"A","date":"2018-03-21T02:29:00.000Z","volume":6000,"label":" ","price":6.1},{"type":"A","date":"2018-03-21T02:29:02.000Z","volume":1000,"label":" ","price":6.1},{"type":"A","date":"2018-03-21T02:29:46.000Z","volume":30000,"label":" ","price":6.1},{"type":"A","date":"2018-03-21T02:29:48.000Z","volume":5500,"label":" ","price":6.1},{"type":"B","date":"2018-03-21T02:29:52.000Z","volume":1000,"label":" ","price":6.09},{"type":"B","date":"2018-03-21T02:29:52.000Z","volume":500,"label":"Y","price":6.09},{"type":"B","date":"2018-03-21T02:29:52.000Z","volume":12500,"label":" ","price":6.09},{"type":"A","date":"2018-03-21T02:29:54.000Z","volume":1000,"label":" ","price":6.1},{"type":"U","date":"2018-03-21T02:29:58.000Z","volume":500,"label":"X","price":6.094},{"type":"A","date":"2018-03-21T02:30:01.000Z","volume":2000,"label":" ","price":6.1},{"type":"A","date":"2018-03-21T02:30:03.000Z","volume":500,"label":" ","price":6.1},{"type":"B","date":"2018-03-21T02:30:12.000Z","volume":10000,"label":" ","price":6.09},{"type":"A","date":"2018-03-21T02:30:12.000Z","volume":500,"label":" ","price":6.1},{"type":"A","date":"2018-03-21T02:30:13.000Z","volume":2000,"label":" ","price":6.1},{"type":"B","date":"2018-03-21T02:30:15.000Z","volume":500,"label":" ","price":6.09},{"type":"A","date":"2018-03-21T02:30:16.000Z","volume":2500,"label":" ","price":6.1},{"type":"B","date":"2018-03-21T02:30:52.000Z","volume":500,"label":" ","price":6.09},{"type":"B","date":"2018-03-21T02:30:53.000Z","volume":3000,"label":" ","price":6.09},{"type":"A","date":"2018-03-21T02:30:54.000Z","volume":1000,"label":" ","price":6.1},{"type":"A","date":"2018-03-21T02:31:02.000Z","volume":1000,"label":" ","price":6.1},{"type":"B","date":"2018-03-21T02:31:35.000Z","volume":20000,"label":" ","price":6.09},{"type":"B","date":"2018-03-21T02:31:35.000Z","volume":3500,"label":" ","price":6.09},{"type":"B","date":"2018-03-21T02:31:37.000Z","volume":500,"label":" ","price":6.09},{"type":"A","date":"2018-03-21T02:31:48.000Z","volume":2500,"label":" ","price":6.1},{"type":"A","date":"2018-03-21T02:31:49.000Z","volume":1000,"label":" ","price":6.1},{"type":"B","date":"2018-03-21T02:31:51.000Z","volume":500,"label":" ","price":6.09},{"type":"B","date":"2018-03-21T02:31:53.000Z","volume":20000,"label":" ","price":6.09},{"type":"B","date":"2018-03-21T02:31:53.000Z","volume":1500,"label":" ","price":6.09},{"type":"B","date":"2018-03-21T02:31:54.000Z","volume":500,"label":" ","price":6.09},{"type":"A","date":"2018-03-21T02:31:55.000Z","volume":4000,"label":" ","price":6.1},{"type":"A","date":"2018-03-21T02:31:57.000Z","volume":500,"label":" ","price":6.1},{"type":"A","date":"2018-03-21T02:32:03.000Z","volume":5000,"label":" ","price":6.1},{"type":"A","date":"2018-03-21T02:32:05.000Z","volume":1000,"label":" ","price":6.1},{"type":"B","date":"2018-03-21T02:32:28.000Z","volume":10000,"label":" ","price":6.09},{"type":"B","date":"2018-03-21T02:32:28.000Z","volume":2000,"label":" ","price":6.09},{"type":"A","date":"2018-03-21T02:32:29.000Z","volume":2000,"label":" ","price":6.1},{"type":"A","date":"2018-03-21T02:32:33.000Z","volume":2500,"label":" ","price":6.1},{"type":"B","date":"2018-03-21T02:33:14.000Z","volume":500,"label":" ","price":6.09},{"type":"A","date":"2018-03-21T02:33:15.000Z","volume":40000,"label":" ","price":6.1},{"type":"A","date":"2018-03-21T02:33:15.000Z","volume":8000,"label":"Y","price":6.1},{"type":"A","date":"2018-03-21T02:33:15.000Z","volume":304000,"label":" ","price":6.1},{"type":"A","date":"2018-03-21T02:33:17.000Z","volume":40000,"label":" ","price":6.11},{"type":"A","date":"2018-03-21T02:33:17.000Z","volume":10000,"label":" ","price":6.11},{"type":"A","date":"2018-03-21T02:33:17.000Z","volume":19000,"label":" ","price":6.11},{"type":"A","date":"2018-03-21T02:33:28.000Z","volume":95000,"label":" ","price":6.12},{"type":"B","date":"2018-03-21T02:33:28.000Z","volume":2000,"label":" ","price":6.12},{"type":"B","date":"2018-03-21T02:33:28.000Z","volume":5500,"label":" ","price":6.12},{"type":"B","date":"2018-03-21T02:33:50.000Z","volume":500,"label":" ","price":6.11},{"type":"B","date":"2018-03-21T02:34:15.000Z","volume":8500,"label":" ","price":6.11},{"type":"B","date":"2018-03-21T02:34:20.000Z","volume":3000,"label":"Y","price":6.11},{"type":"B","date":"2018-03-21T02:34:20.000Z","volume":5500,"label":" ","price":6.11},{"type":"B","date":"2018-03-21T02:34:20.000Z","volume":2500,"label":" ","price":6.11},{"type":"B","date":"2018-03-21T02:34:23.000Z","volume":1000,"label":" ","price":6.11},{"type":"U","date":"2018-03-21T02:34:25.000Z","volume":1000,"label":"X","price":6.11},{"type":"U","date":"2018-03-21T02:34:58.000Z","volume":500,"label":"X","price":6.103},{"type":"A","date":"2018-03-21T02:35:22.000Z","volume":13000,"label":" ","price":6.11},{"type":"B","date":"2018-03-21T02:36:18.000Z","volume":5000,"label":" ","price":6.1},{"type":"B","date":"2018-03-21T02:36:26.000Z","volume":2500,"label":" ","price":6.1},{"type":"B","date":"2018-03-21T02:36:33.000Z","volume":15500,"label":" ","price":6.1},{"type":"A","date":"2018-03-21T02:36:42.000Z","volume":57000,"label":" ","price":6.11},{"type":"B","date":"2018-03-21T02:36:42.000Z","volume":1500,"label":" ","price":6.11},{"type":"A","date":"2018-03-21T02:36:46.000Z","volume":500,"label":" ","price":6.12},{"type":"A","date":"2018-03-21T02:36:58.000Z","volume":40000,"label":" ","price":6.12},{"type":"B","date":"2018-03-21T02:37:27.000Z","volume":500,"label":" ","price":6.12},{"type":"B","date":"2018-03-21T02:37:32.000Z","volume":7000,"label":" ","price":6.12},{"type":"B","date":"2018-03-21T02:37:38.000Z","volume":1000,"label":" ","price":6.12},{"type":"B","date":"2018-03-21T02:39:53.000Z","volume":1000,"label":" ","price":6.12},{"type":"U","date":"2018-03-21T02:41:52.000Z","volume":500,"label":"X","price":6.12},{"type":"A","date":"2018-03-21T02:42:33.000Z","volume":500,"label":" ","price":6.13},{"type":"B","date":"2018-03-21T02:42:35.000Z","volume":500,"label":" ","price":6.12},{"type":"A","date":"2018-03-21T02:43:07.000Z","volume":20000,"label":"Y","price":6.13},{"type":"A","date":"2018-03-21T02:43:07.000Z","volume":78500,"label":" ","price":6.13},{"type":"A","date":"2018-03-21T02:43:07.000Z","volume":66000,"label":" ","price":6.13},{"type":"A","date":"2018-03-21T02:43:07.000Z","volume":500,"label":" ","price":6.14},{"type":"A","date":"2018-03-21T02:43:36.000Z","volume":1500,"label":" ","price":6.13},{"type":"A","date":"2018-03-21T02:43:36.000Z","volume":8000,"label":" ","price":6.13},{"type":"A","date":"2018-03-21T02:44:03.000Z","volume":40500,"label":" ","price":6.13},{"type":"B","date":"2018-03-21T02:44:04.000Z","volume":1000,"label":" ","price":6.12},{"type":"A","date":"2018-03-21T02:44:37.000Z","volume":500,"label":"Y","price":6.13},{"type":"U","date":"2018-03-21T02:44:58.000Z","volume":500,"label":"X","price":6.123},{"type":"A","date":"2018-03-21T02:45:45.000Z","volume":34000,"label":" ","price":6.13},{"type":"A","date":"2018-03-21T02:45:45.000Z","volume":500,"label":" ","price":6.13},{"type":"B","date":"2018-03-21T02:45:47.000Z","volume":5500,"label":" ","price":6.12},{"type":"B","date":"2018-03-21T02:45:49.000Z","volume":500,"label":" ","price":6.12},{"type":"A","date":"2018-03-21T02:47:13.000Z","volume":79500,"label":" ","price":6.13},{"type":"A","date":"2018-03-21T02:47:13.000Z","volume":500,"label":" ","price":6.14},{"type":"B","date":"2018-03-21T02:47:15.000Z","volume":500,"label":" ","price":6.13},{"type":"B","date":"2018-03-21T02:47:28.000Z","volume":7000,"label":" ","price":6.13},{"type":"B","date":"2018-03-21T02:47:31.000Z","volume":1500,"label":" ","price":6.12},{"type":"U","date":"2018-03-21T02:49:42.000Z","volume":1000,"label":"X","price":6.12},{"type":"A","date":"2018-03-21T02:49:43.000Z","volume":8500,"label":" ","price":6.13},{"type":"U","date":"2018-03-21T02:49:58.000Z","volume":500,"label":"X","price":6.129},{"type":"A","date":"2018-03-21T02:50:28.000Z","volume":500,"label":" ","price":6.13},{"type":"B","date":"2018-03-21T02:50:47.000Z","volume":500,"label":" ","price":6.12},{"type":"B","date":"2018-03-21T02:51:06.000Z","volume":30000,"label":" ","price":6.12},{"type":"B","date":"2018-03-21T02:51:08.000Z","volume":500,"label":"Y","price":6.12},{"type":"B","date":"2018-03-21T02:51:08.000Z","volume":6500,"label":" ","price":6.12},{"type":"A","date":"2018-03-21T02:52:13.000Z","volume":64500,"label":" ","price":6.13},{"type":"B","date":"2018-03-21T02:52:13.000Z","volume":15000,"label":" ","price":6.12},{"type":"B","date":"2018-03-21T02:52:19.000Z","volume":1000,"label":" ","price":6.12},{"type":"B","date":"2018-03-21T02:52:21.000Z","volume":500,"label":" ","price":6.12},{"type":"U","date":"2018-03-21T02:52:25.000Z","volume":1500,"label":"X","price":6.12},{"type":"A","date":"2018-03-21T02:52:37.000Z","volume":1500,"label":" ","price":6.13},{"type":"A","date":"2018-03-21T02:52:50.000Z","volume":41000,"label":" ","price":6.13},{"type":"B","date":"2018-03-21T02:52:50.000Z","volume":6000,"label":" ","price":6.12},{"type":"B","date":"2018-03-21T02:52:52.000Z","volume":4000,"label":" ","price":6.12},{"type":"A","date":"2018-03-21T02:53:08.000Z","volume":13000,"label":" ","price":6.13},{"type":"B","date":"2018-03-21T02:53:08.000Z","volume":2000,"label":" ","price":6.12},{"type":"B","date":"2018-03-21T02:53:10.000Z","volume":1000,"label":" ","price":6.12},{"type":"A","date":"2018-03-21T02:53:29.000Z","volume":8000,"label":" ","price":6.13},{"type":"B","date":"2018-03-21T02:53:31.000Z","volume":2000,"label":" ","price":6.12},{"type":"A","date":"2018-03-21T02:53:49.000Z","volume":13000,"label":" ","price":6.13},{"type":"A","date":"2018-03-21T02:53:49.000Z","volume":41000,"label":" ","price":6.13},{"type":"B","date":"2018-03-21T02:54:05.000Z","volume":1500,"label":"Y","price":6.13},{"type":"B","date":"2018-03-21T02:54:05.000Z","volume":3500,"label":" ","price":6.13},{"type":"B","date":"2018-03-21T02:54:07.000Z","volume":500,"label":" ","price":6.13},{"type":"B","date":"2018-03-21T02:54:18.000Z","volume":1500,"label":" ","price":6.13},{"type":"B","date":"2018-03-21T02:54:18.000Z","volume":3000,"label":" ","price":6.12},{"type":"A","date":"2018-03-21T02:54:18.000Z","volume":500,"label":" ","price":6.13},{"type":"B","date":"2018-03-21T02:54:20.000Z","volume":500,"label":" ","price":6.12},{"type":"U","date":"2018-03-21T02:54:33.000Z","volume":274,"label":"D","price":6.07},{"type":"A","date":"2018-03-21T02:54:38.000Z","volume":31500,"label":" ","price":6.13},{"type":"B","date":"2018-03-21T02:54:54.000Z","volume":1500,"label":" ","price":6.13},{"type":"B","date":"2018-03-21T02:54:54.000Z","volume":500,"label":" ","price":6.13},{"type":"B","date":"2018-03-21T02:57:13.000Z","volume":2000,"label":" ","price":6.13},{"type":"B","date":"2018-03-21T02:57:13.000Z","volume":500,"label":" ","price":6.13},{"type":"B","date":"2018-03-21T02:57:16.000Z","volume":500,"label":" ","price":6.13},{"type":"B","date":"2018-03-21T02:58:03.000Z","volume":7000,"label":" ","price":6.13},{"type":"B","date":"2018-03-21T02:58:03.000Z","volume":2000,"label":" ","price":6.13},{"type":"B","date":"2018-03-21T02:58:03.000Z","volume":500,"label":" ","price":6.13},{"type":"B","date":"2018-03-21T02:58:09.000Z","volume":500,"label":" ","price":6.13},{"type":"B","date":"2018-03-21T02:58:30.000Z","volume":100000,"label":" ","price":6.13},{"type":"B","date":"2018-03-21T02:58:30.000Z","volume":1000,"label":" ","price":6.13},{"type":"B","date":"2018-03-21T02:58:30.000Z","volume":500,"label":"Y","price":6.13},{"type":"A","date":"2018-03-21T02:58:30.000Z","volume":1000,"label":" ","price":6.13},{"type":"B","date":"2018-03-21T02:58:32.000Z","volume":23000,"label":" ","price":6.12},{"type":"U","date":"2018-03-21T02:59:58.000Z","volume":500,"label":"X","price":6.128},{"type":"B","date":"2018-03-21T03:00:12.000Z","volume":5000,"label":" ","price":6.12},{"type":"B","date":"2018-03-21T03:00:12.000Z","volume":1000,"label":" ","price":6.12},{"type":"B","date":"2018-03-21T03:00:28.000Z","volume":500,"label":" ","price":6.12},{"type":"B","date":"2018-03-21T03:00:46.000Z","volume":500,"label":" ","price":6.12},{"type":"A","date":"2018-03-21T03:00:57.000Z","volume":2500,"label":" ","price":6.13},{"type":"B","date":"2018-03-21T03:00:57.000Z","volume":1000,"label":" ","price":6.12},{"type":"A","date":"2018-03-21T03:01:32.000Z","volume":39500,"label":" ","price":6.13},{"type":"A","date":"2018-03-21T03:01:32.000Z","volume":4000,"label":" ","price":6.13},{"type":"A","date":"2018-03-21T03:01:32.000Z","volume":29000,"label":" ","price":6.13},{"type":"A","date":"2018-03-21T03:01:34.000Z","volume":1000,"label":" ","price":6.13},{"type":"B","date":"2018-03-21T03:01:45.000Z","volume":500,"label":" ","price":6.13},{"type":"A","date":"2018-03-21T03:02:31.000Z","volume":172000,"label":" ","price":6.14},{"type":"A","date":"2018-03-21T03:02:31.000Z","volume":9500,"label":" ","price":6.14},{"type":"B","date":"2018-03-21T03:03:25.000Z","volume":1500,"label":" ","price":6.14},{"type":"U","date":"2018-03-21T03:04:58.000Z","volume":500,"label":"X","price":6.137},{"type":"A","date":"2018-03-21T03:06:30.000Z","volume":500,"label":" ","price":6.15},{"type":"B","date":"2018-03-21T03:06:48.000Z","volume":7000,"label":" ","price":6.14},{"type":"A","date":"2018-03-21T03:06:53.000Z","volume":30000,"label":" ","price":6.15},{"type":"A","date":"2018-03-21T03:06:53.000Z","volume":178000,"label":" ","price":6.15},{"type":"B","date":"2018-03-21T03:07:01.000Z","volume":2000,"label":"Y","price":6.15},{"type":"B","date":"2018-03-21T03:07:01.000Z","volume":500,"label":" ","price":6.15},{"type":"B","date":"2018-03-21T03:07:18.000Z","volume":45000,"label":" ","price":6.15},{"type":"U","date":"2018-03-21T03:07:25.000Z","volume":284,"label":"D","price":6.1},{"type":"B","date":"2018-03-21T03:07:47.000Z","volume":500,"label":"Y","price":6.15},{"type":"B","date":"2018-03-21T03:07:47.000Z","volume":35000,"label":" ","price":6.15},{"type":"U","date":"2018-03-21T03:07:47.000Z","volume":500,"label":" ","price":6.15},{"type":"A","date":"2018-03-21T03:08:01.000Z","volume":36000,"label":" ","price":6.16},{"type":"B","date":"2018-03-21T03:08:29.000Z","volume":5000,"label":" ","price":6.15},{"type":"A","date":"2018-03-21T03:08:43.000Z","volume":3000,"label":"Y","price":6.16},{"type":"B","date":"2018-03-21T03:09:22.000Z","volume":13000,"label":" ","price":6.15},{"type":"B","date":"2018-03-21T03:10:49.000Z","volume":500,"label":" ","price":6.15},{"type":"B","date":"2018-03-21T03:11:02.000Z","volume":4000,"label":" ","price":6.15},{"type":"B","date":"2018-03-21T03:11:42.000Z","volume":1000,"label":" ","price":6.15},{"type":"A","date":"2018-03-21T03:11:52.000Z","volume":12000,"label":" ","price":6.16},{"type":"B","date":"2018-03-21T03:12:12.000Z","volume":6500,"label":" ","price":6.15},{"type":"A","date":"2018-03-21T03:12:37.000Z","volume":500,"label":" ","price":6.16},{"type":"B","date":"2018-03-21T03:12:49.000Z","volume":20000,"label":" ","price":6.15},{"type":"A","date":"2018-03-21T03:13:33.000Z","volume":500,"label":" ","price":6.16},{"type":"A","date":"2018-03-21T03:13:49.000Z","volume":132500,"label":" ","price":6.16},{"type":"A","date":"2018-03-21T03:13:56.000Z","volume":2000,"label":" ","price":6.17},{"type":"U","date":"2018-03-21T03:14:02.000Z","volume":5,"label":"D","price":6.1},{"type":"A","date":"2018-03-21T03:14:52.000Z","volume":86000,"label":" ","price":6.17},{"type":"A","date":"2018-03-21T03:14:52.000Z","volume":12500,"label":" ","price":6.17},{"type":"A","date":"2018-03-21T03:14:53.000Z","volume":500,"label":" ","price":6.18},{"type":"U","date":"2018-03-21T03:14:58.000Z","volume":500,"label":"X","price":6.156},{"type":"U","date":"2018-03-21T03:15:16.000Z","volume":1500,"label":" ","price":6.17},{"type":"U","date":"2018-03-21T03:15:16.000Z","volume":4500,"label":" ","price":6.17},{"type":"B","date":"2018-03-21T03:16:17.000Z","volume":1000,"label":" ","price":6.16},{"type":"B","date":"2018-03-21T03:16:17.000Z","volume":149000,"label":" ","price":6.16},{"type":"B","date":"2018-03-21T03:16:17.000Z","volume":2000,"label":"Y","price":6.16},{"type":"B","date":"2018-03-21T03:16:17.000Z","volume":2000,"label":" ","price":6.16},{"type":"B","date":"2018-03-21T03:17:14.000Z","volume":51500,"label":" ","price":6.16},{"type":"B","date":"2018-03-21T03:17:31.000Z","volume":67000,"label":" ","price":6.16},{"type":"B","date":"2018-03-21T03:17:36.000Z","volume":2000,"label":" ","price":6.16},{"type":"B","date":"2018-03-21T03:17:40.000Z","volume":1500,"label":"Y","price":6.16},{"type":"B","date":"2018-03-21T03:17:40.000Z","volume":500,"label":" ","price":6.16},{"type":"B","date":"2018-03-21T03:17:49.000Z","volume":1500,"label":" ","price":6.16},{"type":"B","date":"2018-03-21T03:17:49.000Z","volume":40500,"label":" ","price":6.15},{"type":"B","date":"2018-03-21T03:18:10.000Z","volume":3500,"label":" ","price":6.15},{"type":"A","date":"2018-03-21T03:18:13.000Z","volume":20000,"label":" ","price":6.15},{"type":"A","date":"2018-03-21T03:18:48.000Z","volume":39500,"label":" ","price":6.15},{"type":"U","date":"2018-03-21T03:19:58.000Z","volume":500,"label":"X","price":6.157},{"type":"B","date":"2018-03-21T03:20:20.000Z","volume":10000,"label":" ","price":6.15},{"type":"B","date":"2018-03-21T03:20:51.000Z","volume":500,"label":" ","price":6.15},{"type":"B","date":"2018-03-21T03:20:53.000Z","volume":2000,"label":"Y","price":6.15},{"type":"B","date":"2018-03-21T03:21:41.000Z","volume":1500,"label":" ","price":6.15},{"type":"B","date":"2018-03-21T03:22:57.000Z","volume":500,"label":" ","price":6.15},{"type":"B","date":"2018-03-21T03:22:57.000Z","volume":2000,"label":"Y","price":6.15},{"type":"B","date":"2018-03-21T03:22:57.000Z","volume":500,"label":"Y","price":6.15},{"type":"B","date":"2018-03-21T03:22:57.000Z","volume":2000,"label":" ","price":6.15},{"type":"B","date":"2018-03-21T03:23:33.000Z","volume":1500,"label":" ","price":6.15},{"type":"B","date":"2018-03-21T03:23:34.000Z","volume":2000,"label":" ","price":6.15},{"type":"B","date":"2018-03-21T03:23:56.000Z","volume":13000,"label":" ","price":6.15},{"type":"B","date":"2018-03-21T03:23:56.000Z","volume":61500,"label":" ","price":6.14},{"type":"A","date":"2018-03-21T03:23:56.000Z","volume":2000,"label":" ","price":6.15},{"type":"B","date":"2018-03-21T03:23:56.000Z","volume":1000,"label":" ","price":6.13},{"type":"A","date":"2018-03-21T03:24:02.000Z","volume":54500,"label":" ","price":6.15},{"type":"A","date":"2018-03-21T03:24:02.000Z","volume":9500,"label":" ","price":6.15},{"type":"B","date":"2018-03-21T03:24:02.000Z","volume":9000,"label":" ","price":6.15},{"type":"B","date":"2018-03-21T03:25:43.000Z","volume":3000,"label":" ","price":6.14},{"type":"A","date":"2018-03-21T03:27:01.000Z","volume":37000,"label":" ","price":6.15},{"type":"B","date":"2018-03-21T03:27:47.000Z","volume":500,"label":" ","price":6.15},{"type":"B","date":"2018-03-21T03:28:35.000Z","volume":18500,"label":" ","price":6.15},{"type":"B","date":"2018-03-21T03:28:35.000Z","volume":1000,"label":" ","price":6.15},{"type":"B","date":"2018-03-21T03:29:41.000Z","volume":2500,"label":" ","price":6.15},{"type":"B","date":"2018-03-21T03:29:41.000Z","volume":29500,"label":" ","price":6.14},{"type":"A","date":"2018-03-21T03:29:41.000Z","volume":1500,"label":" ","price":6.15},{"type":"U","date":"2018-03-21T03:29:58.000Z","volume":500,"label":"X","price":6.146},{"type":"B","date":"2018-03-21T03:30:01.000Z","volume":5000,"label":" ","price":6.13},{"type":"B","date":"2018-03-21T03:31:05.000Z","volume":1500,"label":"Y","price":6.13},{"type":"B","date":"2018-03-21T03:31:05.000Z","volume":1000,"label":" ","price":6.13},{"type":"B","date":"2018-03-21T03:31:10.000Z","volume":2000,"label":" ","price":6.13},{"type":"B","date":"2018-03-21T03:31:12.000Z","volume":2000,"label":" ","price":6.13},{"type":"B","date":"2018-03-21T03:31:20.000Z","volume":2500,"label":" ","price":6.13},{"type":"B","date":"2018-03-21T03:31:27.000Z","volume":1500,"label":" ","price":6.13},{"type":"B","date":"2018-03-21T03:31:30.000Z","volume":500,"label":" ","price":6.13},{"type":"B","date":"2018-03-21T03:32:29.000Z","volume":3000,"label":" ","price":6.13},{"type":"B","date":"2018-03-21T03:32:29.000Z","volume":1000,"label":" ","price":6.13},{"type":"B","date":"2018-03-21T03:32:30.000Z","volume":500,"label":" ","price":6.13},{"type":"U","date":"2018-03-21T03:32:31.000Z","volume":500,"label":"X","price":6.13},{"type":"B","date":"2018-03-21T03:33:51.000Z","volume":37000,"label":" ","price":6.12},{"type":"B","date":"2018-03-21T03:33:51.000Z","volume":19500,"label":" ","price":6.12},{"type":"B","date":"2018-03-21T03:33:51.000Z","volume":500,"label":" ","price":6.12},{"type":"B","date":"2018-03-21T03:33:51.000Z","volume":500,"label":" ","price":6.12},{"type":"B","date":"2018-03-21T03:34:00.000Z","volume":500,"label":" ","price":6.12},{"type":"B","date":"2018-03-21T03:34:06.000Z","volume":2500,"label":" ","price":6.13},{"type":"B","date":"2018-03-21T03:34:24.000Z","volume":2500,"label":" ","price":6.13},{"type":"B","date":"2018-03-21T03:34:27.000Z","volume":1500,"label":" ","price":6.13},{"type":"U","date":"2018-03-21T03:34:58.000Z","volume":500,"label":"X","price":6.123},{"type":"B","date":"2018-03-21T03:35:00.000Z","volume":500,"label":" ","price":6.13},{"type":"B","date":"2018-03-21T03:36:30.000Z","volume":500,"label":" ","price":6.13},{"type":"B","date":"2018-03-21T03:36:46.000Z","volume":2500,"label":" ","price":6.13},{"type":"B","date":"2018-03-21T03:36:48.000Z","volume":1500,"label":"Y","price":6.13},{"type":"U","date":"2018-03-21T03:37:32.000Z","volume":500,"label":"X","price":6.13},{"type":"B","date":"2018-03-21T03:37:32.000Z","volume":1000,"label":" ","price":6.13},{"type":"B","date":"2018-03-21T03:37:54.000Z","volume":5500,"label":" ","price":6.13},{"type":"B","date":"2018-03-21T03:38:01.000Z","volume":500,"label":" ","price":6.13},{"type":"B","date":"2018-03-21T03:38:03.000Z","volume":1000,"label":"Y","price":6.13},{"type":"B","date":"2018-03-21T03:38:03.000Z","volume":500,"label":" ","price":6.13},{"type":"B","date":"2018-03-21T03:39:00.000Z","volume":500,"label":" ","price":6.13},{"type":"B","date":"2018-03-21T03:39:30.000Z","volume":500,"label":" ","price":6.13},{"type":"B","date":"2018-03-21T03:39:31.000Z","volume":1500,"label":" ","price":6.13},{"type":"A","date":"2018-03-21T03:39:32.000Z","volume":500,"label":"Y","price":6.14},{"type":"A","date":"2018-03-21T03:39:32.000Z","volume":4000,"label":"Y","price":6.14},{"type":"A","date":"2018-03-21T03:39:32.000Z","volume":10000,"label":" ","price":6.14},{"type":"B","date":"2018-03-21T03:39:35.000Z","volume":2500,"label":" ","price":6.13},{"type":"B","date":"2018-03-21T03:39:36.000Z","volume":2000,"label":" ","price":6.13},{"type":"A","date":"2018-03-21T03:39:38.000Z","volume":1500,"label":"Y","price":6.14},{"type":"A","date":"2018-03-21T03:39:38.000Z","volume":45000,"label":" ","price":6.14},{"type":"A","date":"2018-03-21T03:39:38.000Z","volume":2500,"label":" ","price":6.14},{"type":"U","date":"2018-03-21T03:39:38.000Z","volume":500,"label":" ","price":6.14},{"type":"U","date":"2018-03-21T03:40:02.000Z","volume":500,"label":" ","price":6.14},{"type":"B","date":"2018-03-21T03:41:31.000Z","volume":500,"label":" ","price":6.13},{"type":"A","date":"2018-03-21T03:41:31.000Z","volume":500,"label":" ","price":6.15},{"type":"A","date":"2018-03-21T03:41:31.000Z","volume":22500,"label":" ","price":6.15},{"type":"A","date":"2018-03-21T03:41:31.000Z","volume":8000,"label":" ","price":6.15},{"type":"A","date":"2018-03-21T03:41:31.000Z","volume":17500,"label":" ","price":6.15},{"type":"A","date":"2018-03-21T03:41:31.000Z","volume":2500,"label":" ","price":6.15},{"type":"A","date":"2018-03-21T03:41:31.000Z","volume":500,"label":" ","price":6.15},{"type":"A","date":"2018-03-21T03:41:31.000Z","volume":2000,"label":" ","price":6.15},{"type":"A","date":"2018-03-21T03:41:31.000Z","volume":2000,"label":" ","price":6.15},{"type":"B","date":"2018-03-21T03:41:31.000Z","volume":500,"label":" ","price":6.15},{"type":"U","date":"2018-03-21T03:41:32.000Z","volume":500,"label":" ","price":6.15},{"type":"U","date":"2018-03-21T03:41:33.000Z","volume":5000,"label":" ","price":6.15},{"type":"B","date":"2018-03-21T03:42:00.000Z","volume":3000,"label":" ","price":6.14},{"type":"B","date":"2018-03-21T03:42:33.000Z","volume":2000,"label":" ","price":6.14},{"type":"B","date":"2018-03-21T03:42:33.000Z","volume":500,"label":" ","price":6.14},{"type":"U","date":"2018-03-21T03:42:34.000Z","volume":1000,"label":" ","price":6.15},{"type":"U","date":"2018-03-21T03:42:34.000Z","volume":500,"label":" ","price":6.15},{"type":"B","date":"2018-03-21T03:43:00.000Z","volume":1000,"label":" ","price":6.14},{"type":"B","date":"2018-03-21T03:44:30.000Z","volume":500,"label":" ","price":6.13},{"type":"U","date":"2018-03-21T03:44:58.000Z","volume":500,"label":"X","price":6.143},{"type":"B","date":"2018-03-21T03:45:30.000Z","volume":500,"label":" ","price":6.13},{"type":"A","date":"2018-03-21T03:46:39.000Z","volume":5000,"label":" ","price":6.15},{"type":"A","date":"2018-03-21T03:46:49.000Z","volume":1000,"label":" ","price":6.15},{"type":"B","date":"2018-03-21T03:47:00.000Z","volume":500,"label":" ","price":6.14},{"type":"A","date":"2018-03-21T03:47:23.000Z","volume":24000,"label":" ","price":6.15},{"type":"B","date":"2018-03-21T03:48:30.000Z","volume":500,"label":" ","price":6.15},{"type":"B","date":"2018-03-21T03:48:49.000Z","volume":5000,"label":" ","price":6.15},{"type":"B","date":"2018-03-21T03:48:56.000Z","volume":30000,"label":" ","price":6.15},{"type":"B","date":"2018-03-21T03:49:21.000Z","volume":1000,"label":" ","price":6.15},{"type":"B","date":"2018-03-21T03:49:30.000Z","volume":500,"label":" ","price":6.15},{"type":"U","date":"2018-03-21T03:49:58.000Z","volume":500,"label":"X","price":6.15},{"type":"B","date":"2018-03-21T03:50:06.000Z","volume":8000,"label":" ","price":6.15},{"type":"B","date":"2018-03-21T03:50:11.000Z","volume":500,"label":" ","price":6.15},{"type":"B","date":"2018-03-21T03:50:12.000Z","volume":500,"label":"Y","price":6.15},{"type":"B","date":"2018-03-21T03:50:12.000Z","volume":1500,"label":" ","price":6.15},{"type":"B","date":"2018-03-21T03:50:13.000Z","volume":500,"label":"Y","price":6.15},{"type":"B","date":"2018-03-21T03:50:13.000Z","volume":1000,"label":" ","price":6.15},{"type":"B","date":"2018-03-21T03:50:13.000Z","volume":500,"label":"Y","price":6.15},{"type":"B","date":"2018-03-21T03:50:13.000Z","volume":500,"label":" ","price":6.15},{"type":"A","date":"2018-03-21T03:50:23.000Z","volume":10000,"label":" ","price":6.16},{"type":"A","date":"2018-03-21T03:50:36.000Z","volume":500,"label":" ","price":6.16},{"type":"A","date":"2018-03-21T03:50:46.000Z","volume":1000,"label":" ","price":6.16},{"type":"U","date":"2018-03-21T03:50:50.000Z","volume":500,"label":"X","price":6.155},{"type":"B","date":"2018-03-21T03:50:55.000Z","volume":5000,"label":" ","price":6.15},{"type":"B","date":"2018-03-21T03:51:11.000Z","volume":5000,"label":" ","price":6.15},{"type":"A","date":"2018-03-21T03:51:11.000Z","volume":2000,"label":" ","price":6.15},{"type":"B","date":"2018-03-21T03:51:11.000Z","volume":2000,"label":" ","price":6.15},{"type":"B","date":"2018-03-21T03:51:40.000Z","volume":500,"label":" ","price":6.15},{"type":"A","date":"2018-03-21T03:52:02.000Z","volume":9500,"label":" ","price":6.16},{"type":"B","date":"2018-03-21T03:52:07.000Z","volume":60000,"label":" ","price":6.15},{"type":"U","date":"2018-03-21T03:52:07.000Z","volume":1000,"label":"X","price":6.155},{"type":"B","date":"2018-03-21T03:52:11.000Z","volume":1000,"label":" ","price":6.15},{"type":"U","date":"2018-03-21T03:52:14.000Z","volume":500,"label":"X","price":6.155},{"type":"A","date":"2018-03-21T03:52:45.000Z","volume":500,"label":" ","price":6.16},{"type":"A","date":"2018-03-21T03:52:53.000Z","volume":1000,"label":" ","price":6.16},{"type":"B","date":"2018-03-21T03:52:57.000Z","volume":20000,"label":" ","price":6.15},{"type":"B","date":"2018-03-21T03:52:57.000Z","volume":2000,"label":" ","price":6.15},{"type":"B","date":"2018-03-21T03:53:02.000Z","volume":1500,"label":"Y","price":6.15},{"type":"B","date":"2018-03-21T03:53:02.000Z","volume":1000,"label":"Y","price":6.15},{"type":"B","date":"2018-03-21T03:53:02.000Z","volume":500,"label":" ","price":6.15},{"type":"B","date":"2018-03-21T03:53:05.000Z","volume":2500,"label":" ","price":6.15},{"type":"A","date":"2018-03-21T03:54:11.000Z","volume":500,"label":" ","price":6.15},{"type":"U","date":"2018-03-21T03:54:13.000Z","volume":500,"label":"X","price":6.145},{"type":"U","date":"2018-03-21T03:54:13.000Z","volume":1000,"label":"X","price":6.145},{"type":"U","date":"2018-03-21T03:54:21.000Z","volume":500,"label":"X","price":6.145},{"type":"U","date":"2018-03-21T03:54:22.000Z","volume":1000,"label":"X","price":6.145},{"type":"U","date":"2018-03-21T03:54:51.000Z","volume":500,"label":"X","price":6.145},{"type":"U","date":"2018-03-21T03:54:56.000Z","volume":500,"label":"X","price":6.145},{"type":"U","date":"2018-03-21T03:55:17.000Z","volume":500,"label":"X","price":6.145},{"type":"U","date":"2018-03-21T03:55:27.000Z","volume":500,"label":"X","price":6.145},{"type":"B","date":"2018-03-21T03:55:30.000Z","volume":44000,"label":" ","price":6.14},{"type":"A","date":"2018-03-21T03:55:30.000Z","volume":7000,"label":" ","price":6.14},{"type":"A","date":"2018-03-21T03:55:30.000Z","volume":1000,"label":" ","price":6.14},{"type":"B","date":"2018-03-21T03:55:30.000Z","volume":12500,"label":" ","price":6.13},{"type":"A","date":"2018-03-21T03:55:32.000Z","volume":3500,"label":" ","price":6.14},{"type":"A","date":"2018-03-21T03:55:38.000Z","volume":2000,"label":" ","price":6.14},{"type":"B","date":"2018-03-21T03:55:48.000Z","volume":1000,"label":"Y","price":6.13},{"type":"A","date":"2018-03-21T03:55:50.000Z","volume":500,"label":" ","price":6.14},{"type":"U","date":"2018-03-21T03:56:02.000Z","volume":254,"label":"D","price":6.1},{"type":"B","date":"2018-03-21T03:56:04.000Z","volume":2500,"label":" ","price":6.13},{"type":"U","date":"2018-03-21T03:56:05.000Z","volume":5,"label":"D","price":6.15},{"type":"A","date":"2018-03-21T03:56:06.000Z","volume":500,"label":" ","price":6.14},{"type":"B","date":"2018-03-21T03:56:13.000Z","volume":1000,"label":" ","price":6.13},{"type":"A","date":"2018-03-21T03:56:38.000Z","volume":1000,"label":" ","price":6.14},{"type":"A","date":"2018-03-21T03:57:11.000Z","volume":1000,"label":" ","price":6.14},{"type":"A","date":"2018-03-21T03:57:12.000Z","volume":500,"label":" ","price":6.14},{"type":"U","date":"2018-03-21T03:57:16.000Z","volume":1500,"label":"X","price":6.135},{"type":"U","date":"2018-03-21T03:57:16.000Z","volume":500,"label":"X","price":6.135},{"type":"U","date":"2018-03-21T03:57:17.000Z","volume":500,"label":"X","price":6.135},{"type":"U","date":"2018-03-21T03:57:33.000Z","volume":1000,"label":"X","price":6.135},{"type":"A","date":"2018-03-21T03:57:38.000Z","volume":500,"label":" ","price":6.14},{"type":"U","date":"2018-03-21T03:57:45.000Z","volume":500,"label":"X","price":6.135},{"type":"U","date":"2018-03-21T03:57:53.000Z","volume":500,"label":"X","price":6.135},{"type":"U","date":"2018-03-21T03:58:00.000Z","volume":500,"label":"X","price":6.135},{"type":"A","date":"2018-03-21T03:58:12.000Z","volume":500,"label":" ","price":6.14},{"type":"B","date":"2018-03-21T03:58:26.000Z","volume":2000,"label":" ","price":6.13},{"type":"A","date":"2018-03-21T03:58:28.000Z","volume":500,"label":" ","price":6.14},{"type":"A","date":"2018-03-21T03:58:30.000Z","volume":10000,"label":" ","price":6.14},{"type":"A","date":"2018-03-21T03:58:32.000Z","volume":2000,"label":" ","price":6.14},{"type":"A","date":"2018-03-21T03:58:33.000Z","volume":4000,"label":" ","price":6.14},{"type":"A","date":"2018-03-21T03:58:35.000Z","volume":500,"label":" ","price":6.14},{"type":"A","date":"2018-03-21T03:58:39.000Z","volume":3500,"label":" ","price":6.14},{"type":"A","date":"2018-03-21T03:58:40.000Z","volume":500,"label":" ","price":6.14},{"type":"A","date":"2018-03-21T03:58:56.000Z","volume":500,"label":" ","price":6.14},{"type":"A","date":"2018-03-21T03:58:56.000Z","volume":500,"label":" ","price":6.14},{"type":"A","date":"2018-03-21T03:58:56.000Z","volume":500,"label":" ","price":6.14},{"type":"U","date":"2018-03-21T03:59:12.000Z","volume":500,"label":"X","price":6.13},{"type":"B","date":"2018-03-21T03:59:12.000Z","volume":500,"label":" ","price":6.13},{"type":"A","date":"2018-03-21T03:59:14.000Z","volume":500,"label":" ","price":6.14},{"type":"A","date":"2018-03-21T03:59:39.000Z","volume":500,"label":" ","price":6.14},{"type":"A","date":"2018-03-21T03:59:39.000Z","volume":54000,"label":" ","price":6.14},{"type":"B","date":"2018-03-21T03:59:39.000Z","volume":500,"label":" ","price":6.13},{"type":"A","date":"2018-03-21T03:59:41.000Z","volume":9500,"label":" ","price":6.15},{"type":"B","date":"2018-03-21T03:59:47.000Z","volume":1500,"label":" ","price":6.14},{"type":"A","date":"2018-03-21T03:59:49.000Z","volume":500,"label":" ","price":6.15},{"type":"A","date":"2018-03-21T05:00:00.000Z","volume":9500,"label":" ","price":6.15},{"type":"A","date":"2018-03-21T05:00:00.000Z","volume":500,"label":" ","price":6.16},{"type":"A","date":"2018-03-21T05:00:00.000Z","volume":18000,"label":" ","price":6.16},{"type":"A","date":"2018-03-21T05:00:00.000Z","volume":1500,"label":" ","price":6.16},{"type":"A","date":"2018-03-21T05:00:00.000Z","volume":1500,"label":" ","price":6.16},{"type":"A","date":"2018-03-21T05:00:00.000Z","volume":9000,"label":" ","price":6.16},{"type":"B","date":"2018-03-21T05:00:00.000Z","volume":7000,"label":" ","price":6.14},{"type":"B","date":"2018-03-21T05:00:00.000Z","volume":1500,"label":" ","price":6.14},{"type":"B","date":"2018-03-21T05:00:00.000Z","volume":1000,"label":" ","price":6.14},{"type":"B","date":"2018-03-21T05:00:00.000Z","volume":500,"label":" ","price":6.14},{"type":"B","date":"2018-03-21T05:00:01.000Z","volume":500,"label":" ","price":6.14},{"type":"B","date":"2018-03-21T05:00:01.000Z","volume":2000,"label":" ","price":6.13},{"type":"B","date":"2018-03-21T05:00:01.000Z","volume":1000,"label":" ","price":6.13},{"type":"B","date":"2018-03-21T05:00:01.000Z","volume":20000,"label":" ","price":6.13},{"type":"B","date":"2018-03-21T05:00:01.000Z","volume":2500,"label":" ","price":6.13},{"type":"B","date":"2018-03-21T05:00:01.000Z","volume":1000,"label":" ","price":6.13},{"type":"A","date":"2018-03-21T05:00:01.000Z","volume":2000,"label":" ","price":6.13},{"type":"A","date":"2018-03-21T05:00:01.000Z","volume":20000,"label":" ","price":6.13},{"type":"A","date":"2018-03-21T05:00:01.000Z","volume":500,"label":" ","price":6.13},{"type":"A","date":"2018-03-21T05:00:01.000Z","volume":1000,"label":" ","price":6.13},{"type":"A","date":"2018-03-21T05:00:01.000Z","volume":500,"label":" ","price":6.13},{"type":"A","date":"2018-03-21T05:00:01.000Z","volume":1000,"label":" ","price":6.13},{"type":"A","date":"2018-03-21T05:00:01.000Z","volume":2000,"label":" ","price":6.13},{"type":"A","date":"2018-03-21T05:00:01.000Z","volume":500,"label":" ","price":6.13},{"type":"A","date":"2018-03-21T05:00:01.000Z","volume":500,"label":" ","price":6.15},{"type":"A","date":"2018-03-21T05:00:02.000Z","volume":3000,"label":" ","price":6.15},{"type":"A","date":"2018-03-21T05:00:02.000Z","volume":10000,"label":" ","price":6.15},{"type":"A","date":"2018-03-21T05:00:02.000Z","volume":1000,"label":" ","price":6.15},{"type":"A","date":"2018-03-21T05:00:02.000Z","volume":47000,"label":" ","price":6.17},{"type":"A","date":"2018-03-21T05:00:02.000Z","volume":2000,"label":" ","price":6.18},{"type":"B","date":"2018-03-21T05:00:06.000Z","volume":6000,"label":" ","price":6.16},{"type":"A","date":"2018-03-21T05:00:06.000Z","volume":15000,"label":" ","price":6.18},{"type":"B","date":"2018-03-21T05:00:06.000Z","volume":7000,"label":" ","price":6.16},{"type":"A","date":"2018-03-21T05:00:06.000Z","volume":10000,"label":" ","price":6.16},{"type":"B","date":"2018-03-21T05:00:07.000Z","volume":2500,"label":" ","price":6.17},{"type":"B","date":"2018-03-21T05:00:07.000Z","volume":6000,"label":" ","price":6.17},{"type":"B","date":"2018-03-21T05:00:07.000Z","volume":26500,"label":" ","price":6.17},{"type":"U","date":"2018-03-21T05:00:07.000Z","volume":2000,"label":" ","price":6.17},{"type":"U","date":"2018-03-21T05:00:07.000Z","volume":1000,"label":" ","price":6.17},{"type":"B","date":"2018-03-21T05:00:08.000Z","volume":17500,"label":" ","price":6.15},{"type":"A","date":"2018-03-21T05:00:09.000Z","volume":1500,"label":" ","price":6.15},{"type":"A","date":"2018-03-21T05:00:09.000Z","volume":16500,"label":" ","price":6.15},{"type":"A","date":"2018-03-21T05:00:09.000Z","volume":2000,"label":" ","price":6.15},{"type":"A","date":"2018-03-21T05:00:11.000Z","volume":4000,"label":" ","price":6.15},{"type":"A","date":"2018-03-21T05:00:11.000Z","volume":9000,"label":" ","price":6.15},{"type":"B","date":"2018-03-21T05:00:11.000Z","volume":11500,"label":" ","price":6.14},{"type":"A","date":"2018-03-21T05:00:14.000Z","volume":2500,"label":" ","price":6.15},{"type":"B","date":"2018-03-21T05:00:18.000Z","volume":10000,"label":" ","price":6.15},{"type":"A","date":"2018-03-21T05:00:19.000Z","volume":20000,"label":" ","price":6.16},{"type":"B","date":"2018-03-21T05:00:22.000Z","volume":10000,"label":" ","price":6.15},{"type":"B","date":"2018-03-21T05:00:29.000Z","volume":10000,"label":" ","price":6.15},{"type":"B","date":"2018-03-21T05:00:29.000Z","volume":8000,"label":" ","price":6.15},{"type":"B","date":"2018-03-21T05:00:29.000Z","volume":500,"label":" ","price":6.15},{"type":"B","date":"2018-03-21T05:00:29.000Z","volume":500,"label":" ","price":6.15},{"type":"B","date":"2018-03-21T05:00:29.000Z","volume":1500,"label":" ","price":6.15},{"type":"A","date":"2018-03-21T05:00:32.000Z","volume":500,"label":" ","price":6.15},{"type":"A","date":"2018-03-21T05:00:35.000Z","volume":19000,"label":" ","price":6.15},{"type":"B","date":"2018-03-21T05:00:42.000Z","volume":5500,"label":" ","price":6.15},{"type":"A","date":"2018-03-21T05:00:43.000Z","volume":2000,"label":" ","price":6.15},{"type":"A","date":"2018-03-21T05:00:45.000Z","volume":500,"label":" ","price":6.15},{"type":"B","date":"2018-03-21T05:01:02.000Z","volume":17000,"label":" ","price":6.14},{"type":"A","date":"2018-03-21T05:01:02.000Z","volume":2000,"label":" ","price":6.14},{"type":"A","date":"2018-03-21T05:01:02.000Z","volume":2000,"label":" ","price":6.14},{"type":"A","date":"2018-03-21T05:01:05.000Z","volume":1000,"label":" ","price":6.15},{"type":"B","date":"2018-03-21T05:01:18.000Z","volume":4500,"label":" ","price":6.14},{"type":"B","date":"2018-03-21T05:01:18.000Z","volume":7000,"label":" ","price":6.13},{"type":"B","date":"2018-03-21T05:01:18.000Z","volume":8500,"label":" ","price":6.13},{"type":"A","date":"2018-03-21T05:01:21.000Z","volume":1500,"label":" ","price":6.15},{"type":"B","date":"2018-03-21T05:01:21.000Z","volume":500,"label":" ","price":6.14},{"type":"A","date":"2018-03-21T05:01:30.000Z","volume":2500,"label":" ","price":6.13},{"type":"A","date":"2018-03-21T05:01:31.000Z","volume":49500,"label":" ","price":6.13},{"type":"A","date":"2018-03-21T05:01:32.000Z","volume":500,"label":" ","price":6.14},{"type":"A","date":"2018-03-21T05:01:33.000Z","volume":9000,"label":" ","price":6.14},{"type":"B","date":"2018-03-21T05:01:41.000Z","volume":2000,"label":" ","price":6.13},{"type":"B","date":"2018-03-21T05:01:41.000Z","volume":2500,"label":" ","price":6.13},{"type":"A","date":"2018-03-21T05:01:41.000Z","volume":45500,"label":" ","price":6.13},{"type":"B","date":"2018-03-21T05:01:42.000Z","volume":4000,"label":" ","price":6.13},{"type":"A","date":"2018-03-21T05:01:43.000Z","volume":1000,"label":" ","price":6.14},{"type":"A","date":"2018-03-21T05:01:45.000Z","volume":8500,"label":" ","price":6.14},{"type":"A","date":"2018-03-21T05:01:46.000Z","volume":37500,"label":" ","price":6.14},{"type":"A","date":"2018-03-21T05:01:46.000Z","volume":4000,"label":" ","price":6.15},{"type":"A","date":"2018-03-21T05:01:47.000Z","volume":500,"label":" ","price":6.14},{"type":"A","date":"2018-03-21T05:01:48.000Z","volume":7000,"label":" ","price":6.15},{"type":"A","date":"2018-03-21T05:01:52.000Z","volume":24500,"label":" ","price":6.15},{"type":"B","date":"2018-03-21T05:02:00.000Z","volume":25000,"label":" ","price":6.15},{"type":"B","date":"2018-03-21T05:02:03.000Z","volume":4000,"label":" ","price":6.15},{"type":"B","date":"2018-03-21T05:02:04.000Z","volume":5000,"label":" ","price":6.15},{"type":"B","date":"2018-03-21T05:02:04.000Z","volume":5000,"label":" ","price":6.15},{"type":"B","date":"2018-03-21T05:02:04.000Z","volume":2000,"label":" ","price":6.15},{"type":"A","date":"2018-03-21T05:02:06.000Z","volume":1000,"label":" ","price":6.15},{"type":"A","date":"2018-03-21T05:02:11.000Z","volume":10500,"label":" ","price":6.15},{"type":"B","date":"2018-03-21T05:02:12.000Z","volume":10000,"label":" ","price":6.15},{"type":"A","date":"2018-03-21T05:02:12.000Z","volume":2000,"label":" ","price":6.15},{"type":"A","date":"2018-03-21T05:02:14.000Z","volume":4000,"label":" ","price":6.15},{"type":"A","date":"2018-03-21T05:02:16.000Z","volume":4000,"label":" ","price":6.15},{"type":"U","date":"2018-03-21T05:02:19.000Z","volume":500,"label":"X","price":6.145},{"type":"B","date":"2018-03-21T05:02:20.000Z","volume":9500,"label":" ","price":6.14},{"type":"A","date":"2018-03-21T05:02:20.000Z","volume":6000,"label":" ","price":6.15},{"type":"A","date":"2018-03-21T05:02:22.000Z","volume":3000,"label":" ","price":6.15},{"type":"B","date":"2018-03-21T05:02:24.000Z","volume":3000,"label":" ","price":6.14},{"type":"A","date":"2018-03-21T05:02:26.000Z","volume":5500,"label":" ","price":6.14},{"type":"A","date":"2018-03-21T05:02:28.000Z","volume":1000,"label":" ","price":6.15},{"type":"B","date":"2018-03-21T05:02:39.000Z","volume":24000,"label":" ","price":6.14},{"type":"B","date":"2018-03-21T05:03:13.000Z","volume":4000,"label":" ","price":6.13},{"type":"B","date":"2018-03-21T05:03:13.000Z","volume":8500,"label":" ","price":6.13},{"type":"B","date":"2018-03-21T05:03:14.000Z","volume":3000,"label":" ","price":6.13},{"type":"A","date":"2018-03-21T05:03:14.000Z","volume":500,"label":" ","price":6.13},{"type":"A","date":"2018-03-21T05:03:14.000Z","volume":5500,"label":" ","price":6.13},{"type":"A","date":"2018-03-21T05:03:14.000Z","volume":1000,"label":" ","price":6.13},{"type":"A","date":"2018-03-21T05:03:15.000Z","volume":2000,"label":" ","price":6.13},{"type":"A","date":"2018-03-21T05:03:21.000Z","volume":2000,"label":" ","price":6.13},{"type":"B","date":"2018-03-21T05:03:28.000Z","volume":6500,"label":" ","price":6.12},{"type":"B","date":"2018-03-21T05:03:31.000Z","volume":5000,"label":" ","price":6.11},{"type":"B","date":"2018-03-21T05:03:33.000Z","volume":12000,"label":" ","price":6.11},{"type":"A","date":"2018-03-21T05:03:33.000Z","volume":2000,"label":" ","price":6.11},{"type":"A","date":"2018-03-21T05:03:33.000Z","volume":6000,"label":" ","price":6.11},{"type":"A","date":"2018-03-21T05:03:34.000Z","volume":1000,"label":" ","price":6.12},{"type":"B","date":"2018-03-21T05:03:35.000Z","volume":2000,"label":" ","price":6.11},{"type":"A","date":"2018-03-21T05:03:35.000Z","volume":3000,"label":" ","price":6.11},{"type":"A","date":"2018-03-21T05:03:38.000Z","volume":1000,"label":" ","price":6.12},{"type":"A","date":"2018-03-21T05:04:06.000Z","volume":26500,"label":" ","price":6.12},{"type":"A","date":"2018-03-21T05:04:08.000Z","volume":4500,"label":" ","price":6.13},{"type":"A","date":"2018-03-21T05:04:11.000Z","volume":1500,"label":" ","price":6.13},{"type":"A","date":"2018-03-21T05:04:28.000Z","volume":500,"label":" ","price":6.13},{"type":"A","date":"2018-03-21T05:04:33.000Z","volume":2000,"label":" ","price":6.13},{"type":"A","date":"2018-03-21T05:04:35.000Z","volume":1000,"label":" ","price":6.13},{"type":"A","date":"2018-03-21T05:04:42.000Z","volume":8000,"label":" ","price":6.13},{"type":"A","date":"2018-03-21T05:04:42.000Z","volume":17000,"label":" ","price":6.14},{"type":"A","date":"2018-03-21T05:04:43.000Z","volume":4000,"label":" ","price":6.14},{"type":"A","date":"2018-03-21T05:04:46.000Z","volume":3500,"label":" ","price":6.14},{"type":"A","date":"2018-03-21T05:04:47.000Z","volume":1000,"label":" ","price":6.14},{"type":"B","date":"2018-03-21T05:04:55.000Z","volume":500,"label":" ","price":6.13},{"type":"B","date":"2018-03-21T05:05:08.000Z","volume":5000,"label":" ","price":6.13},{"type":"A","date":"2018-03-21T05:05:08.000Z","volume":500,"label":" ","price":6.13},{"type":"A","date":"2018-03-21T05:05:08.000Z","volume":1500,"label":" ","price":6.13},{"type":"A","date":"2018-03-21T05:05:10.000Z","volume":500,"label":" ","price":6.13},{"type":"B","date":"2018-03-21T05:05:16.000Z","volume":8500,"label":" ","price":6.12},{"type":"A","date":"2018-03-21T05:05:28.000Z","volume":23500,"label":" ","price":6.12},{"type":"A","date":"2018-03-21T05:05:29.000Z","volume":4500,"label":" ","price":6.13},{"type":"A","date":"2018-03-21T05:05:31.000Z","volume":3500,"label":" ","price":6.13},{"type":"B","date":"2018-03-21T05:05:33.000Z","volume":47500,"label":" ","price":6.12},{"type":"A","date":"2018-03-21T05:05:33.000Z","volume":2500,"label":" ","price":6.12},{"type":"A","date":"2018-03-21T05:05:34.000Z","volume":4000,"label":" ","price":6.13},{"type":"B","date":"2018-03-21T05:05:42.000Z","volume":20000,"label":" ","price":6.12},{"type":"A","date":"2018-03-21T05:05:44.000Z","volume":2500,"label":" ","price":6.13},{"type":"A","date":"2018-03-21T05:05:46.000Z","volume":1500,"label":" ","price":6.13},{"type":"A","date":"2018-03-21T05:05:48.000Z","volume":9500,"label":" ","price":6.13},{"type":"A","date":"2018-03-21T05:05:49.000Z","volume":2000,"label":" ","price":6.13},{"type":"B","date":"2018-03-21T05:05:50.000Z","volume":10000,"label":" ","price":6.12},{"type":"A","date":"2018-03-21T05:05:56.000Z","volume":10000,"label":" ","price":6.12},{"type":"A","date":"2018-03-21T05:05:58.000Z","volume":2000,"label":" ","price":6.12},{"type":"A","date":"2018-03-21T05:06:18.000Z","volume":40000,"label":" ","price":6.13},{"type":"A","date":"2018-03-21T05:06:18.000Z","volume":26500,"label":" ","price":6.13},{"type":"A","date":"2018-03-21T05:06:19.000Z","volume":11500,"label":" ","price":6.14},{"type":"A","date":"2018-03-21T05:06:19.000Z","volume":3000,"label":" ","price":6.14},{"type":"A","date":"2018-03-21T05:06:21.000Z","volume":500,"label":" ","price":6.14},{"type":"A","date":"2018-03-21T05:06:32.000Z","volume":12500,"label":" ","price":6.14},{"type":"B","date":"2018-03-21T05:06:32.000Z","volume":21000,"label":" ","price":6.13},{"type":"B","date":"2018-03-21T05:06:32.000Z","volume":406000,"label":" ","price":6.12},{"type":"A","date":"2018-03-21T05:06:32.000Z","volume":1000,"label":" ","price":6.12},{"type":"A","date":"2018-03-21T05:06:32.000Z","volume":3000,"label":" ","price":6.12},{"type":"A","date":"2018-03-21T05:06:32.000Z","volume":40000,"label":" ","price":6.12},{"type":"A","date":"2018-03-21T05:06:34.000Z","volume":17500,"label":" ","price":6.12},{"type":"A","date":"2018-03-21T05:06:34.000Z","volume":2000,"label":"Y","price":6.12},{"type":"A","date":"2018-03-21T05:06:34.000Z","volume":16000,"label":" ","price":6.12},{"type":"A","date":"2018-03-21T05:06:37.000Z","volume":3500,"label":" ","price":6.14},{"type":"A","date":"2018-03-21T05:06:38.000Z","volume":500,"label":" ","price":6.14},{"type":"A","date":"2018-03-21T05:06:52.000Z","volume":14000,"label":" ","price":6.14},{"type":"A","date":"2018-03-21T05:06:54.000Z","volume":5000,"label":" ","price":6.14},{"type":"A","date":"2018-03-21T05:06:54.000Z","volume":2000,"label":" ","price":6.14},{"type":"A","date":"2018-03-21T05:06:56.000Z","volume":1000,"label":" ","price":6.15},{"type":"A","date":"2018-03-21T05:07:03.000Z","volume":30000,"label":" ","price":6.15},{"type":"A","date":"2018-03-21T05:07:03.000Z","volume":3500,"label":" ","price":6.15},{"type":"B","date":"2018-03-21T05:07:05.000Z","volume":6000,"label":" ","price":6.15},{"type":"U","date":"2018-03-21T05:07:05.000Z","volume":1000,"label":"X","price":6.125},{"type":"B","date":"2018-03-21T05:07:26.000Z","volume":500,"label":" ","price":6.15},{"type":"B","date":"2018-03-21T05:07:26.000Z","volume":6500,"label":" ","price":6.15},{"type":"B","date":"2018-03-21T05:07:42.000Z","volume":2000,"label":" ","price":6.15},{"type":"B","date":"2018-03-21T05:07:49.000Z","volume":500,"label":" ","price":6.14},{"type":"B","date":"2018-03-21T05:08:16.000Z","volume":32000,"label":" ","price":6.14},{"type":"B","date":"2018-03-21T05:08:16.000Z","volume":18500,"label":" ","price":6.14},{"type":"A","date":"2018-03-21T05:08:17.000Z","volume":500,"label":" ","price":6.14},{"type":"B","date":"2018-03-21T05:08:33.000Z","volume":1000,"label":" ","price":6.15},{"type":"B","date":"2018-03-21T05:09:05.000Z","volume":5000,"label":" ","price":6.15},{"type":"B","date":"2018-03-21T05:09:10.000Z","volume":21000,"label":" ","price":6.15},{"type":"A","date":"2018-03-21T05:09:10.000Z","volume":2500,"label":" ","price":6.15},{"type":"B","date":"2018-03-21T05:10:34.000Z","volume":60500,"label":" ","price":6.14},{"type":"B","date":"2018-03-21T05:10:34.000Z","volume":19500,"label":" ","price":6.13},{"type":"B","date":"2018-03-21T05:10:34.000Z","volume":1500,"label":" ","price":6.13},{"type":"A","date":"2018-03-21T05:10:34.000Z","volume":2000,"label":" ","price":6.13},{"type":"A","date":"2018-03-21T05:10:34.000Z","volume":1000,"label":" ","price":6.13},{"type":"A","date":"2018-03-21T05:10:34.000Z","volume":10000,"label":" ","price":6.13},{"type":"A","date":"2018-03-21T05:10:34.000Z","volume":500,"label":" ","price":6.14},{"type":"U","date":"2018-03-21T05:10:34.000Z","volume":500,"label":" ","price":6.13},{"type":"A","date":"2018-03-21T05:10:37.000Z","volume":6500,"label":" ","price":6.14},{"type":"B","date":"2018-03-21T05:10:53.000Z","volume":5000,"label":" ","price":6.13},{"type":"B","date":"2018-03-21T05:10:53.000Z","volume":5000,"label":" ","price":6.13},{"type":"B","date":"2018-03-21T05:10:53.000Z","volume":5000,"label":" ","price":6.13},{"type":"B","date":"2018-03-21T05:10:53.000Z","volume":5000,"label":" ","price":6.13},{"type":"B","date":"2018-03-21T05:10:54.000Z","volume":5000,"label":" ","price":6.13},{"type":"B","date":"2018-03-21T05:10:54.000Z","volume":5000,"label":" ","price":6.13},{"type":"B","date":"2018-03-21T05:10:54.000Z","volume":1500,"label":" ","price":6.13},{"type":"A","date":"2018-03-21T05:10:54.000Z","volume":5000,"label":" ","price":6.13},{"type":"A","date":"2018-03-21T05:10:56.000Z","volume":1000,"label":" ","price":6.13},{"type":"A","date":"2018-03-21T05:11:05.000Z","volume":5000,"label":" ","price":6.13},{"type":"A","date":"2018-03-21T05:11:06.000Z","volume":1000,"label":" ","price":6.13},{"type":"A","date":"2018-03-21T05:11:08.000Z","volume":5000,"label":" ","price":6.13},{"type":"A","date":"2018-03-21T05:11:10.000Z","volume":1000,"label":" ","price":6.13},{"type":"B","date":"2018-03-21T05:11:45.000Z","volume":26000,"label":" ","price":6.12},{"type":"B","date":"2018-03-21T05:11:46.000Z","volume":5000,"label":" ","price":6.12},{"type":"B","date":"2018-03-21T05:11:46.000Z","volume":1000,"label":" ","price":6.12},{"type":"U","date":"2018-03-21T05:12:05.000Z","volume":500,"label":"X","price":6.136},{"type":"B","date":"2018-03-21T05:12:43.000Z","volume":2000,"label":" ","price":6.12},{"type":"B","date":"2018-03-21T05:12:58.000Z","volume":22500,"label":" ","price":6.12},{"type":"A","date":"2018-03-21T05:12:58.000Z","volume":500,"label":" ","price":6.12},{"type":"A","date":"2018-03-21T05:12:58.000Z","volume":500,"label":" ","price":6.12},{"type":"A","date":"2018-03-21T05:12:58.000Z","volume":500,"label":" ","price":6.12},{"type":"B","date":"2018-03-21T05:13:06.000Z","volume":500,"label":" ","price":6.11},{"type":"B","date":"2018-03-21T05:14:16.000Z","volume":7500,"label":" ","price":6.11},{"type":"B","date":"2018-03-21T05:14:16.000Z","volume":2000,"label":" ","price":6.11},{"type":"A","date":"2018-03-21T05:14:16.000Z","volume":1000,"label":" ","price":6.11},{"type":"B","date":"2018-03-21T05:14:17.000Z","volume":5000,"label":" ","price":6.1},{"type":"A","date":"2018-03-21T05:14:19.000Z","volume":20000,"label":" ","price":6.11},{"type":"A","date":"2018-03-21T05:14:19.000Z","volume":4000,"label":" ","price":6.11},{"type":"A","date":"2018-03-21T05:14:19.000Z","volume":500,"label":" ","price":6.11},{"type":"B","date":"2018-03-21T05:14:29.000Z","volume":3000,"label":" ","price":6.1},{"type":"B","date":"2018-03-21T05:14:29.000Z","volume":14000,"label":" ","price":6.09},{"type":"A","date":"2018-03-21T05:14:30.000Z","volume":9000,"label":"Y","price":6.12},{"type":"A","date":"2018-03-21T05:14:30.000Z","volume":9000,"label":" ","price":6.12},{"type":"A","date":"2018-03-21T05:14:32.000Z","volume":3000,"label":" ","price":6.12},{"type":"A","date":"2018-03-21T05:14:32.000Z","volume":500,"label":" ","price":6.13},{"type":"A","date":"2018-03-21T05:14:35.000Z","volume":3000,"label":" ","price":6.13},{"type":"A","date":"2018-03-21T05:14:47.000Z","volume":17000,"label":" ","price":6.13},{"type":"A","date":"2018-03-21T05:14:49.000Z","volume":3000,"label":" ","price":6.14},{"type":"B","date":"2018-03-21T05:14:54.000Z","volume":1500,"label":" ","price":6.13},{"type":"B","date":"2018-03-21T05:14:54.000Z","volume":500,"label":" ","price":6.13},{"type":"B","date":"2018-03-21T05:15:11.000Z","volume":8500,"label":" ","price":6.12},{"type":"B","date":"2018-03-21T05:15:11.000Z","volume":20500,"label":" ","price":6.11},{"type":"B","date":"2018-03-21T05:15:11.000Z","volume":20500,"label":" ","price":6.1},{"type":"A","date":"2018-03-21T05:15:11.000Z","volume":500,"label":" ","price":6.1},{"type":"U","date":"2018-03-21T05:15:13.000Z","volume":5500,"label":" ","price":6.12},{"type":"B","date":"2018-03-21T05:15:14.000Z","volume":2500,"label":" ","price":6.12},{"type":"A","date":"2018-03-21T05:15:33.000Z","volume":18000,"label":" ","price":6.12},{"type":"A","date":"2018-03-21T05:15:36.000Z","volume":3000,"label":" ","price":6.12},{"type":"A","date":"2018-03-21T05:15:36.000Z","volume":2000,"label":" ","price":6.12},{"type":"A","date":"2018-03-21T05:15:49.000Z","volume":500,"label":" ","price":6.12},{"type":"A","date":"2018-03-21T05:15:52.000Z","volume":500,"label":" ","price":6.12},{"type":"A","date":"2018-03-21T05:15:52.000Z","volume":1500,"label":" ","price":6.12},{"type":"A","date":"2018-03-21T05:16:00.000Z","volume":500,"label":" ","price":6.12},{"type":"A","date":"2018-03-21T05:16:12.000Z","volume":4000,"label":" ","price":6.12},{"type":"A","date":"2018-03-21T05:16:14.000Z","volume":500,"label":" ","price":6.12},{"type":"U","date":"2018-03-21T05:16:17.000Z","volume":2000,"label":"X","price":6.11},{"type":"B","date":"2018-03-21T05:16:23.000Z","volume":500,"label":" ","price":6.12},{"type":"A","date":"2018-03-21T05:16:23.000Z","volume":17500,"label":" ","price":6.12},{"type":"A","date":"2018-03-21T05:16:26.000Z","volume":2000,"label":" ","price":6.12},{"type":"B","date":"2018-03-21T05:16:27.000Z","volume":1000,"label":" ","price":6.12},{"type":"A","date":"2018-03-21T05:16:50.000Z","volume":18000,"label":" ","price":6.12},{"type":"A","date":"2018-03-21T05:16:52.000Z","volume":3500,"label":" ","price":6.12},{"type":"A","date":"2018-03-21T05:16:56.000Z","volume":500,"label":"Y","price":6.12},{"type":"A","date":"2018-03-21T05:16:57.000Z","volume":500,"label":" ","price":6.12},{"type":"B","date":"2018-03-21T05:17:04.000Z","volume":1500,"label":" ","price":6.12},{"type":"A","date":"2018-03-21T05:17:04.000Z","volume":16500,"label":" ","price":6.12},{"type":"A","date":"2018-03-21T05:17:06.000Z","volume":3000,"label":" ","price":6.12},{"type":"A","date":"2018-03-21T05:17:06.000Z","volume":500,"label":"Y","price":6.12},{"type":"A","date":"2018-03-21T05:17:19.000Z","volume":500,"label":"Y","price":6.12},{"type":"A","date":"2018-03-21T05:17:19.000Z","volume":26000,"label":" ","price":6.12},{"type":"B","date":"2018-03-21T05:17:19.000Z","volume":13000,"label":" ","price":6.11},{"type":"A","date":"2018-03-21T05:17:19.000Z","volume":7000,"label":" ","price":6.11},{"type":"A","date":"2018-03-21T05:17:22.000Z","volume":6000,"label":" ","price":6.13},{"type":"B","date":"2018-03-21T05:17:28.000Z","volume":19500,"label":" ","price":6.1},{"type":"A","date":"2018-03-21T05:17:28.000Z","volume":13500,"label":" ","price":6.1},{"type":"A","date":"2018-03-21T05:17:30.000Z","volume":6000,"label":" ","price":6.13},{"type":"A","date":"2018-03-21T05:17:48.000Z","volume":500,"label":" ","price":6.12},{"type":"B","date":"2018-03-21T05:18:33.000Z","volume":12000,"label":" ","price":6.11},{"type":"B","date":"2018-03-21T05:18:33.000Z","volume":24500,"label":" ","price":6.1},{"type":"A","date":"2018-03-21T05:18:33.000Z","volume":1000,"label":" ","price":6.1},{"type":"A","date":"2018-03-21T05:18:33.000Z","volume":12500,"label":" ","price":6.1},{"type":"A","date":"2018-03-21T05:18:36.000Z","volume":9000,"label":" ","price":6.13},{"type":"A","date":"2018-03-21T05:18:46.000Z","volume":27000,"label":" ","price":6.12},{"type":"U","date":"2018-03-21T05:18:46.000Z","volume":7500,"label":"X","price":6.12},{"type":"B","date":"2018-03-21T05:18:48.000Z","volume":4500,"label":" ","price":6.11},{"type":"B","date":"2018-03-21T05:18:48.000Z","volume":24500,"label":" ","price":6.1},{"type":"A","date":"2018-03-21T05:18:48.000Z","volume":1000,"label":" ","price":6.1},{"type":"A","date":"2018-03-21T05:18:51.000Z","volume":4500,"label":" ","price":6.12},{"type":"A","date":"2018-03-21T05:18:51.000Z","volume":1500,"label":"Y","price":6.12},{"type":"A","date":"2018-03-21T05:18:51.000Z","volume":17000,"label":" ","price":6.12},{"type":"A","date":"2018-03-21T05:18:54.000Z","volume":3500,"label":" ","price":6.12},{"type":"A","date":"2018-03-21T05:19:01.000Z","volume":1500,"label":"Y","price":6.12},{"type":"A","date":"2018-03-21T05:19:01.000Z","volume":500,"label":" ","price":6.12},{"type":"A","date":"2018-03-21T05:19:09.000Z","volume":500,"label":" ","price":6.12},{"type":"B","date":"2018-03-21T05:19:18.000Z","volume":46500,"label":" ","price":6.12},{"type":"A","date":"2018-03-21T05:19:18.000Z","volume":3000,"label":" ","price":6.12},{"type":"A","date":"2018-03-21T05:19:20.000Z","volume":1000,"label":" ","price":6.12},{"type":"A","date":"2018-03-21T05:19:23.000Z","volume":48500,"label":" ","price":6.12},{"type":"A","date":"2018-03-21T05:19:24.000Z","volume":1000,"label":" ","price":6.12},{"type":"A","date":"2018-03-21T05:19:25.000Z","volume":500,"label":" ","price":6.12},{"type":"A","date":"2018-03-21T05:19:26.000Z","volume":7500,"label":" ","price":6.13}