[{"type":"A","date":"2018-03-20T07:12:13.000Z","volume":136000,"price":2.24,"category":"ubbull"},{"type":"A","date":"2018-03-20T07:07:13.000Z","volume":150000,"price":2.24,"category":"ubbull"},{"type":"A","date":"2018-03-20T06:43:45.000Z","volume":175000,"price":2.24,"category":"ubbull"},{"type":"A","date":"2018-03-20T06:30:25.000Z","volume":106000,"price":2.24,"category":"ubbull"},{"type":"A","date":"2018-03-20T06:23:55.000Z","volume":130000,"price":2.24,"category":"ubbull"},{"type":"A","date":"2018-03-20T06:00:18.000Z","volume":158000,"price":2.24,"category":"ubbull"},{"type":"A","date":"2018-03-20T05:57:16.000Z","volume":137000,"price":2.24,"category":"ubbull"},{"type":"A","date":"2018-03-20T03:53:13.000Z","volume":116000,"price":2.24,"category":"ubbull"},{"type":"A","date":"2018-03-20T03:44:13.000Z","volume":150000,"price":2.23,"category":"ubbull"},{"type":"A","date":"2018-03-20T03:24:53.000Z","volume":200000,"price":2.24,"category":"ubbull"},{"type":"A","date":"2018-03-20T03:23:25.000Z","volume":180000,"price":2.24,"category":"ubbull"},{"type":"A","date":"2018-03-20T02:28:47.000Z","volume":128000,"price":2.24,"category":"ubbull"},{"type":"A","date":"2018-03-20T01:56:36.000Z","volume":150000,"price":2.24,"category":"ubbull"},{"type":"A","date":"2018-03-20T01:43:42.000Z","volume":106000,"price":2.25,"category":"ubbull"},{"type":"A","date":"2018-03-20T07:41:20.000Z","volume":50000,"price":2.24,"category":"bbull"},{"type":"A","date":"2018-03-20T07:31:10.000Z","volume":60000,"price":2.24,"category":"bbull"},{"type":"A","date":"2018-03-20T07:26:26.000Z","volume":54000,"price":2.24,"category":"bbull"},{"type":"A","date":"2018-03-20T07:21:30.000Z","volume":75000,"price":2.24,"category":"bbull"},{"type":"A","date":"2018-03-20T07:13:43.000Z","volume":68000,"price":2.24,"category":"bbull"},{"type":"A","date":"2018-03-20T07:00:45.000Z","volume":50000,"price":2.24,"category":"bbull"},{"type":"A","date":"2018-03-20T06:56:33.000Z","volume":72000,"price":2.24,"category":"bbull"},{"type":"A","date":"2018-03-20T06:53:07.000Z","volume":58000,"price":2.24,"category":"bbull"},{"type":"A","date":"2018-03-20T06:51:28.000Z","volume":89000,"price":2.24,"category":"bbull"},{"type":"A","date":"2018-03-20T06:46:09.000Z","volume":60000,"price":2.24,"category":"bbull"},{"type":"A","date":"2018-03-20T06:34:41.000Z","volume":50000,"price":2.24,"category":"bbull"},{"type":"A","date":"2018-03-20T06:17:36.000Z","volume":78000,"price":2.24,"category":"bbull"},{"type":"A","date":"2018-03-20T06:03:01.000Z","volume":50000,"price":2.24,"category":"bbull"},{"type":"A","date":"2018-03-20T06:02:12.000Z","volume":65000,"price":2.24,"category":"bbull"},{"type":"A","date":"2018-03-20T05:57:55.000Z","volume":100000,"price":2.24,"category":"bbull"},{"type":"A","date":"2018-03-20T05:41:05.000Z","volume":67000,"price":2.23,"category":"bbull"},{"type":"A","date":"2018-03-20T05:12:41.000Z","volume":89000,"price":2.23,"category":"bbull"},{"type":"A","date":"2018-03-20T05:03:31.000Z","volume":55000,"price":2.23,"category":"bbull"},{"type":"A","date":"2018-03-20T03:36:35.000Z","volume":91000,"price":2.24,"category":"bbull"},{"type":"A","date":"2018-03-20T03:26:39.000Z","volume":58000,"price":2.24,"category":"bbull"},{"type":"A","date":"2018-03-20T02:58:44.000Z","volume":100000,"price":2.23,"category":"bbull"},{"type":"A","date":"2018-03-20T02:43:05.000Z","volume":70000,"price":2.24,"category":"bbull"},{"type":"A","date":"2018-03-20T02:15:59.000Z","volume":65000,"price":2.24,"category":"bbull"},{"type":"A","date":"2018-03-20T02:04:46.000Z","volume":86000,"price":2.24,"category":"bbull"},{"type":"A","date":"2018-03-20T01:34:43.000Z","volume":95000,"price":2.25,"category":"bbull"},{"type":"A","date":"2018-03-20T07:59:21.000Z","volume":1000,"price":2.25,"category":"rbull"},{"type":"A","date":"2018-03-20T07:57:21.000Z","volume":1000,"price":2.25,"category":"rbull"},{"type":"A","date":"2018-03-20T07:49:50.000Z","volume":1000,"price":2.24,"category":"rbull"},{"type":"A","date":"2018-03-20T07:48:27.000Z","volume":1000,"price":2.24,"category":"rbull"},{"type":"A","date":"2018-03-20T07:38:46.000Z","volume":1000,"price":2.25,"category":"rbull"},{"type":"A","date":"2018-03-20T07:16:54.000Z","volume":1000,"price":2.24,"category":"rbull"},{"type":"A","date":"2018-03-20T07:01:14.000Z","volume":1000,"price":2.25,"category":"rbull"},{"type":"A","date":"2018-03-20T06:48:43.000Z","volume":1000,"price":2.25,"category":"rbull"},{"type":"A","date":"2018-03-20T05:37:38.000Z","volume":1000,"price":2.23,"category":"rbull"},{"type":"A","date":"2018-03-20T03:44:36.000Z","volume":1000,"price":2.23,"category":"rbull"},{"type":"A","date":"2018-03-20T03:12:49.000Z","volume":1000,"price":2.24,"category":"rbull"},{"type":"B","date":"2018-03-20T07:37:14.000Z","volume":1000,"price":2.24,"category":"rbear"},{"type":"B","date":"2018-03-20T06:11:22.000Z","volume":115000,"price":2.24,"category":"ubbear"}]