[{"type":"U","date":"2018-05-03T01:02:05.000Z","volume":59000,"label":"P","price":5.61},{"type":"U","date":"2018-05-03T01:20:00.000Z","volume":40500,"label":"U","price":5.61},{"type":"A","date":"2018-05-03T01:30:01.000Z","volume":500,"label":" ","price":5.61},{"type":"A","date":"2018-05-03T01:30:03.000Z","volume":500,"label":"Y","price":5.61},{"type":"A","date":"2018-05-03T01:30:03.000Z","volume":14500,"label":" ","price":5.61},{"type":"A","date":"2018-05-03T01:30:04.000Z","volume":1000,"label":" ","price":5.6},{"type":"B","date":"2018-05-03T01:30:05.000Z","volume":1500,"label":" ","price":5.53},{"type":"B","date":"2018-05-03T01:30:05.000Z","volume":6500,"label":" ","price":5.52},{"type":"A","date":"2018-05-03T01:30:07.000Z","volume":1000,"label":" ","price":5.6},{"type":"B","date":"2018-05-03T01:30:14.000Z","volume":5000,"label":" ","price":5.55},{"type":"B","date":"2018-05-03T01:30:18.000Z","volume":500,"label":" ","price":5.55},{"type":"B","date":"2018-05-03T01:30:18.000Z","volume":7000,"label":" ","price":5.55},{"type":"A","date":"2018-05-03T01:30:19.000Z","volume":2500,"label":" ","price":5.56},{"type":"A","date":"2018-05-03T01:30:20.000Z","volume":1000,"label":" ","price":5.56},{"type":"A","date":"2018-05-03T01:30:21.000Z","volume":500,"label":" ","price":5.56},{"type":"B","date":"2018-05-03T01:30:21.000Z","volume":3000,"label":" ","price":5.54},{"type":"A","date":"2018-05-03T01:30:23.000Z","volume":2000,"label":" ","price":5.56},{"type":"A","date":"2018-05-03T01:30:32.000Z","volume":500,"label":" ","price":5.55},{"type":"B","date":"2018-05-03T01:30:32.000Z","volume":500,"label":" ","price":5.54},{"type":"A","date":"2018-05-03T01:30:32.000Z","volume":500,"label":"Y","price":5.55},{"type":"A","date":"2018-05-03T01:30:33.000Z","volume":2000,"label":" ","price":5.55},{"type":"A","date":"2018-05-03T01:30:33.000Z","volume":1500,"label":" ","price":5.56},{"type":"U","date":"2018-05-03T01:30:35.000Z","volume":500,"label":"X","price":5.55},{"type":"A","date":"2018-05-03T01:30:39.000Z","volume":1500,"label":" ","price":5.56},{"type":"B","date":"2018-05-03T01:30:39.000Z","volume":500,"label":" ","price":5.55},{"type":"A","date":"2018-05-03T01:30:39.000Z","volume":500,"label":" ","price":5.56},{"type":"B","date":"2018-05-03T01:33:29.000Z","volume":500,"label":" ","price":5.55},{"type":"A","date":"2018-05-03T01:33:29.000Z","volume":500,"label":" ","price":5.56},{"type":"A","date":"2018-05-03T01:33:32.000Z","volume":500,"label":" ","price":5.56},{"type":"A","date":"2018-05-03T01:33:33.000Z","volume":500,"label":" ","price":5.56},{"type":"A","date":"2018-05-03T01:33:33.000Z","volume":500,"label":" ","price":5.56},{"type":"B","date":"2018-05-03T01:33:33.000Z","volume":2500,"label":" ","price":5.55},{"type":"A","date":"2018-05-03T01:33:35.000Z","volume":1500,"label":" ","price":5.56},{"type":"A","date":"2018-05-03T01:34:46.000Z","volume":6000,"label":"Y","price":5.56},{"type":"A","date":"2018-05-03T01:34:46.000Z","volume":7000,"label":" ","price":5.56},{"type":"A","date":"2018-05-03T01:34:46.000Z","volume":3000,"label":" ","price":5.56},{"type":"B","date":"2018-05-03T01:34:46.000Z","volume":3000,"label":" ","price":5.55},{"type":"A","date":"2018-05-03T01:34:48.000Z","volume":1000,"label":" ","price":5.56},{"type":"A","date":"2018-05-03T01:34:50.000Z","volume":1500,"label":" ","price":5.56},{"type":"A","date":"2018-05-03T01:34:50.000Z","volume":3500,"label":" ","price":5.57},{"type":"A","date":"2018-05-03T01:34:52.000Z","volume":500,"label":" ","price":5.58},{"type":"A","date":"2018-05-03T01:35:07.000Z","volume":1000,"label":" ","price":5.58},{"type":"A","date":"2018-05-03T01:35:08.000Z","volume":500,"label":" ","price":5.58},{"type":"A","date":"2018-05-03T01:35:09.000Z","volume":500,"label":" ","price":5.58},{"type":"A","date":"2018-05-03T01:35:10.000Z","volume":500,"label":" ","price":5.59},{"type":"A","date":"2018-05-03T01:35:39.000Z","volume":2000,"label":" ","price":5.59},{"type":"A","date":"2018-05-03T01:35:41.000Z","volume":1000,"label":" ","price":5.59},{"type":"A","date":"2018-05-03T01:36:28.000Z","volume":500,"label":" ","price":5.58},{"type":"A","date":"2018-05-03T01:36:29.000Z","volume":500,"label":" ","price":5.57},{"type":"A","date":"2018-05-03T01:36:45.000Z","volume":1500,"label":" ","price":5.57},{"type":"A","date":"2018-05-03T01:36:47.000Z","volume":500,"label":" ","price":5.57},{"type":"B","date":"2018-05-03T01:38:10.000Z","volume":5000,"label":" ","price":5.56},{"type":"A","date":"2018-05-03T01:38:10.000Z","volume":500,"label":" ","price":5.57},{"type":"B","date":"2018-05-03T01:38:10.000Z","volume":500,"label":" ","price":5.56},{"type":"A","date":"2018-05-03T01:38:11.000Z","volume":1500,"label":" ","price":5.57},{"type":"A","date":"2018-05-03T01:38:12.000Z","volume":3500,"label":" ","price":5.57},{"type":"B","date":"2018-05-03T01:38:14.000Z","volume":1000,"label":" ","price":5.56},{"type":"A","date":"2018-05-03T01:38:16.000Z","volume":500,"label":" ","price":5.57},{"type":"B","date":"2018-05-03T01:38:17.000Z","volume":1500,"label":" ","price":5.56},{"type":"A","date":"2018-05-03T01:38:18.000Z","volume":1000,"label":" ","price":5.57},{"type":"B","date":"2018-05-03T01:38:18.000Z","volume":500,"label":" ","price":5.56},{"type":"A","date":"2018-05-03T01:38:20.000Z","volume":500,"label":" ","price":5.57},{"type":"A","date":"2018-05-03T01:38:37.000Z","volume":500,"label":" ","price":5.57},{"type":"A","date":"2018-05-03T01:40:02.000Z","volume":6000,"label":" ","price":5.57},{"type":"B","date":"2018-05-03T01:40:02.000Z","volume":2000,"label":" ","price":5.57},{"type":"A","date":"2018-05-03T01:40:04.000Z","volume":1500,"label":" ","price":5.58},{"type":"B","date":"2018-05-03T01:40:06.000Z","volume":1500,"label":" ","price":5.56},{"type":"A","date":"2018-05-03T01:40:08.000Z","volume":500,"label":" ","price":5.57},{"type":"B","date":"2018-05-03T01:40:08.000Z","volume":1000,"label":" ","price":5.56},{"type":"A","date":"2018-05-03T01:40:10.000Z","volume":1000,"label":" ","price":5.58},{"type":"A","date":"2018-05-03T01:40:23.000Z","volume":5500,"label":" ","price":5.59},{"type":"B","date":"2018-05-03T01:40:23.000Z","volume":1500,"label":" ","price":5.56},{"type":"A","date":"2018-05-03T01:40:25.000Z","volume":4000,"label":" ","price":5.59},{"type":"A","date":"2018-05-03T01:40:26.000Z","volume":500,"label":" ","price":5.58},{"type":"A","date":"2018-05-03T01:40:29.000Z","volume":500,"label":" ","price":5.57},{"type":"B","date":"2018-05-03T01:40:30.000Z","volume":500,"label":" ","price":5.57},{"type":"A","date":"2018-05-03T01:40:31.000Z","volume":500,"label":" ","price":5.59},{"type":"B","date":"2018-05-03T01:41:14.000Z","volume":10500,"label":" ","price":5.57},{"type":"A","date":"2018-05-03T01:41:15.000Z","volume":2000,"label":" ","price":5.59},{"type":"B","date":"2018-05-03T01:41:39.000Z","volume":9500,"label":" ","price":5.56},{"type":"B","date":"2018-05-03T01:41:40.000Z","volume":10500,"label":" ","price":5.55},{"type":"B","date":"2018-05-03T01:41:42.000Z","volume":2000,"label":" ","price":5.53},{"type":"A","date":"2018-05-03T01:41:43.000Z","volume":1000,"label":" ","price":5.55},{"type":"U","date":"2018-05-03T01:41:51.000Z","volume":9500,"label":" ","price":5.54},{"type":"A","date":"2018-05-03T01:41:52.000Z","volume":3000,"label":" ","price":5.54},{"type":"B","date":"2018-05-03T01:41:52.000Z","volume":3000,"label":" ","price":5.53},{"type":"A","date":"2018-05-03T01:41:54.000Z","volume":1500,"label":" ","price":5.54},{"type":"A","date":"2018-05-03T01:41:56.000Z","volume":1000,"label":" ","price":5.55},{"type":"B","date":"2018-05-03T01:45:34.000Z","volume":500,"label":" ","price":5.52},{"type":"U","date":"2018-05-03T01:46:12.000Z","volume":1500,"label":"X","price":5.52},{"type":"B","date":"2018-05-03T01:46:30.000Z","volume":500,"label":" ","price":5.52},{"type":"A","date":"2018-05-03T01:46:30.000Z","volume":500,"label":" ","price":5.54},{"type":"B","date":"2018-05-03T01:47:19.000Z","volume":500,"label":" ","price":5.52},{"type":"B","date":"2018-05-03T01:47:30.000Z","volume":500,"label":" ","price":5.52},{"type":"B","date":"2018-05-03T01:47:30.000Z","volume":59500,"label":" ","price":5.52},{"type":"U","date":"2018-05-03T01:47:30.000Z","volume":7000,"label":"X","price":5.52},{"type":"B","date":"2018-05-03T01:47:30.000Z","volume":500,"label":" ","price":5.52},{"type":"B","date":"2018-05-03T01:47:32.000Z","volume":22500,"label":" ","price":5.52},{"type":"A","date":"2018-05-03T01:47:32.000Z","volume":500,"label":" ","price":5.53},{"type":"B","date":"2018-05-03T01:47:32.000Z","volume":84000,"label":" ","price":5.51},{"type":"B","date":"2018-05-03T01:47:32.000Z","volume":125000,"label":" ","price":5.5},{"type":"A","date":"2018-05-03T01:47:32.000Z","volume":17000,"label":" ","price":5.52},{"type":"B","date":"2018-05-03T01:47:32.000Z","volume":30000,"label":" ","price":5.49},{"type":"B","date":"2018-05-03T01:47:33.000Z","volume":29500,"label":" ","price":5.5},{"type":"A","date":"2018-05-03T01:47:34.000Z","volume":46000,"label":" ","price":5.51},{"type":"B","date":"2018-05-03T01:47:36.000Z","volume":3000,"label":" ","price":5.49},{"type":"A","date":"2018-05-03T01:47:37.000Z","volume":2000,"label":" ","price":5.51},{"type":"B","date":"2018-05-03T01:47:38.000Z","volume":500,"label":" ","price":5.49},{"type":"U","date":"2018-05-03T01:47:38.000Z","volume":500,"label":" ","price":5.49},{"type":"A","date":"2018-05-03T01:47:40.000Z","volume":6000,"label":" ","price":5.49},{"type":"B","date":"2018-05-03T01:47:40.000Z","volume":500,"label":" ","price":5.48},{"type":"A","date":"2018-05-03T01:47:40.000Z","volume":2500,"label":" ","price":5.5},{"type":"A","date":"2018-05-03T01:47:41.000Z","volume":19500,"label":" ","price":5.5},{"type":"B","date":"2018-05-03T01:47:41.000Z","volume":9500,"label":" ","price":5.5},{"type":"A","date":"2018-05-03T01:47:42.000Z","volume":16000,"label":" ","price":5.51},{"type":"A","date":"2018-05-03T01:48:16.000Z","volume":2000,"label":" ","price":5.51},{"type":"A","date":"2018-05-03T01:48:18.000Z","volume":1500,"label":" ","price":5.51},{"type":"B","date":"2018-05-03T01:48:18.000Z","volume":500,"label":" ","price":5.5},{"type":"B","date":"2018-05-03T01:48:18.000Z","volume":1500,"label":" ","price":5.5},{"type":"A","date":"2018-05-03T01:48:20.000Z","volume":1000,"label":" ","price":5.51},{"type":"A","date":"2018-05-03T01:48:32.000Z","volume":7000,"label":" ","price":5.51},{"type":"A","date":"2018-05-03T01:48:32.000Z","volume":4000,"label":" ","price":5.51},{"type":"A","date":"2018-05-03T01:48:32.000Z","volume":6000,"label":" ","price":5.52},{"type":"B","date":"2018-05-03T01:48:33.000Z","volume":500,"label":" ","price":5.51},{"type":"B","date":"2018-05-03T01:48:33.000Z","volume":500,"label":" ","price":5.51},{"type":"A","date":"2018-05-03T01:48:34.000Z","volume":500,"label":" ","price":5.51},{"type":"A","date":"2018-05-03T01:48:34.000Z","volume":6500,"label":" ","price":5.51},{"type":"A","date":"2018-05-03T01:48:36.000Z","volume":4000,"label":" ","price":5.52},{"type":"A","date":"2018-05-03T01:49:04.000Z","volume":10500,"label":" ","price":5.52},{"type":"B","date":"2018-05-03T01:49:04.000Z","volume":1000,"label":" ","price":5.51},{"type":"A","date":"2018-05-03T01:49:06.000Z","volume":1500,"label":" ","price":5.53},{"type":"A","date":"2018-05-03T01:49:08.000Z","volume":4500,"label":" ","price":5.54},{"type":"A","date":"2018-05-03T01:49:10.000Z","volume":500,"label":" ","price":5.55},{"type":"B","date":"2018-05-03T01:50:12.000Z","volume":11000,"label":" ","price":5.51},{"type":"B","date":"2018-05-03T01:50:12.000Z","volume":17000,"label":" ","price":5.51},{"type":"A","date":"2018-05-03T01:51:10.000Z","volume":500,"label":" ","price":5.54},{"type":"U","date":"2018-05-03T01:51:33.000Z","volume":500,"label":" ","price":5.51},{"type":"B","date":"2018-05-03T01:51:36.000Z","volume":5000,"label":" ","price":5.5},{"type":"A","date":"2018-05-03T01:51:37.000Z","volume":1500,"label":" ","price":5.51},{"type":"A","date":"2018-05-03T01:52:04.000Z","volume":2000,"label":" ","price":5.51},{"type":"A","date":"2018-05-03T01:52:06.000Z","volume":1500,"label":" ","price":5.51},{"type":"A","date":"2018-05-03T01:52:17.000Z","volume":18500,"label":" ","price":5.51},{"type":"A","date":"2018-05-03T01:52:17.000Z","volume":1500,"label":" ","price":5.51},{"type":"A","date":"2018-05-03T01:52:18.000Z","volume":11000,"label":" ","price":5.52},{"type":"B","date":"2018-05-03T01:53:09.000Z","volume":27500,"label":" ","price":5.51},{"type":"A","date":"2018-05-03T01:53:10.000Z","volume":3000,"label":" ","price":5.52},{"type":"B","date":"2018-05-03T01:53:28.000Z","volume":56500,"label":" ","price":5.5},{"type":"B","date":"2018-05-03T01:53:28.000Z","volume":3000,"label":" ","price":5.5},{"type":"B","date":"2018-05-03T01:53:39.000Z","volume":1000,"label":" ","price":5.49},{"type":"B","date":"2018-05-03T01:54:44.000Z","volume":86000,"label":" ","price":5.49},{"type":"B","date":"2018-05-03T01:54:47.000Z","volume":6000,"label":" ","price":5.48},{"type":"B","date":"2018-05-03T01:54:47.000Z","volume":6000,"label":" ","price":5.48},{"type":"B","date":"2018-05-03T01:54:47.000Z","volume":2000,"label":" ","price":5.48},{"type":"B","date":"2018-05-03T01:54:47.000Z","volume":2500,"label":" ","price":5.48},{"type":"B","date":"2018-05-03T01:54:50.000Z","volume":2000,"label":" ","price":5.48},{"type":"B","date":"2018-05-03T01:54:55.000Z","volume":1000,"label":" ","price":5.48},{"type":"B","date":"2018-05-03T01:55:01.000Z","volume":500,"label":" ","price":5.48},{"type":"U","date":"2018-05-03T01:56:12.000Z","volume":1000,"label":"X","price":5.505},{"type":"B","date":"2018-05-03T01:56:49.000Z","volume":500,"label":" ","price":5.48},{"type":"A","date":"2018-05-03T01:58:12.000Z","volume":1500,"label":" ","price":5.5},{"type":"A","date":"2018-05-03T01:58:14.000Z","volume":500,"label":" ","price":5.5},{"type":"B","date":"2018-05-03T01:58:22.000Z","volume":500,"label":" ","price":5.49},{"type":"A","date":"2018-05-03T01:58:43.000Z","volume":61000,"label":" ","price":5.5},{"type":"A","date":"2018-05-03T01:58:43.000Z","volume":117000,"label":" ","price":5.5},{"type":"A","date":"2018-05-03T01:58:43.000Z","volume":202500,"label":" ","price":5.5},{"type":"A","date":"2018-05-03T01:58:43.000Z","volume":315500,"label":" ","price":5.5},{"type":"A","date":"2018-05-03T01:58:43.000Z","volume":16000,"label":" ","price":5.51},{"type":"A","date":"2018-05-03T01:58:45.000Z","volume":29000,"label":" ","price":5.51},{"type":"A","date":"2018-05-03T01:58:47.000Z","volume":45000,"label":" ","price":5.52},{"type":"A","date":"2018-05-03T01:58:49.000Z","volume":1500,"label":" ","price":5.53},{"type":"A","date":"2018-05-03T01:58:51.000Z","volume":20000,"label":" ","price":5.54},{"type":"A","date":"2018-05-03T01:58:53.000Z","volume":54500,"label":" ","price":5.55},{"type":"A","date":"2018-05-03T01:58:55.000Z","volume":500,"label":"Y","price":5.56},{"type":"A","date":"2018-05-03T01:58:55.000Z","volume":27500,"label":" ","price":5.56},{"type":"A","date":"2018-05-03T01:58:57.000Z","volume":17500,"label":" ","price":5.57},{"type":"A","date":"2018-05-03T01:58:59.000Z","volume":6500,"label":" ","price":5.57},{"type":"A","date":"2018-05-03T01:59:01.000Z","volume":41500,"label":" ","price":5.58},{"type":"A","date":"2018-05-03T01:59:03.000Z","volume":37500,"label":" ","price":5.59},{"type":"A","date":"2018-05-03T01:59:05.000Z","volume":73000,"label":" ","price":5.59},{"type":"A","date":"2018-05-03T01:59:07.000Z","volume":46500,"label":" ","price":5.6},{"type":"B","date":"2018-05-03T02:00:33.000Z","volume":500,"label":" ","price":5.54},{"type":"A","date":"2018-05-03T02:00:33.000Z","volume":3000,"label":" ","price":5.54},{"type":"A","date":"2018-05-03T02:00:35.000Z","volume":2000,"label":" ","price":5.54},{"type":"A","date":"2018-05-03T02:02:11.000Z","volume":1500,"label":" ","price":5.54},{"type":"A","date":"2018-05-03T02:02:13.000Z","volume":1000,"label":" ","price":5.54},{"type":"B","date":"2018-05-03T02:03:34.000Z","volume":500,"label":" ","price":5.53},{"type":"B","date":"2018-05-03T02:04:20.000Z","volume":43500,"label":" ","price":5.53},{"type":"B","date":"2018-05-03T02:04:20.000Z","volume":500,"label":" ","price":5.53},{"type":"B","date":"2018-05-03T02:04:53.000Z","volume":500,"label":" ","price":5.52},{"type":"U","date":"2018-05-03T02:05:36.000Z","volume":500,"label":" ","price":5.53},{"type":"B","date":"2018-05-03T02:06:19.000Z","volume":42000,"label":" ","price":5.52},{"type":"A","date":"2018-05-03T02:06:19.000Z","volume":5500,"label":" ","price":5.52},{"type":"A","date":"2018-05-03T02:06:19.000Z","volume":1500,"label":" ","price":5.52},{"type":"B","date":"2018-05-03T02:06:21.000Z","volume":5500,"label":" ","price":5.51},{"type":"B","date":"2018-05-03T02:06:21.000Z","volume":1000,"label":" ","price":5.51},{"type":"B","date":"2018-05-03T02:06:23.000Z","volume":17500,"label":" ","price":5.51},{"type":"B","date":"2018-05-03T02:06:25.000Z","volume":11500,"label":" ","price":5.51},{"type":"B","date":"2018-05-03T02:06:27.000Z","volume":500,"label":" ","price":5.51},{"type":"B","date":"2018-05-03T02:06:32.000Z","volume":1500,"label":" ","price":5.51},{"type":"B","date":"2018-05-03T02:06:32.000Z","volume":16500,"label":" ","price":5.51},{"type":"B","date":"2018-05-03T02:07:02.000Z","volume":1000,"label":" ","price":5.5},{"type":"U","date":"2018-05-03T02:07:28.000Z","volume":2000,"label":"X","price":5.52},{"type":"B","date":"2018-05-03T02:08:19.000Z","volume":500,"label":" ","price":5.5},{"type":"B","date":"2018-05-03T02:08:19.000Z","volume":500,"label":" ","price":5.5},{"type":"B","date":"2018-05-03T02:08:21.000Z","volume":24000,"label":" ","price":5.5},{"type":"A","date":"2018-05-03T02:08:21.000Z","volume":13000,"label":" ","price":5.51},{"type":"B","date":"2018-05-03T02:09:38.000Z","volume":18000,"label":" ","price":5.5},{"type":"B","date":"2018-05-03T02:09:38.000Z","volume":3500,"label":" ","price":5.5},{"type":"B","date":"2018-05-03T02:09:39.000Z","volume":51000,"label":" ","price":5.5},{"type":"A","date":"2018-05-03T02:09:40.000Z","volume":40500,"label":" ","price":5.51},{"type":"A","date":"2018-05-03T02:09:40.000Z","volume":17000,"label":" ","price":5.51},{"type":"A","date":"2018-05-03T02:09:42.000Z","volume":6500,"label":" ","price":5.52},{"type":"B","date":"2018-05-03T02:09:42.000Z","volume":500,"label":" ","price":5.52},{"type":"A","date":"2018-05-03T02:09:44.000Z","volume":3500,"label":" ","price":5.53},{"type":"B","date":"2018-05-03T02:09:57.000Z","volume":3000,"label":" ","price":5.52},{"type":"U","date":"2018-05-03T02:10:59.000Z","volume":500,"label":" ","price":5.52},{"type":"A","date":"2018-05-03T02:11:01.000Z","volume":500,"label":" ","price":5.53},{"type":"B","date":"2018-05-03T02:12:03.000Z","volume":500,"label":" ","price":5.52},{"type":"B","date":"2018-05-03T02:12:36.000Z","volume":500,"label":"Y","price":5.51},{"type":"B","date":"2018-05-03T02:12:36.000Z","volume":9500,"label":" ","price":5.51},{"type":"B","date":"2018-05-03T02:13:20.000Z","volume":5000,"label":" ","price":5.5},{"type":"B","date":"2018-05-03T02:13:20.000Z","volume":2500,"label":"Y","price":5.49},{"type":"B","date":"2018-05-03T02:13:20.000Z","volume":92500,"label":" ","price":5.49},{"type":"A","date":"2018-05-03T02:13:21.000Z","volume":45000,"label":" ","price":5.52},{"type":"B","date":"2018-05-03T02:15:17.000Z","volume":9000,"label":" ","price":5.5},{"type":"A","date":"2018-05-03T02:15:17.000Z","volume":5000,"label":" ","price":5.52},{"type":"B","date":"2018-05-03T02:15:48.000Z","volume":500,"label":" ","price":5.5},{"type":"B","date":"2018-05-03T02:15:48.000Z","volume":3000,"label":" ","price":5.49},{"type":"A","date":"2018-05-03T02:15:50.000Z","volume":500,"label":" ","price":5.5},{"type":"U","date":"2018-05-03T02:17:28.000Z","volume":1500,"label":"X","price":5.503},{"type":"A","date":"2018-05-03T02:17:41.000Z","volume":50000,"label":" ","price":5.5},{"type":"A","date":"2018-05-03T02:17:41.000Z","volume":2500,"label":" ","price":5.5},{"type":"A","date":"2018-05-03T02:17:43.000Z","volume":6000,"label":" ","price":5.51},{"type":"A","date":"2018-05-03T02:17:45.000Z","volume":10500,"label":" ","price":5.52},{"type":"A","date":"2018-05-03T02:17:47.000Z","volume":13000,"label":" ","price":5.53},{"type":"B","date":"2018-05-03T02:18:07.000Z","volume":1500,"label":" ","price":5.51},{"type":"B","date":"2018-05-03T02:18:07.000Z","volume":11000,"label":" ","price":5.51},{"type":"A","date":"2018-05-03T02:19:54.000Z","volume":1500,"label":" ","price":5.53},{"type":"B","date":"2018-05-03T02:21:06.000Z","volume":13500,"label":" ","price":5.5},{"type":"B","date":"2018-05-03T02:23:32.000Z","volume":10500,"label":" ","price":5.5},{"type":"A","date":"2018-05-03T02:23:33.000Z","volume":5000,"label":" ","price":5.52},{"type":"U","date":"2018-05-03T02:24:36.000Z","volume":500,"label":" ","price":5.51},{"type":"B","date":"2018-05-03T02:26:16.000Z","volume":14000,"label":" ","price":5.5},{"type":"B","date":"2018-05-03T02:26:16.000Z","volume":500,"label":" ","price":5.51},{"type":"A","date":"2018-05-03T02:26:17.000Z","volume":7500,"label":" ","price":5.52},{"type":"B","date":"2018-05-03T02:26:24.000Z","volume":500,"label":" ","price":5.5},{"type":"B","date":"2018-05-03T02:26:27.000Z","volume":2000,"label":" ","price":5.5},{"type":"A","date":"2018-05-03T02:26:28.000Z","volume":1000,"label":" ","price":5.52},{"type":"A","date":"2018-05-03T02:27:15.000Z","volume":1500,"label":" ","price":5.52},{"type":"U","date":"2018-05-03T02:27:28.000Z","volume":2000,"label":"X","price":5.507},{"type":"B","date":"2018-05-03T02:27:43.000Z","volume":5000,"label":" ","price":5.5},{"type":"B","date":"2018-05-03T02:27:43.000Z","volume":4000,"label":" ","price":5.5},{"type":"A","date":"2018-05-03T02:27:48.000Z","volume":4000,"label":" ","price":5.5},{"type":"A","date":"2018-05-03T02:27:49.000Z","volume":500,"label":"Y","price":5.5},{"type":"A","date":"2018-05-03T02:27:49.000Z","volume":1500,"label":" ","price":5.5},{"type":"A","date":"2018-05-03T02:28:20.000Z","volume":3000,"label":" ","price":5.5},{"type":"A","date":"2018-05-03T02:28:21.000Z","volume":1500,"label":" ","price":5.5},{"type":"B","date":"2018-05-03T02:28:59.000Z","volume":7000,"label":" ","price":5.49},{"type":"A","date":"2018-05-03T02:29:00.000Z","volume":3500,"label":" ","price":5.5},{"type":"A","date":"2018-05-03T02:29:40.000Z","volume":500,"label":" ","price":5.5},{"type":"U","date":"2018-05-03T02:30:07.000Z","volume":500,"label":"X","price":5.498},{"type":"A","date":"2018-05-03T02:31:22.000Z","volume":60000,"label":" ","price":5.5},{"type":"A","date":"2018-05-03T02:31:22.000Z","volume":3000,"label":" ","price":5.5},{"type":"A","date":"2018-05-03T02:31:23.000Z","volume":8000,"label":"Y","price":5.5},{"type":"A","date":"2018-05-03T02:31:23.000Z","volume":5000,"label":" ","price":5.5},{"type":"A","date":"2018-05-03T02:31:23.000Z","volume":8500,"label":" ","price":5.51},{"type":"A","date":"2018-05-03T02:31:23.000Z","volume":8000,"label":" ","price":5.52},{"type":"A","date":"2018-05-03T02:31:23.000Z","volume":2000,"label":" ","price":5.53},{"type":"A","date":"2018-05-03T02:31:24.000Z","volume":48000,"label":" ","price":5.53},{"type":"A","date":"2018-05-03T02:31:25.000Z","volume":23000,"label":" ","price":5.53},{"type":"A","date":"2018-05-03T02:31:26.000Z","volume":13000,"label":" ","price":5.53},{"type":"A","date":"2018-05-03T02:31:26.000Z","volume":6000,"label":" ","price":5.53},{"type":"A","date":"2018-05-03T02:31:28.000Z","volume":3500,"label":" ","price":5.53},{"type":"B","date":"2018-05-03T02:31:39.000Z","volume":1500,"label":" ","price":5.5},{"type":"B","date":"2018-05-03T02:31:51.000Z","volume":2500,"label":" ","price":5.5},{"type":"B","date":"2018-05-03T02:31:51.000Z","volume":500,"label":" ","price":5.5},{"type":"A","date":"2018-05-03T02:31:58.000Z","volume":500,"label":" ","price":5.53},{"type":"A","date":"2018-05-03T02:31:59.000Z","volume":500,"label":" ","price":5.53},{"type":"A","date":"2018-05-03T02:32:00.000Z","volume":1500,"label":" ","price":5.53},{"type":"A","date":"2018-05-03T02:32:01.000Z","volume":1000,"label":" ","price":5.53},{"type":"B","date":"2018-05-03T02:33:35.000Z","volume":10000,"label":" ","price":5.5},{"type":"A","date":"2018-05-03T02:33:36.000Z","volume":2500,"label":" ","price":5.53},{"type":"A","date":"2018-05-03T02:35:55.000Z","volume":1500,"label":" ","price":5.53},{"type":"A","date":"2018-05-03T02:35:56.000Z","volume":6500,"label":" ","price":5.53},{"type":"A","date":"2018-05-03T02:35:57.000Z","volume":4500,"label":" ","price":5.53},{"type":"A","date":"2018-05-03T02:37:33.000Z","volume":2000,"label":" ","price":5.52},{"type":"A","date":"2018-05-03T02:37:35.000Z","volume":1000,"label":" ","price":5.52},{"type":"A","date":"2018-05-03T02:38:22.000Z","volume":1500,"label":" ","price":5.52},{"type":"A","date":"2018-05-03T02:38:24.000Z","volume":500,"label":" ","price":5.52},{"type":"U","date":"2018-05-03T02:39:19.000Z","volume":2500,"label":"X","price":5.518},{"type":"B","date":"2018-05-03T02:39:33.000Z","volume":500,"label":" ","price":5.51},{"type":"A","date":"2018-05-03T02:39:34.000Z","volume":500,"label":" ","price":5.52},{"type":"B","date":"2018-05-03T02:40:00.000Z","volume":29500,"label":" ","price":5.5},{"type":"A","date":"2018-05-03T02:40:01.000Z","volume":1500,"label":"Y","price":5.51},{"type":"A","date":"2018-05-03T02:40:01.000Z","volume":18500,"label":" ","price":5.51},{"type":"A","date":"2018-05-03T02:40:02.000Z","volume":16500,"label":" ","price":5.51},{"type":"A","date":"2018-05-03T02:40:04.000Z","volume":11500,"label":" ","price":5.52},{"type":"A","date":"2018-05-03T02:40:05.000Z","volume":13500,"label":" ","price":5.52},{"type":"A","date":"2018-05-03T02:40:06.000Z","volume":7500,"label":" ","price":5.52},{"type":"A","date":"2018-05-03T02:41:12.000Z","volume":500,"label":" ","price":5.52},{"type":"U","date":"2018-05-03T02:41:27.000Z","volume":6500,"label":" ","price":5.51},{"type":"A","date":"2018-05-03T02:41:27.000Z","volume":500,"label":" ","price":5.51},{"type":"B","date":"2018-05-03T02:41:27.000Z","volume":12500,"label":" ","price":5.5},{"type":"A","date":"2018-05-03T02:41:27.000Z","volume":500,"label":" ","price":5.51},{"type":"A","date":"2018-05-03T02:41:27.000Z","volume":500,"label":" ","price":5.51},{"type":"A","date":"2018-05-03T02:41:27.000Z","volume":500,"label":" ","price":5.51},{"type":"A","date":"2018-05-03T02:41:27.000Z","volume":500,"label":" ","price":5.51},{"type":"A","date":"2018-05-03T02:41:28.000Z","volume":500,"label":"Y","price":5.51},{"type":"A","date":"2018-05-03T02:41:28.000Z","volume":2500,"label":" ","price":5.51},{"type":"A","date":"2018-05-03T02:41:28.000Z","volume":11500,"label":" ","price":5.52},{"type":"A","date":"2018-05-03T02:41:29.000Z","volume":14000,"label":" ","price":5.52},{"type":"A","date":"2018-05-03T02:41:31.000Z","volume":6500,"label":" ","price":5.53},{"type":"A","date":"2018-05-03T02:42:54.000Z","volume":1500,"label":" ","price":5.52},{"type":"A","date":"2018-05-03T02:42:55.000Z","volume":11000,"label":" ","price":5.52},{"type":"A","date":"2018-05-03T02:42:56.000Z","volume":7000,"label":" ","price":5.52},{"type":"B","date":"2018-05-03T02:43:03.000Z","volume":4000,"label":"Y","price":5.51},{"type":"B","date":"2018-05-03T02:43:03.000Z","volume":1500,"label":"Y","price":5.51},{"type":"B","date":"2018-05-03T02:43:03.000Z","volume":2000,"label":" ","price":5.51},{"type":"B","date":"2018-05-03T02:43:03.000Z","volume":3000,"label":" ","price":5.51},{"type":"A","date":"2018-05-03T02:43:03.000Z","volume":2000,"label":" ","price":5.51},{"type":"A","date":"2018-05-03T02:43:05.000Z","volume":1000,"label":" ","price":5.51},{"type":"A","date":"2018-05-03T02:43:53.000Z","volume":500,"label":" ","price":5.51},{"type":"U","date":"2018-05-03T02:43:53.000Z","volume":1000,"label":"X","price":5.51},{"type":"B","date":"2018-05-03T02:45:31.000Z","volume":10000,"label":" ","price":5.5},{"type":"A","date":"2018-05-03T02:45:33.000Z","volume":5500,"label":" ","price":5.51},{"type":"A","date":"2018-05-03T02:45:43.000Z","volume":500,"label":" ","price":5.51},{"type":"A","date":"2018-05-03T02:45:43.000Z","volume":500,"label":" ","price":5.51},{"type":"A","date":"2018-05-03T02:46:02.000Z","volume":2000,"label":" ","price":5.51},{"type":"A","date":"2018-05-03T02:46:04.000Z","volume":1000,"label":" ","price":5.51},{"type":"A","date":"2018-05-03T02:46:37.000Z","volume":38500,"label":" ","price":5.51},{"type":"A","date":"2018-05-03T02:46:38.000Z","volume":11500,"label":" ","price":5.52},{"type":"A","date":"2018-05-03T02:46:38.000Z","volume":16000,"label":" ","price":5.53},{"type":"B","date":"2018-05-03T02:46:39.000Z","volume":500,"label":" ","price":5.52},{"type":"A","date":"2018-05-03T02:46:40.000Z","volume":37500,"label":" ","price":5.53},{"type":"A","date":"2018-05-03T02:46:41.000Z","volume":18500,"label":" ","price":5.53},{"type":"A","date":"2018-05-03T02:46:42.000Z","volume":10500,"label":" ","price":5.53},{"type":"B","date":"2018-05-03T02:46:47.000Z","volume":1000,"label":"Y","price":5.52},{"type":"B","date":"2018-05-03T02:46:47.000Z","volume":3000,"label":" ","price":5.52},{"type":"B","date":"2018-05-03T02:46:47.000Z","volume":4500,"label":" ","price":5.52},{"type":"A","date":"2018-05-03T02:46:48.000Z","volume":3000,"label":" ","price":5.53},{"type":"B","date":"2018-05-03T02:47:05.000Z","volume":3000,"label":" ","price":5.52},{"type":"A","date":"2018-05-03T02:47:05.000Z","volume":1000,"label":" ","price":5.52},{"type":"B","date":"2018-05-03T02:47:33.000Z","volume":18500,"label":" ","price":5.51},{"type":"A","date":"2018-05-03T02:47:34.000Z","volume":7500,"label":" ","price":5.52},{"type":"A","date":"2018-05-03T02:47:36.000Z","volume":1000,"label":" ","price":5.52},{"type":"A","date":"2018-05-03T02:47:38.000Z","volume":500,"label":" ","price":5.52},{"type":"B","date":"2018-05-03T02:47:42.000Z","volume":2000,"label":" ","price":5.51},{"type":"A","date":"2018-05-03T02:47:44.000Z","volume":1000,"label":" ","price":5.52},{"type":"B","date":"2018-05-03T02:48:05.000Z","volume":2000,"label":" ","price":5.51},{"type":"B","date":"2018-05-03T02:48:05.000Z","volume":500,"label":" ","price":5.51},{"type":"A","date":"2018-05-03T02:48:06.000Z","volume":500,"label":" ","price":5.52},{"type":"A","date":"2018-05-03T02:48:07.000Z","volume":1500,"label":" ","price":5.52},{"type":"B","date":"2018-05-03T02:50:41.000Z","volume":4000,"label":" ","price":5.51},{"type":"A","date":"2018-05-03T02:51:25.000Z","volume":500,"label":" ","price":5.52},{"type":"B","date":"2018-05-03T02:53:40.000Z","volume":18000,"label":" ","price":5.51},{"type":"B","date":"2018-05-03T02:53:42.000Z","volume":1000,"label":" ","price":5.51},{"type":"B","date":"2018-05-03T02:53:42.000Z","volume":1000,"label":" ","price":5.51},{"type":"B","date":"2018-05-03T02:53:42.000Z","volume":3000,"label":" ","price":5.51},{"type":"B","date":"2018-05-03T02:54:05.000Z","volume":10500,"label":" ","price":5.51},{"type":"A","date":"2018-05-03T02:54:07.000Z","volume":1500,"label":" ","price":5.52},{"type":"A","date":"2018-05-03T02:54:24.000Z","volume":115500,"label":" ","price":5.52},{"type":"A","date":"2018-05-03T02:54:24.000Z","volume":141000,"label":" ","price":5.53},{"type":"A","date":"2018-05-03T02:54:24.000Z","volume":29000,"label":" ","price":5.54},{"type":"A","date":"2018-05-03T02:54:25.000Z","volume":143000,"label":" ","price":5.55},{"type":"A","date":"2018-05-03T02:54:26.000Z","volume":195500,"label":" ","price":5.55},{"type":"A","date":"2018-05-03T02:54:27.000Z","volume":62000,"label":" ","price":5.55},{"type":"A","date":"2018-05-03T02:54:27.000Z","volume":3000,"label":" ","price":5.56},{"type":"A","date":"2018-05-03T02:54:27.000Z","volume":2000,"label":" ","price":5.57},{"type":"A","date":"2018-05-03T02:54:27.000Z","volume":27000,"label":" ","price":5.58},{"type":"A","date":"2018-05-03T02:54:27.000Z","volume":500,"label":" ","price":5.57},{"type":"A","date":"2018-05-03T02:54:27.000Z","volume":500,"label":" ","price":5.57},{"type":"A","date":"2018-05-03T02:54:28.000Z","volume":500,"label":" ","price":5.57},{"type":"A","date":"2018-05-03T02:54:30.000Z","volume":53000,"label":" ","price":5.57},{"type":"U","date":"2018-05-03T02:56:26.000Z","volume":500,"label":" ","price":5.55},{"type":"B","date":"2018-05-03T02:57:07.000Z","volume":15000,"label":" ","price":5.54},{"type":"B","date":"2018-05-03T02:57:07.000Z","volume":7000,"label":" ","price":5.54},{"type":"A","date":"2018-05-03T02:57:09.000Z","volume":4000,"label":" ","price":5.56},{"type":"B","date":"2018-05-03T02:57:10.000Z","volume":6000,"label":" ","price":5.53},{"type":"B","date":"2018-05-03T02:57:42.000Z","volume":500,"label":" ","price":5.54},{"type":"B","date":"2018-05-03T02:59:05.000Z","volume":1000,"label":" ","price":5.54},{"type":"U","date":"2018-05-03T02:59:19.000Z","volume":3000,"label":"X","price":5.542},{"type":"B","date":"2018-05-03T03:01:52.000Z","volume":5000,"label":" ","price":5.54},{"type":"A","date":"2018-05-03T03:01:54.000Z","volume":1000,"label":" ","price":5.55},{"type":"B","date":"2018-05-03T03:03:07.000Z","volume":44000,"label":" ","price":5.54},{"type":"B","date":"2018-05-03T03:03:07.000Z","volume":10500,"label":" ","price":5.54},{"type":"B","date":"2018-05-03T03:03:07.000Z","volume":7000,"label":" ","price":5.54},{"type":"B","date":"2018-05-03T03:03:07.000Z","volume":2000,"label":" ","price":5.53},{"type":"B","date":"2018-05-03T03:03:09.000Z","volume":4000,"label":" ","price":5.53},{"type":"B","date":"2018-05-03T03:03:11.000Z","volume":10000,"label":" ","price":5.53},{"type":"B","date":"2018-05-03T03:03:11.000Z","volume":7000,"label":" ","price":5.53},{"type":"B","date":"2018-05-03T03:03:11.000Z","volume":500,"label":" ","price":5.53},{"type":"A","date":"2018-05-03T03:03:11.000Z","volume":16500,"label":" ","price":5.53},{"type":"A","date":"2018-05-03T03:03:13.000Z","volume":9000,"label":" ","price":5.53},{"type":"A","date":"2018-05-03T03:03:13.000Z","volume":6000,"label":" ","price":5.53},{"type":"A","date":"2018-05-03T03:03:15.000Z","volume":3500,"label":" ","price":5.53},{"type":"A","date":"2018-05-03T03:03:17.000Z","volume":2500,"label":" ","price":5.53},{"type":"A","date":"2018-05-03T03:03:19.000Z","volume":1500,"label":" ","price":5.54},{"type":"U","date":"2018-05-03T03:04:19.000Z","volume":2500,"label":"X","price":5.535},{"type":"A","date":"2018-05-03T03:04:27.000Z","volume":500,"label":" ","price":5.53},{"type":"B","date":"2018-05-03T03:04:28.000Z","volume":1000,"label":" ","price":5.52},{"type":"A","date":"2018-05-03T03:04:36.000Z","volume":1000,"label":" ","price":5.53},{"type":"B","date":"2018-05-03T03:08:07.000Z","volume":1500,"label":" ","price":5.52},{"type":"A","date":"2018-05-03T03:08:07.000Z","volume":500,"label":" ","price":5.53},{"type":"U","date":"2018-05-03T03:08:34.000Z","volume":500,"label":"X","price":5.523},{"type":"B","date":"2018-05-03T03:09:07.000Z","volume":1000,"label":" ","price":5.52},{"type":"B","date":"2018-05-03T03:09:17.000Z","volume":1000,"label":" ","price":5.52},{"type":"B","date":"2018-05-03T03:09:48.000Z","volume":5000,"label":" ","price":5.52},{"type":"B","date":"2018-05-03T03:10:25.000Z","volume":1000,"label":" ","price":5.52},{"type":"A","date":"2018-05-03T03:11:09.000Z","volume":500,"label":" ","price":5.53},{"type":"B","date":"2018-05-03T03:11:25.000Z","volume":1000,"label":" ","price":5.52},{"type":"B","date":"2018-05-03T03:11:25.000Z","volume":1000,"label":" ","price":5.52},{"type":"B","date":"2018-05-03T03:11:25.000Z","volume":1000,"label":" ","price":5.52},{"type":"B","date":"2018-05-03T03:11:32.000Z","volume":1000,"label":" ","price":5.52},{"type":"B","date":"2018-05-03T03:12:42.000Z","volume":5500,"label":" ","price":5.52},{"type":"B","date":"2018-05-03T03:12:42.000Z","volume":1500,"label":" ","price":5.52},{"type":"A","date":"2018-05-03T03:12:43.000Z","volume":6000,"label":"Y","price":5.53},{"type":"A","date":"2018-05-03T03:12:43.000Z","volume":28000,"label":" ","price":5.53},{"type":"A","date":"2018-05-03T03:12:44.000Z","volume":21500,"label":" ","price":5.53},{"type":"B","date":"2018-05-03T03:12:45.000Z","volume":1000,"label":" ","price":5.52},{"type":"B","date":"2018-05-03T03:12:45.000Z","volume":1000,"label":" ","price":5.52},{"type":"A","date":"2018-05-03T03:12:46.000Z","volume":1500,"label":" ","price":5.53},{"type":"B","date":"2018-05-03T03:12:50.000Z","volume":500,"label":" ","price":5.52},{"type":"B","date":"2018-05-03T03:12:50.000Z","volume":15000,"label":" ","price":5.52},{"type":"A","date":"2018-05-03T03:12:52.000Z","volume":500,"label":" ","price":5.53},{"type":"B","date":"2018-05-03T03:14:01.000Z","volume":4000,"label":" ","price":5.52},{"type":"B","date":"2018-05-03T03:14:43.000Z","volume":2500,"label":" ","price":5.52},{"type":"B","date":"2018-05-03T03:14:44.000Z","volume":2500,"label":" ","price":5.52},{"type":"A","date":"2018-05-03T03:14:51.000Z","volume":1500,"label":" ","price":5.53},{"type":"A","date":"2018-05-03T03:14:53.000Z","volume":500,"label":" ","price":5.53},{"type":"B","date":"2018-05-03T03:15:23.000Z","volume":4000,"label":" ","price":5.52},{"type":"B","date":"2018-05-03T03:15:28.000Z","volume":1000,"label":" ","price":5.52},{"type":"A","date":"2018-05-03T03:16:53.000Z","volume":500,"label":" ","price":5.53},{"type":"B","date":"2018-05-03T03:16:57.000Z","volume":500,"label":"Y","price":5.52},{"type":"B","date":"2018-05-03T03:16:57.000Z","volume":500,"label":" ","price":5.52},{"type":"B","date":"2018-05-03T03:17:29.000Z","volume":500,"label":" ","price":5.52},{"type":"B","date":"2018-05-03T03:17:32.000Z","volume":1000,"label":" ","price":5.52},{"type":"B","date":"2018-05-03T03:17:34.000Z","volume":3000,"label":" ","price":5.52},{"type":"B","date":"2018-05-03T03:17:36.000Z","volume":1000,"label":" ","price":5.52},{"type":"B","date":"2018-05-03T03:17:53.000Z","volume":9500,"label":" ","price":5.52},{"type":"B","date":"2018-05-03T03:17:54.000Z","volume":1000,"label":" ","price":5.52},{"type":"B","date":"2018-05-03T03:17:54.000Z","volume":500,"label":" ","price":5.52},{"type":"B","date":"2018-05-03T03:17:54.000Z","volume":1500,"label":" ","price":5.52},{"type":"A","date":"2018-05-03T03:17:55.000Z","volume":7000,"label":" ","price":5.53},{"type":"B","date":"2018-05-03T03:18:17.000Z","volume":1000,"label":" ","price":5.52},{"type":"A","date":"2018-05-03T03:18:17.000Z","volume":500,"label":" ","price":5.53},{"type":"B","date":"2018-05-03T03:18:17.000Z","volume":8500,"label":" ","price":5.52},{"type":"A","date":"2018-05-03T03:18:19.000Z","volume":4000,"label":" ","price":5.53},{"type":"B","date":"2018-05-03T03:19:12.000Z","volume":1000,"label":" ","price":5.52},{"type":"B","date":"2018-05-03T03:19:54.000Z","volume":500,"label":" ","price":5.52},{"type":"B","date":"2018-05-03T03:19:57.000Z","volume":1000,"label":" ","price":5.52},{"type":"B","date":"2018-05-03T03:20:06.000Z","volume":500,"label":" ","price":5.52},{"type":"B","date":"2018-05-03T03:20:22.000Z","volume":1000,"label":" ","price":5.52},{"type":"B","date":"2018-05-03T03:20:23.000Z","volume":3000,"label":" ","price":5.52},{"type":"B","date":"2018-05-03T03:20:52.000Z","volume":12000,"label":" ","price":5.52},{"type":"B","date":"2018-05-03T03:20:52.000Z","volume":1000,"label":" ","price":5.52},{"type":"B","date":"2018-05-03T03:20:52.000Z","volume":1000,"label":" ","price":5.52},{"type":"B","date":"2018-05-03T03:20:54.000Z","volume":1500,"label":" ","price":5.52},{"type":"B","date":"2018-05-03T03:20:54.000Z","volume":500,"label":" ","price":5.52},{"type":"B","date":"2018-05-03T03:21:03.000Z","volume":2000,"label":"Y","price":5.52},{"type":"B","date":"2018-05-03T03:21:03.000Z","volume":2000,"label":" ","price":5.52},{"type":"B","date":"2018-05-03T03:21:03.000Z","volume":500,"label":"Y","price":5.52},{"type":"B","date":"2018-05-03T03:21:03.000Z","volume":3000,"label":" ","price":5.52},{"type":"B","date":"2018-05-03T03:21:03.000Z","volume":3000,"label":"Y","price":5.52},{"type":"A","date":"2018-05-03T03:21:05.000Z","volume":2000,"label":" ","price":5.52},{"type":"B","date":"2018-05-03T03:21:06.000Z","volume":1000,"label":" ","price":5.51},{"type":"B","date":"2018-05-03T03:21:06.000Z","volume":4000,"label":" ","price":5.51},{"type":"B","date":"2018-05-03T03:21:06.000Z","volume":2000,"label":" ","price":5.51},{"type":"A","date":"2018-05-03T03:21:07.000Z","volume":5000,"label":" ","price":5.52},{"type":"A","date":"2018-05-03T03:21:26.000Z","volume":80000,"label":" ","price":5.52},{"type":"A","date":"2018-05-03T03:21:26.000Z","volume":45000,"label":" ","price":5.53},{"type":"A","date":"2018-05-03T03:21:27.000Z","volume":1000,"label":"Y","price":5.53},{"type":"A","date":"2018-05-03T03:21:27.000Z","volume":11000,"label":" ","price":5.53},{"type":"A","date":"2018-05-03T03:21:27.000Z","volume":54000,"label":" ","price":5.54},{"type":"A","date":"2018-05-03T03:21:28.000Z","volume":13500,"label":" ","price":5.54},{"type":"A","date":"2018-05-03T03:21:30.000Z","volume":12000,"label":" ","price":5.55},{"type":"A","date":"2018-05-03T03:21:32.000Z","volume":4000,"label":" ","price":5.56},{"type":"A","date":"2018-05-03T03:21:34.000Z","volume":7500,"label":" ","price":5.57},{"type":"U","date":"2018-05-03T03:22:15.000Z","volume":1500,"label":"X","price":5.53},{"type":"B","date":"2018-05-03T03:25:03.000Z","volume":2000,"label":"Y","price":5.53},{"type":"B","date":"2018-05-03T03:25:03.000Z","volume":2000,"label":" ","price":5.53},{"type":"B","date":"2018-05-03T03:25:05.000Z","volume":500,"label":" ","price":5.53},{"type":"A","date":"2018-05-03T03:25:47.000Z","volume":500,"label":"Y","price":5.54},{"type":"A","date":"2018-05-03T03:25:47.000Z","volume":500,"label":" ","price":5.54},{"type":"A","date":"2018-05-03T03:26:19.000Z","volume":500,"label":" ","price":5.54},{"type":"A","date":"2018-05-03T03:26:21.000Z","volume":500,"label":" ","price":5.54},{"type":"B","date":"2018-05-03T03:27:10.000Z","volume":23000,"label":" ","price":5.53},{"type":"B","date":"2018-05-03T03:27:10.000Z","volume":26500,"label":" ","price":5.52},{"type":"B","date":"2018-05-03T03:27:12.000Z","volume":500,"label":" ","price":5.53},{"type":"B","date":"2018-05-03T03:27:12.000Z","volume":500,"label":" ","price":5.53},{"type":"B","date":"2018-05-03T03:27:14.000Z","volume":12500,"label":" ","price":5.53},{"type":"B","date":"2018-05-03T03:27:14.000Z","volume":3000,"label":" ","price":5.53},{"type":"B","date":"2018-05-03T03:28:38.000Z","volume":1000,"label":"Y","price":5.52},{"type":"B","date":"2018-05-03T03:28:38.000Z","volume":2000,"label":" ","price":5.52},{"type":"B","date":"2018-05-03T03:28:58.000Z","volume":9500,"label":" ","price":5.52},{"type":"B","date":"2018-05-03T03:28:58.000Z","volume":500,"label":" ","price":5.52},{"type":"A","date":"2018-05-03T03:29:00.000Z","volume":500,"label":" ","price":5.52},{"type":"A","date":"2018-05-03T03:29:14.000Z","volume":27000,"label":" ","price":5.52},{"type":"A","date":"2018-05-03T03:29:16.000Z","volume":15500,"label":" ","price":5.53},{"type":"A","date":"2018-05-03T03:29:16.000Z","volume":1000,"label":" ","price":5.53},{"type":"A","date":"2018-05-03T03:29:18.000Z","volume":500,"label":" ","price":5.54},{"type":"A","date":"2018-05-03T03:29:23.000Z","volume":500,"label":" ","price":5.54},{"type":"U","date":"2018-05-03T03:32:15.000Z","volume":500,"label":"X","price":5.525},{"type":"B","date":"2018-05-03T03:33:25.000Z","volume":1000,"label":" ","price":5.53},{"type":"B","date":"2018-05-03T03:33:25.000Z","volume":39000,"label":" ","price":5.53},{"type":"B","date":"2018-05-03T03:33:33.000Z","volume":4500,"label":" ","price":5.52},{"type":"B","date":"2018-05-03T03:33:36.000Z","volume":12500,"label":" ","price":5.52},{"type":"B","date":"2018-05-03T03:33:47.000Z","volume":4500,"label":" ","price":5.52},{"type":"B","date":"2018-05-03T03:34:43.000Z","volume":5500,"label":" ","price":5.52},{"type":"B","date":"2018-05-03T03:34:44.000Z","volume":4500,"label":" ","price":5.52},{"type":"A","date":"2018-05-03T03:34:53.000Z","volume":500,"label":"Y","price":5.53},{"type":"A","date":"2018-05-03T03:34:53.000Z","volume":1000,"label":" ","price":5.53},{"type":"B","date":"2018-05-03T03:35:41.000Z","volume":5500,"label":" ","price":5.52},{"type":"B","date":"2018-05-03T03:36:38.000Z","volume":3000,"label":"Y","price":5.52},{"type":"B","date":"2018-05-03T03:36:38.000Z","volume":2000,"label":" ","price":5.52},{"type":"A","date":"2018-05-03T03:36:40.000Z","volume":500,"label":" ","price":5.53},{"type":"B","date":"2018-05-03T03:37:00.000Z","volume":500,"label":" ","price":5.52},{"type":"B","date":"2018-05-03T03:37:34.000Z","volume":9500,"label":" ","price":5.52},{"type":"B","date":"2018-05-03T03:37:34.000Z","volume":500,"label":" ","price":5.52},{"type":"B","date":"2018-05-03T03:37:39.000Z","volume":4000,"label":" ","price":5.52},{"type":"B","date":"2018-05-03T03:38:36.000Z","volume":4500,"label":" ","price":5.51},{"type":"A","date":"2018-05-03T03:38:38.000Z","volume":2500,"label":" ","price":5.53},{"type":"A","date":"2018-05-03T03:39:28.000Z","volume":63500,"label":" ","price":5.52},{"type":"B","date":"2018-05-03T03:39:28.000Z","volume":3000,"label":" ","price":5.52},{"type":"A","date":"2018-05-03T03:39:30.000Z","volume":37500,"label":" ","price":5.53},{"type":"A","date":"2018-05-03T03:39:31.000Z","volume":46500,"label":" ","price":5.53},{"type":"A","date":"2018-05-03T03:39:31.000Z","volume":7500,"label":" ","price":5.54},{"type":"A","date":"2018-05-03T03:39:32.000Z","volume":1000,"label":" ","price":5.54},{"type":"A","date":"2018-05-03T03:39:34.000Z","volume":18500,"label":" ","price":5.55},{"type":"A","date":"2018-05-03T03:39:36.000Z","volume":11000,"label":" ","price":5.57},{"type":"U","date":"2018-05-03T03:40:26.000Z","volume":500,"label":"X","price":5.529},{"type":"B","date":"2018-05-03T03:40:56.000Z","volume":4500,"label":" ","price":5.53},{"type":"B","date":"2018-05-03T03:40:57.000Z","volume":1500,"label":" ","price":5.53},{"type":"A","date":"2018-05-03T03:40:58.000Z","volume":3500,"label":" ","price":5.54},{"type":"B","date":"2018-05-03T03:41:04.000Z","volume":500,"label":" ","price":5.53},{"type":"B","date":"2018-05-03T03:41:04.000Z","volume":1000,"label":" ","price":5.53},{"type":"A","date":"2018-05-03T03:41:04.000Z","volume":500,"label":" ","price":5.54},{"type":"B","date":"2018-05-03T03:41:39.000Z","volume":4500,"label":" ","price":5.53},{"type":"B","date":"2018-05-03T03:42:41.000Z","volume":5000,"label":" ","price":5.53},{"type":"B","date":"2018-05-03T03:43:44.000Z","volume":4500,"label":" ","price":5.53},{"type":"B","date":"2018-05-03T03:44:45.000Z","volume":5000,"label":" ","price":5.53},{"type":"B","date":"2018-05-03T03:45:47.000Z","volume":5000,"label":" ","price":5.53},{"type":"B","date":"2018-05-03T03:46:50.000Z","volume":5000,"label":" ","price":5.53},{"type":"B","date":"2018-05-03T03:47:30.000Z","volume":500,"label":" ","price":5.53},{"type":"B","date":"2018-05-03T03:47:52.000Z","volume":4500,"label":" ","price":5.53},{"type":"B","date":"2018-05-03T03:48:48.000Z","volume":4500,"label":" ","price":5.53},{"type":"A","date":"2018-05-03T03:48:50.000Z","volume":1500,"label":" ","price":5.54},{"type":"A","date":"2018-05-03T03:48:50.000Z","volume":500,"label":" ","price":5.54},{"type":"B","date":"2018-05-03T03:48:51.000Z","volume":1500,"label":" ","price":5.53},{"type":"B","date":"2018-05-03T03:48:51.000Z","volume":1000,"label":" ","price":5.53},{"type":"A","date":"2018-05-03T03:49:14.000Z","volume":1500,"label":" ","price":5.54},{"type":"A","date":"2018-05-03T03:49:16.000Z","volume":1000,"label":" ","price":5.54},{"type":"B","date":"2018-05-03T03:49:47.000Z","volume":5000,"label":" ","price":5.53},{"type":"A","date":"2018-05-03T03:49:47.000Z","volume":500,"label":" ","price":5.54},{"type":"B","date":"2018-05-03T03:50:26.000Z","volume":1500,"label":" ","price":5.53},{"type":"B","date":"2018-05-03T03:50:26.000Z","volume":1000,"label":"Y","price":5.53},{"type":"B","date":"2018-05-03T03:50:26.000Z","volume":15500,"label":" ","price":5.53},{"type":"B","date":"2018-05-03T03:50:26.000Z","volume":7000,"label":" ","price":5.53},{"type":"B","date":"2018-05-03T03:50:26.000Z","volume":3000,"label":" ","price":5.53},{"type":"B","date":"2018-05-03T03:50:27.000Z","volume":2500,"label":" ","price":5.52},{"type":"B","date":"2018-05-03T03:50:27.000Z","volume":10500,"label":" ","price":5.52},{"type":"B","date":"2018-05-03T03:50:30.000Z","volume":1000,"label":" ","price":5.52},{"type":"B","date":"2018-05-03T03:50:51.000Z","volume":4500,"label":" ","price":5.52},{"type":"B","date":"2018-05-03T03:50:51.000Z","volume":500,"label":" ","price":5.52},{"type":"B","date":"2018-05-03T03:50:51.000Z","volume":1500,"label":" ","price":5.52},{"type":"B","date":"2018-05-03T03:51:03.000Z","volume":8000,"label":" ","price":5.51},{"type":"A","date":"2018-05-03T03:51:04.000Z","volume":3000,"label":" ","price":5.52},{"type":"A","date":"2018-05-03T03:51:16.000Z","volume":122000,"label":" ","price":5.52},{"type":"A","date":"2018-05-03T03:51:17.000Z","volume":7500,"label":" ","price":5.53},{"type":"A","date":"2018-05-03T03:51:17.000Z","volume":6500,"label":" ","price":5.54},{"type":"A","date":"2018-05-03T03:51:17.000Z","volume":7000,"label":" ","price":5.55},{"type":"A","date":"2018-05-03T03:51:17.000Z","volume":4000,"label":" ","price":5.56},{"type":"A","date":"2018-05-03T03:51:17.000Z","volume":16500,"label":" ","price":5.56},{"type":"A","date":"2018-05-03T03:51:17.000Z","volume":1500,"label":" ","price":5.56},{"type":"A","date":"2018-05-03T03:51:17.000Z","volume":3500,"label":" ","price":5.56},{"type":"A","date":"2018-05-03T03:51:18.000Z","volume":38500,"label":" ","price":5.57},{"type":"A","date":"2018-05-03T03:51:20.000Z","volume":32000,"label":" ","price":5.56},{"type":"A","date":"2018-05-03T03:51:22.000Z","volume":15000,"label":" ","price":5.57},{"type":"A","date":"2018-05-03T03:51:23.000Z","volume":12000,"label":" ","price":5.58},{"type":"A","date":"2018-05-03T03:51:24.000Z","volume":16000,"label":" ","price":5.58},{"type":"B","date":"2018-05-03T03:51:26.000Z","volume":1500,"label":" ","price":5.54},{"type":"A","date":"2018-05-03T03:51:28.000Z","volume":500,"label":" ","price":5.57},{"type":"B","date":"2018-05-03T03:53:07.000Z","volume":4000,"label":" ","price":5.54},{"type":"B","date":"2018-05-03T03:53:09.000Z","volume":9500,"label":" ","price":5.54},{"type":"B","date":"2018-05-03T03:53:09.000Z","volume":11000,"label":" ","price":5.54},{"type":"A","date":"2018-05-03T03:53:09.000Z","volume":2500,"label":" ","price":5.55},{"type":"A","date":"2018-05-03T03:53:09.000Z","volume":1500,"label":"Y","price":5.56},{"type":"A","date":"2018-05-03T03:53:09.000Z","volume":7500,"label":" ","price":5.56},{"type":"A","date":"2018-05-03T03:53:09.000Z","volume":10500,"label":" ","price":5.57},{"type":"A","date":"2018-05-03T03:53:09.000Z","volume":11500,"label":" ","price":5.57},{"type":"U","date":"2018-05-03T03:53:26.000Z","volume":158,"label":"D","price":5.5},{"type":"B","date":"2018-05-03T03:54:08.000Z","volume":500,"label":" ","price":5.54},{"type":"A","date":"2018-05-03T03:54:08.000Z","volume":500,"label":" ","price":5.57},{"type":"U","date":"2018-05-03T03:54:46.000Z","volume":500,"label":"X","price":5.542},{"type":"B","date":"2018-05-03T03:55:09.000Z","volume":6000,"label":" ","price":5.54},{"type":"A","date":"2018-05-03T03:55:10.000Z","volume":3000,"label":" ","price":5.56},{"type":"U","date":"2018-05-03T03:55:46.000Z","volume":500,"label":"X","price":5.547},{"type":"B","date":"2018-05-03T03:55:52.000Z","volume":2500,"label":" ","price":5.54},{"type":"A","date":"2018-05-03T03:55:54.000Z","volume":1500,"label":" ","price":5.56},{"type":"B","date":"2018-05-03T03:56:59.000Z","volume":5500,"label":" ","price":5.54},{"type":"B","date":"2018-05-03T03:58:00.000Z","volume":5500,"label":" ","price":5.54},{"type":"B","date":"2018-05-03T03:58:08.000Z","volume":5500,"label":" ","price":5.54},{"type":"B","date":"2018-05-03T03:58:08.000Z","volume":62000,"label":" ","price":5.54},{"type":"B","date":"2018-05-03T03:58:12.000Z","volume":5000,"label":" ","price":5.53},{"type":"B","date":"2018-05-03T03:58:12.000Z","volume":5000,"label":" ","price":5.53},{"type":"B","date":"2018-05-03T03:58:48.000Z","volume":500,"label":" ","price":5.53},{"type":"B","date":"2018-05-03T03:58:48.000Z","volume":1000,"label":" ","price":5.53},{"type":"B","date":"2018-05-03T03:59:16.000Z","volume":500,"label":" ","price":5.53},{"type":"B","date":"2018-05-03T03:59:16.000Z","volume":500,"label":" ","price":5.53},{"type":"B","date":"2018-05-03T03:59:18.000Z","volume":500,"label":" ","price":5.53},{"type":"B","date":"2018-05-03T03:59:21.000Z","volume":1500,"label":" ","price":5.53},{"type":"B","date":"2018-05-03T03:59:21.000Z","volume":500,"label":" ","price":5.53},{"type":"B","date":"2018-05-03T03:59:21.000Z","volume":20500,"label":" ","price":5.53},{"type":"B","date":"2018-05-03T03:59:21.000Z","volume":1000,"label":" ","price":5.53},{"type":"A","date":"2018-05-03T03:59:28.000Z","volume":500,"label":"Y","price":5.53},{"type":"A","date":"2018-05-03T03:59:30.000Z","volume":1500,"label":" ","price":5.53},{"type":"B","date":"2018-05-03T03:59:33.000Z","volume":500,"label":" ","price":5.52},{"type":"A","date":"2018-05-03T05:00:03.000Z","volume":28000,"label":" ","price":5.53},{"type":"A","date":"2018-05-03T05:00:05.000Z","volume":4500,"label":" ","price":5.53},{"type":"A","date":"2018-05-03T05:00:07.000Z","volume":1000,"label":" ","price":5.53},{"type":"A","date":"2018-05-03T05:00:08.000Z","volume":500,"label":" ","price":5.53},{"type":"A","date":"2018-05-03T05:00:09.000Z","volume":1000,"label":" ","price":5.53},{"type":"A","date":"2018-05-03T05:00:10.000Z","volume":1000,"label":" ","price":5.53},{"type":"A","date":"2018-05-03T05:00:11.000Z","volume":500,"label":" ","price":5.53},{"type":"A","date":"2018-05-03T05:00:34.000Z","volume":2500,"label":" ","price":5.53},{"type":"A","date":"2018-05-03T05:00:36.000Z","volume":1500,"label":" ","price":5.53},{"type":"B","date":"2018-05-03T05:00:49.000Z","volume":5000,"label":"Y","price":5.52},{"type":"B","date":"2018-05-03T05:00:49.000Z","volume":34000,"label":" ","price":5.52},{"type":"A","date":"2018-05-03T05:00:50.000Z","volume":15500,"label":" ","price":5.53},{"type":"B","date":"2018-05-03T05:03:49.000Z","volume":2000,"label":" ","price":5.52},{"type":"B","date":"2018-05-03T05:03:51.000Z","volume":4500,"label":" ","price":5.52},{"type":"B","date":"2018-05-03T05:04:59.000Z","volume":500,"label":" ","price":5.52},{"type":"B","date":"2018-05-03T05:05:00.000Z","volume":2000,"label":" ","price":5.52},{"type":"B","date":"2018-05-03T05:05:09.000Z","volume":1000,"label":" ","price":5.52},{"type":"A","date":"2018-05-03T05:05:10.000Z","volume":500,"label":"Y","price":5.52},{"type":"B","date":"2018-05-03T05:05:33.000Z","volume":2500,"label":" ","price":5.51},{"type":"B","date":"2018-05-03T05:05:33.000Z","volume":5000,"label":" ","price":5.51},{"type":"A","date":"2018-05-03T05:05:34.000Z","volume":4000,"label":" ","price":5.52},{"type":"A","date":"2018-05-03T05:06:02.000Z","volume":500,"label":" ","price":5.52},{"type":"A","date":"2018-05-03T05:06:24.000Z","volume":500,"label":" ","price":5.52},{"type":"A","date":"2018-05-03T05:06:26.000Z","volume":500,"label":" ","price":5.52},{"type":"A","date":"2018-05-03T05:06:31.000Z","volume":6000,"label":"Y","price":5.52},{"type":"A","date":"2018-05-03T05:06:31.000Z","volume":4000,"label":" ","price":5.52},{"type":"A","date":"2018-05-03T05:06:31.000Z","volume":1000,"label":" ","price":5.52},{"type":"A","date":"2018-05-03T05:06:32.000Z","volume":500,"label":" ","price":5.52},{"type":"A","date":"2018-05-03T05:06:33.000Z","volume":5000,"label":" ","price":5.52},{"type":"U","date":"2018-05-03T05:07:09.000Z","volume":47,"label":"D","price":5.57},{"type":"B","date":"2018-05-03T05:08:29.000Z","volume":500,"label":" ","price":5.51},{"type":"B","date":"2018-05-03T05:08:29.000Z","volume":6500,"label":" ","price":5.51},{"type":"A","date":"2018-05-03T05:08:31.000Z","volume":4000,"label":" ","price":5.52},{"type":"A","date":"2018-05-03T05:09:13.000Z","volume":500,"label":" ","price":5.52},{"type":"U","date":"2018-05-03T05:10:12.000Z","volume":373,"label":"D","price":5.52},{"type":"A","date":"2018-05-03T05:10:16.000Z","volume":500,"label":" ","price":5.52},{"type":"A","date":"2018-05-03T05:10:18.000Z","volume":500,"label":" ","price":5.52},{"type":"U","date":"2018-05-03T05:10:33.000Z","volume":1000,"label":"X","price":5.517},{"type":"B","date":"2018-05-03T05:15:09.000Z","volume":1500,"label":" ","price":5.51},{"type":"B","date":"2018-05-03T05:15:09.000Z","volume":2000,"label":" ","price":5.51},{"type":"A","date":"2018-05-03T05:15:11.000Z","volume":2000,"label":" ","price":5.52},{"type":"A","date":"2018-05-03T05:15:34.000Z","volume":1000,"label":" ","price":5.52},{"type":"A","date":"2018-05-03T05:15:34.000Z","volume":500,"label":" ","price":5.52},{"type":"A","date":"2018-05-03T05:15:36.000Z","volume":500,"label":" ","price":5.52},{"type":"B","date":"2018-05-03T05:15:39.000Z","volume":500,"label":" ","price":5.51},{"type":"A","date":"2018-05-03T05:15:40.000Z","volume":500,"label":" ","price":5.52},{"type":"B","date":"2018-05-03T05:16:30.000Z","volume":500,"label":" ","price":5.51},{"type":"A","date":"2018-05-03T05:16:30.000Z","volume":500,"label":" ","price":5.52},{"type":"B","date":"2018-05-03T05:16:31.000Z","volume":500,"label":" ","price":5.51},{"type":"A","date":"2018-05-03T05:17:23.000Z","volume":500,"label":" ","price":5.52},{"type":"A","date":"2018-05-03T05:17:23.000Z","volume":500,"label":" ","price":5.52},{"type":"B","date":"2018-05-03T05:17:26.000Z","volume":500,"label":" ","price":5.51},{"type":"B","date":"2018-05-03T05:18:22.000Z","volume":4000,"label":" ","price":5.51},{"type":"A","date":"2018-05-03T05:18:22.000Z","volume":2500,"label":" ","price":5.52},{"type":"B","date":"2018-05-03T05:18:24.000Z","volume":500,"label":" ","price":5.51},{"type":"B","date":"2018-05-03T05:18:24.000Z","volume":1000,"label":" ","price":5.51},{"type":"A","date":"2018-05-03T05:18:26.000Z","volume":500,"label":" ","price":5.52},{"type":"B","date":"2018-05-03T05:19:28.000Z","volume":500,"label":" ","price":5.51},{"type":"A","date":"2018-05-03T05:19:29.000Z","volume":500,"label":" ","price":5.52},{"type":"B","date":"2018-05-03T05:19:44.000Z","volume":1500,"label":" ","price":5.51},{"type":"A","date":"2018-05-03T05:19:46.000Z","volume":1000,"label":" ","price":5.52},{"type":"B","date":"2018-05-03T05:19:58.000Z","volume":1000,"label":" ","price":5.51},{"type":"A","date":"2018-05-03T05:19:58.000Z","volume":500,"label":" ","price":5.52},{"type":"B","date":"2018-05-03T05:20:18.000Z","volume":2500,"label":" ","price":5.51},{"type":"A","date":"2018-05-03T05:20:20.000Z","volume":1500,"label":" ","price":5.52},{"type":"A","date":"2018-05-03T05:20:33.000Z","volume":500,"label":" ","price":5.52},{"type":"A","date":"2018-05-03T05:20:36.000Z","volume":500,"label":"Y","price":5.52},{"type":"A","date":"2018-05-03T05:20:36.000Z","volume":1000,"label":" ","price":5.52},{"type":"A","date":"2018-05-03T05:20:37.000Z","volume":1000,"label":" ","price":5.52},{"type":"B","date":"2018-05-03T05:21:00.000Z","volume":8000,"label":" ","price":5.51},{"type":"B","date":"2018-05-03T05:21:00.000Z","volume":2000,"label":" ","price":5.51},{"type":"A","date":"2018-05-03T05:21:02.000Z","volume":5500,"label":" ","price":5.52},{"type":"B","date":"2018-05-03T05:21:03.000Z","volume":500,"label":" ","price":5.51},{"type":"B","date":"2018-05-03T05:21:03.000Z","volume":1500,"label":" ","price":5.51},{"type":"A","date":"2018-05-03T05:21:04.000Z","volume":1000,"label":" ","price":5.52},{"type":"B","date":"2018-05-03T05:21:12.000Z","volume":1500,"label":" ","price":5.51},{"type":"B","date":"2018-05-03T05:21:12.000Z","volume":2500,"label":" ","price":5.51},{"type":"B","date":"2018-05-03T05:21:13.000Z","volume":1000,"label":" ","price":5.51},{"type":"B","date":"2018-05-03T05:21:19.000Z","volume":500,"label":" ","price":5.51},{"type":"B","date":"2018-05-03T05:21:21.000Z","volume":1000,"label":" ","price":5.51},{"type":"B","date":"2018-05-03T05:21:21.000Z","volume":500,"label":" ","price":5.51},{"type":"B","date":"2018-05-03T05:21:38.000Z","volume":2500,"label":" ","price":5.51},{"type":"B","date":"2018-05-03T05:21:39.000Z","volume":1000,"label":" ","price":5.51},{"type":"B","date":"2018-05-03T05:21:40.000Z","volume":1000,"label":" ","price":5.51},{"type":"B","date":"2018-05-03T05:21:43.000Z","volume":2500,"label":" ","price":5.51},{"type":"B","date":"2018-05-03T05:21:43.000Z","volume":500,"label":" ","price":5.51},{"type":"B","date":"2018-05-03T05:21:53.000Z","volume":500,"label":" ","price":5.51},{"type":"U","date":"2018-05-03T05:22:14.000Z","volume":500,"label":"X","price":5.513},{"type":"B","date":"2018-05-03T05:22:46.000Z","volume":1000,"label":" ","price":5.51},{"type":"B","date":"2018-05-03T05:22:46.000Z","volume":500,"label":" ","price":5.51},{"type":"B","date":"2018-05-03T05:23:01.000Z","volume":1000,"label":" ","price":5.51},{"type":"B","date":"2018-05-03T05:23:06.000Z","volume":2500,"label":" ","price":5.51},{"type":"B","date":"2018-05-03T05:23:06.000Z","volume":500,"label":" ","price":5.51},{"type":"B","date":"2018-05-03T05:23:34.000Z","volume":500,"label":" ","price":5.51},{"type":"B","date":"2018-05-03T05:23:34.000Z","volume":500,"label":" ","price":5.51},{"type":"A","date":"2018-05-03T05:23:40.000Z","volume":500,"label":" ","price":5.52},{"type":"B","date":"2018-05-03T05:23:40.000Z","volume":1500,"label":" ","price":5.51},{"type":"B","date":"2018-05-03T05:23:42.000Z","volume":500,"label":" ","price":5.51},{"type":"B","date":"2018-05-03T05:24:00.000Z","volume":2000,"label":" ","price":5.51},{"type":"B","date":"2018-05-03T05:24:34.000Z","volume":1000,"label":" ","price":5.51},{"type":"B","date":"2018-05-03T05:25:22.000Z","volume":2000,"label":" ","price":5.51},{"type":"B","date":"2018-05-03T05:25:22.000Z","volume":500,"label":" ","price":5.51},{"type":"A","date":"2018-05-03T05:25:35.000Z","volume":190000,"label":" ","price":5.52},{"type":"A","date":"2018-05-03T05:25:35.000Z","volume":4500,"label":" ","price":5.52},{"type":"A","date":"2018-05-03T05:25:35.000Z","volume":3500,"label":" ","price":5.52},{"type":"A","date":"2018-05-03T05:25:36.000Z","volume":25000,"label":" ","price":5.53},{"type":"A","date":"2018-05-03T05:25:36.000Z","volume":2500,"label":" ","price":5.53},{"type":"A","date":"2018-05-03T05:25:37.000Z","volume":8000,"label":" ","price":5.54},{"type":"B","date":"2018-05-03T05:25:37.000Z","volume":500,"label":" ","price":5.54},{"type":"A","date":"2018-05-03T05:25:39.000Z","volume":15000,"label":" ","price":5.55},{"type":"B","date":"2018-05-03T05:25:40.000Z","volume":3000,"label":" ","price":5.54},{"type":"A","date":"2018-05-03T05:25:41.000Z","volume":25500,"label":" ","price":5.56},{"type":"A","date":"2018-05-03T05:25:43.000Z","volume":27500,"label":" ","price":5.57},{"type":"A","date":"2018-05-03T05:25:45.000Z","volume":29000,"label":" ","price":5.58},{"type":"U","date":"2018-05-03T05:26:19.000Z","volume":500,"label":"X","price":5.535},{"type":"U","date":"2018-05-03T05:26:50.000Z","volume":500,"label":" ","price":5.55},{"type":"B","date":"2018-05-03T05:26:50.000Z","volume":500,"label":" ","price":5.55},{"type":"A","date":"2018-05-03T05:26:52.000Z","volume":500,"label":" ","price":5.58},{"type":"B","date":"2018-05-03T05:27:03.000Z","volume":30000,"label":" ","price":5.54},{"type":"A","date":"2018-05-03T05:27:03.000Z","volume":500,"label":" ","price":5.58},{"type":"B","date":"2018-05-03T05:28:15.000Z","volume":15500,"label":" ","price":5.54},{"type":"A","date":"2018-05-03T05:28:16.000Z","volume":6500,"label":" ","price":5.57},{"type":"U","date":"2018-05-03T05:31:19.000Z","volume":1000,"label":"X","price":5.545},{"type":"A","date":"2018-05-03T05:31:32.000Z","volume":500,"label":" ","price":5.56},{"type":"B","date":"2018-05-03T05:33:00.000Z","volume":21000,"label":" ","price":5.54},{"type":"A","date":"2018-05-03T05:33:02.000Z","volume":12000,"label":" ","price":5.56},{"type":"U","date":"2018-05-03T05:33:02.000Z","volume":21000,"label":" ","price":5.54},{"type":"A","date":"2018-05-03T05:33:04.000Z","volume":12000,"label":" ","price":5.56},{"type":"B","date":"2018-05-03T05:33:04.000Z","volume":21000,"label":" ","price":5.54},{"type":"A","date":"2018-05-03T05:33:06.000Z","volume":11500,"label":" ","price":5.56},{"type":"U","date":"2018-05-03T05:33:19.000Z","volume":500,"label":"X","price":5.547},{"type":"B","date":"2018-05-03T05:33:27.000Z","volume":17000,"label":" ","price":5.53},{"type":"A","date":"2018-05-03T05:33:27.000Z","volume":500,"label":" ","price":5.54},{"type":"A","date":"2018-05-03T05:33:27.000Z","volume":500,"label":"Y","price":5.54},{"type":"A","date":"2018-05-03T05:33:27.000Z","volume":15500,"label":" ","price":5.54},{"type":"B","date":"2018-05-03T05:33:27.000Z","volume":6500,"label":" ","price":5.54},{"type":"A","date":"2018-05-03T05:33:28.000Z","volume":19500,"label":" ","price":5.55},{"type":"B","date":"2018-05-03T05:33:28.000Z","volume":21000,"label":" ","price":5.54},{"type":"A","date":"2018-05-03T05:33:30.000Z","volume":12500,"label":" ","price":5.56},{"type":"U","date":"2018-05-03T05:34:11.000Z","volume":500,"label":" ","price":5.54},{"type":"A","date":"2018-05-03T05:34:13.000Z","volume":500,"label":" ","price":5.56},{"type":"B","date":"2018-05-03T05:37:36.000Z","volume":1000,"label":"Y","price":5.53},{"type":"B","date":"2018-05-03T05:37:36.000Z","volume":500,"label":" ","price":5.53},{"type":"B","date":"2018-05-03T05:38:14.000Z","volume":500,"label":" ","price":5.54},{"type":"B","date":"2018-05-03T05:38:54.000Z","volume":500,"label":" ","price":5.53},{"type":"B","date":"2018-05-03T05:38:54.000Z","volume":500,"label":" ","price":5.53},{"type":"B","date":"2018-05-03T05:38:57.000Z","volume":12500,"label":" ","price":5.53},{"type":"B","date":"2018-05-03T05:39:00.000Z","volume":5000,"label":" ","price":5.53},{"type":"A","date":"2018-05-03T05:39:00.000Z","volume":1500,"label":" ","price":5.53},{"type":"A","date":"2018-05-03T05:39:07.000Z","volume":7000,"label":"Y","price":5.53},{"type":"A","date":"2018-05-03T05:39:07.000Z","volume":38000,"label":" ","price":5.53},{"type":"A","date":"2018-05-03T05:39:09.000Z","volume":11000,"label":" ","price":5.53},{"type":"A","date":"2018-05-03T05:39:11.000Z","volume":10500,"label":" ","price":5.54},{"type":"A","date":"2018-05-03T05:39:13.000Z","volume":3500,"label":" ","price":5.55},{"type":"U","date":"2018-05-03T05:43:19.000Z","volume":1500,"label":"X","price":5.538},{"type":"U","date":"2018-05-03T05:45:03.000Z","volume":500,"label":" ","price":5.54},{"type":"A","date":"2018-05-03T05:45:05.000Z","volume":500,"label":" ","price":5.54},{"type":"A","date":"2018-05-03T05:45:19.000Z","volume":8500,"label":"Y","price":5.54},{"type":"A","date":"2018-05-03T05:45:19.000Z","volume":56500,"label":" ","price":5.54},{"type":"A","date":"2018-05-03T05:45:19.000Z","volume":1500,"label":"Y","price":5.55},{"type":"A","date":"2018-05-03T05:45:19.000Z","volume":58500,"label":" ","price":5.55},{"type":"A","date":"2018-05-03T05:45:20.000Z","volume":70000,"label":" ","price":5.55},{"type":"A","date":"2018-05-03T05:45:24.000Z","volume":500,"label":" ","price":5.55},{"type":"A","date":"2018-05-03T05:45:24.000Z","volume":500,"label":" ","price":5.55},{"type":"A","date":"2018-05-03T05:45:30.000Z","volume":1500,"label":" ","price":5.55},{"type":"A","date":"2018-05-03T05:45:32.000Z","volume":1000,"label":" ","price":5.55},{"type":"A","date":"2018-05-03T05:47:17.000Z","volume":500,"label":"Y","price":5.54},{"type":"A","date":"2018-05-03T05:47:17.000Z","volume":500,"label":" ","price":5.54},{"type":"A","date":"2018-05-03T05:47:17.000Z","volume":1000,"label":" ","price":5.54},{"type":"A","date":"2018-05-03T05:47:17.000Z","volume":500,"label":"Y","price":5.54},{"type":"A","date":"2018-05-03T05:47:17.000Z","volume":500,"label":"Y","price":5.54},{"type":"A","date":"2018-05-03T05:47:18.000Z","volume":1500,"label":" ","price":5.54},{"type":"U","date":"2018-05-03T05:47:51.000Z","volume":125,"label":"D","price":5.47},{"type":"A","date":"2018-05-03T05:48:02.000Z","volume":500,"label":" ","price":5.54},{"type":"U","date":"2018-05-03T05:48:24.000Z","volume":2500,"label":"X","price":5.547},{"type":"A","date":"2018-05-03T05:50:46.000Z","volume":3000,"label":" ","price":5.54},{"type":"A","date":"2018-05-03T05:50:48.000Z","volume":2000,"label":" ","price":5.54},{"type":"B","date":"2018-05-03T05:51:03.000Z","volume":2000,"label":"Y","price":5.53},{"type":"B","date":"2018-05-03T05:51:03.000Z","volume":2500,"label":" ","price":5.53},{"type":"A","date":"2018-05-03T05:51:03.000Z","volume":500,"label":" ","price":5.54},{"type":"A","date":"2018-05-03T05:51:05.000Z","volume":1000,"label":" ","price":5.54},{"type":"B","date":"2018-05-03T05:51:17.000Z","volume":2000,"label":" ","price":5.53},{"type":"B","date":"2018-05-03T05:51:19.000Z","volume":1500,"label":" ","price":5.53},{"type":"B","date":"2018-05-03T05:52:27.000Z","volume":500,"label":" ","price":5.53},{"type":"U","date":"2018-05-03T05:53:39.000Z","volume":500,"label":"X","price":5.534},{"type":"B","date":"2018-05-03T05:53:44.000Z","volume":5000,"label":"Y","price":5.53},{"type":"B","date":"2018-05-03T05:53:44.000Z","volume":3500,"label":" ","price":5.53},{"type":"B","date":"2018-05-03T05:53:44.000Z","volume":500,"label":" ","price":5.53},{"type":"A","date":"2018-05-03T05:53:45.000Z","volume":3500,"label":" ","price":5.54},{"type":"B","date":"2018-05-03T05:55:09.000Z","volume":500,"label":" ","price":5.53},{"type":"B","date":"2018-05-03T05:55:09.000Z","volume":2000,"label":" ","price":5.53},{"type":"B","date":"2018-05-03T05:55:09.000Z","volume":1500,"label":" ","price":5.53},{"type":"B","date":"2018-05-03T05:55:11.000Z","volume":500,"label":" ","price":5.53},{"type":"U","date":"2018-05-03T05:55:14.000Z","volume":25,"label":"D","price":5.47},{"type":"B","date":"2018-05-03T05:55:17.000Z","volume":500,"label":"Y","price":5.53},{"type":"B","date":"2018-05-03T05:55:17.000Z","volume":1500,"label":" ","price":5.53},{"type":"B","date":"2018-05-03T05:55:17.000Z","volume":500,"label":" ","price":5.52},{"type":"A","date":"2018-05-03T05:55:24.000Z","volume":2500,"label":"Y","price":5.53},{"type":"A","date":"2018-05-03T05:55:24.000Z","volume":28500,"label":" ","price":5.53},{"type":"A","date":"2018-05-03T05:55:25.000Z","volume":17000,"label":" ","price":5.54},{"type":"B","date":"2018-05-03T05:59:10.000Z","volume":5000,"label":" ","price":5.53},{"type":"B","date":"2018-05-03T05:59:10.000Z","volume":3000,"label":" ","price":5.53},{"type":"B","date":"2018-05-03T05:59:11.000Z","volume":1500,"label":" ","price":5.52},{"type":"B","date":"2018-05-03T05:59:13.000Z","volume":1000,"label":" ","price":5.52},{"type":"B","date":"2018-05-03T05:59:17.000Z","volume":500,"label":" ","price":5.52},{"type":"A","date":"2018-05-03T05:59:19.000Z","volume":4000,"label":"Y","price":5.53},{"type":"A","date":"2018-05-03T05:59:19.000Z","volume":22500,"label":" ","price":5.53},{"type":"A","date":"2018-05-03T05:59:21.000Z","volume":14500,"label":" ","price":5.54},{"type":"B","date":"2018-05-03T06:01:30.000Z","volume":1000,"label":" ","price":5.52},{"type":"A","date":"2018-05-03T06:01:31.000Z","volume":500,"label":" ","price":5.54},{"type":"A","date":"2018-05-03T06:01:46.000Z","volume":500,"label":" ","price":5.53},{"type":"A","date":"2018-05-03T06:01:46.000Z","volume":3000,"label":" ","price":5.53},{"type":"A","date":"2018-05-03T06:01:47.000Z","volume":50000,"label":" ","price":5.54},{"type":"A","date":"2018-05-03T06:01:48.000Z","volume":30500,"label":" ","price":5.54},{"type":"A","date":"2018-05-03T06:01:48.000Z","volume":500,"label":" ","price":5.54},{"type":"A","date":"2018-05-03T06:01:50.000Z","volume":4000,"label":" ","price":5.53},{"type":"A","date":"2018-05-03T06:01:52.000Z","volume":2500,"label":" ","price":5.54},{"type":"B","date":"2018-05-03T06:01:56.000Z","volume":500,"label":" ","price":5.52},{"type":"B","date":"2018-05-03T06:01:59.000Z","volume":1000,"label":" ","price":5.52},{"type":"A","date":"2018-05-03T06:02:00.000Z","volume":500,"label":" ","price":5.53},{"type":"A","date":"2018-05-03T06:02:00.000Z","volume":2000,"label":" ","price":5.54},{"type":"A","date":"2018-05-03T06:02:02.000Z","volume":1500,"label":" ","price":5.55},{"type":"A","date":"2018-05-03T06:03:50.000Z","volume":1500,"label":" ","price":5.55},{"type":"A","date":"2018-05-03T06:03:52.000Z","volume":500,"label":" ","price":5.55},{"type":"B","date":"2018-05-03T06:04:00.000Z","volume":500,"label":" ","price":5.52},{"type":"U","date":"2018-05-03T06:04:00.000Z","volume":6500,"label":" ","price":5.53},{"type":"A","date":"2018-05-03T06:04:00.000Z","volume":4000,"label":" ","price":5.54},{"type":"U","date":"2018-05-03T06:04:05.000Z","volume":7500,"label":" ","price":5.53},{"type":"U","date":"2018-05-03T06:04:05.000Z","volume":4500,"label":" ","price":5.53},{"type":"A","date":"2018-05-03T06:04:06.000Z","volume":7000,"label":" ","price":5.54},{"type":"B","date":"2018-05-03T06:04:35.000Z","volume":1000,"label":"Y","price":5.52},{"type":"A","date":"2018-05-03T06:04:37.000Z","volume":500,"label":" ","price":5.54},{"type":"B","date":"2018-05-03T06:05:42.000Z","volume":2000,"label":" ","price":5.53},{"type":"B","date":"2018-05-03T06:05:42.000Z","volume":500,"label":" ","price":5.53},{"type":"A","date":"2018-05-03T06:05:44.000Z","volume":1500,"label":" ","price":5.54},{"type":"B","date":"2018-05-03T06:07:01.000Z","volume":500,"label":" ","price":5.53},{"type":"B","date":"2018-05-03T06:07:21.000Z","volume":4000,"label":" ","price":5.53},{"type":"B","date":"2018-05-03T06:07:21.000Z","volume":1000,"label":" ","price":5.53},{"type":"A","date":"2018-05-03T06:07:23.000Z","volume":3000,"label":" ","price":5.54},{"type":"B","date":"2018-05-03T06:08:04.000Z","volume":500,"label":" ","price":5.53},{"type":"B","date":"2018-05-03T06:08:04.000Z","volume":500,"label":" ","price":5.53},{"type":"A","date":"2018-05-03T06:08:06.000Z","volume":500,"label":" ","price":5.54},{"type":"B","date":"2018-05-03T06:08:17.000Z","volume":3000,"label":" ","price":5.53},{"type":"B","date":"2018-05-03T06:08:17.000Z","volume":500,"label":" ","price":5.53},{"type":"B","date":"2018-05-03T06:08:19.000Z","volume":500,"label":" ","price":5.53},{"type":"B","date":"2018-05-03T06:08:54.000Z","volume":500,"label":"Y","price":5.53},{"type":"B","date":"2018-05-03T06:08:54.000Z","volume":3000,"label":" ","price":5.53},{"type":"B","date":"2018-05-03T06:08:54.000Z","volume":500,"label":" ","price":5.53},{"type":"B","date":"2018-05-03T06:09:14.000Z","volume":2500,"label":" ","price":5.53},{"type":"B","date":"2018-05-03T06:09:14.000Z","volume":500,"label":" ","price":5.52},{"type":"B","date":"2018-05-03T06:09:57.000Z","volume":3500,"label":"Y","price":5.52},{"type":"B","date":"2018-05-03T06:09:57.000Z","volume":4500,"label":" ","price":5.52},{"type":"B","date":"2018-05-03T06:09:57.000Z","volume":1000,"label":" ","price":5.52},{"type":"A","date":"2018-05-03T06:09:58.000Z","volume":5000,"label":" ","price":5.53},{"type":"U","date":"2018-05-03T06:12:23.000Z","volume":1500,"label":"X","price":5.531},{"type":"B","date":"2018-05-03T06:12:55.000Z","volume":10500,"label":" ","price":5.52},{"type":"B","date":"2018-05-03T06:12:55.000Z","volume":5500,"label":" ","price":5.52},{"type":"B","date":"2018-05-03T06:12:56.000Z","volume":3500,"label":" ","price":5.51},{"type":"B","date":"2018-05-03T06:12:58.000Z","volume":2000,"label":" ","price":5.51},{"type":"A","date":"2018-05-03T06:12:59.000Z","volume":1000,"label":" ","price":5.52},{"type":"A","date":"2018-05-03T06:13:05.000Z","volume":500,"label":"Y","price":5.52},{"type":"A","date":"2018-05-03T06:13:05.000Z","volume":28500,"label":" ","price":5.52},{"type":"A","date":"2018-05-03T06:13:07.000Z","volume":16500,"label":" ","price":5.53},{"type":"B","date":"2018-05-03T06:14:08.000Z","volume":500,"label":"Y","price":5.52},{"type":"B","date":"2018-05-03T06:14:08.000Z","volume":1500,"label":" ","price":5.52},{"type":"B","date":"2018-05-03T06:15:27.000Z","volume":1000,"label":" ","price":5.51},{"type":"A","date":"2018-05-03T06:15:28.000Z","volume":1000,"label":" ","price":5.52},{"type":"B","date":"2018-05-03T06:16:37.000Z","volume":500,"label":" ","price":5.51},{"type":"B","date":"2018-05-03T06:16:53.000Z","volume":66500,"label":" ","price":5.51},{"type":"B","date":"2018-05-03T06:16:53.000Z","volume":291500,"label":" ","price":5.51},{"type":"B","date":"2018-05-03T06:16:53.000Z","volume":170500,"label":" ","price":5.5},{"type":"B","date":"2018-05-03T06:16:55.000Z","volume":29000,"label":" ","price":5.49},{"type":"A","date":"2018-05-03T06:17:10.000Z","volume":500,"label":" ","price":5.5},{"type":"U","date":"2018-05-03T06:17:22.000Z","volume":500,"label":"X","price":5.506},{"type":"B","date":"2018-05-03T06:17:23.000Z","volume":242500,"label":" ","price":5.49},{"type":"A","date":"2018-05-03T06:17:34.000Z","volume":20000,"label":" ","price":5.49},{"type":"B","date":"2018-05-03T06:17:52.000Z","volume":2000,"label":" ","price":5.48},{"type":"A","date":"2018-05-03T06:17:55.000Z","volume":500,"label":" ","price":5.49},{"type":"B","date":"2018-05-03T06:18:15.000Z","volume":2500,"label":" ","price":5.48},{"type":"A","date":"2018-05-03T06:20:20.000Z","volume":180000,"label":" ","price":5.49},{"type":"A","date":"2018-05-03T06:20:20.000Z","volume":4500,"label":" ","price":5.49},{"type":"U","date":"2018-05-03T06:20:21.000Z","volume":3000,"label":" ","price":5.49},{"type":"A","date":"2018-05-03T06:20:22.000Z","volume":88000,"label":" ","price":5.5},{"type":"B","date":"2018-05-03T06:21:54.000Z","volume":2500,"label":" ","price":5.49},{"type":"A","date":"2018-05-03T06:21:54.000Z","volume":1500,"label":" ","price":5.5},{"type":"B","date":"2018-05-03T06:22:27.000Z","volume":500,"label":" ","price":5.49},{"type":"B","date":"2018-05-03T06:23:02.000Z","volume":2000,"label":" ","price":5.49},{"type":"A","date":"2018-05-03T06:23:04.000Z","volume":500,"label":" ","price":5.5},{"type":"B","date":"2018-05-03T06:24:53.000Z","volume":1000,"label":" ","price":5.49},{"type":"A","date":"2018-05-03T06:24:53.000Z","volume":500,"label":" ","price":5.5},{"type":"B","date":"2018-05-03T06:25:09.000Z","volume":3500,"label":" ","price":5.49},{"type":"A","date":"2018-05-03T06:25:09.000Z","volume":2000,"label":" ","price":5.5},{"type":"B","date":"2018-05-03T06:25:11.000Z","volume":1500,"label":" ","price":5.49},{"type":"A","date":"2018-05-03T06:25:13.000Z","volume":1000,"label":" ","price":5.5},{"type":"A","date":"2018-05-03T06:25:18.000Z","volume":500,"label":" ","price":5.5},{"type":"B","date":"2018-05-03T06:26:07.000Z","volume":500,"label":" ","price":5.49},{"type":"A","date":"2018-05-03T06:26:07.000Z","volume":500,"label":" ","price":5.5},{"type":"B","date":"2018-05-03T06:26:34.000Z","volume":4500,"label":" ","price":5.49},{"type":"A","date":"2018-05-03T06:29:18.000Z","volume":85500,"label":" ","price":5.5},{"type":"A","date":"2018-05-03T06:29:18.000Z","volume":21500,"label":" ","price":5.5},{"type":"A","date":"2018-05-03T06:29:20.000Z","volume":39500,"label":" ","price":5.51},{"type":"B","date":"2018-05-03T06:29:20.000Z","volume":500,"label":" ","price":5.51},{"type":"A","date":"2018-05-03T06:29:22.000Z","volume":17000,"label":" ","price":5.52},{"type":"A","date":"2018-05-03T06:29:24.000Z","volume":500,"label":"Y","price":5.54},{"type":"A","date":"2018-05-03T06:29:24.000Z","volume":2500,"label":" ","price":5.54},{"type":"B","date":"2018-05-03T06:31:09.000Z","volume":500,"label":" ","price":5.51},{"type":"A","date":"2018-05-03T06:31:11.000Z","volume":500,"label":" ","price":5.51},{"type":"B","date":"2018-05-03T06:31:11.000Z","volume":1500,"label":" ","price":5.5},{"type":"B","date":"2018-05-03T06:31:11.000Z","volume":9500,"label":" ","price":5.5},{"type":"U","date":"2018-05-03T06:31:12.000Z","volume":1500,"label":"X","price":5.504},{"type":"A","date":"2018-05-03T06:31:13.000Z","volume":5500,"label":" ","price":5.51},{"type":"B","date":"2018-05-03T06:31:54.000Z","volume":500,"label":"Y","price":5.5},{"type":"B","date":"2018-05-03T06:31:54.000Z","volume":2500,"label":" ","price":5.5},{"type":"B","date":"2018-05-03T06:31:54.000Z","volume":1000,"label":" ","price":5.5},{"type":"B","date":"2018-05-03T06:31:54.000Z","volume":500,"label":" ","price":5.5},{"type":"A","date":"2018-05-03T06:31:54.000Z","volume":1000,"label":" ","price":5.51},{"type":"B","date":"2018-05-03T06:35:16.000Z","volume":500,"label":" ","price":5.5},{"type":"B","date":"2018-05-03T06:35:16.000Z","volume":1000,"label":" ","price":5.5},{"type":"U","date":"2018-05-03T06:36:12.000Z","volume":2500,"label":"X","price":5.505},{"type":"B","date":"2018-05-03T06:36:54.000Z","volume":500,"label":"Y","price":5.5},{"type":"B","date":"2018-05-03T06:36:54.000Z","volume":2500,"label":" ","price":5.5},{"type":"A","date":"2018-05-03T06:36:56.000Z","volume":1500,"label":" ","price":5.51},{"type":"B","date":"2018-05-03T06:36:56.000Z","volume":500,"label":" ","price":5.5},{"type":"A","date":"2018-05-03T06:36:58.000Z","volume":500,"label":" ","price":5.51},{"type":"B","date":"2018-05-03T06:37:49.000Z","volume":7500,"label":" ","price":5.49},{"type":"A","date":"2018-05-03T06:37:49.000Z","volume":4000,"label":" ","price":5.51},{"type":"B","date":"2018-05-03T06:38:28.000Z","volume":3000,"label":" ","price":5.5},{"type":"B","date":"2018-05-03T06:38:28.000Z","volume":1500,"label":" ","price":5.5},{"type":"A","date":"2018-05-03T06:38:28.000Z","volume":1000,"label":" ","price":5.51},{"type":"A","date":"2018-05-03T06:38:51.000Z","volume":2000,"label":" ","price":5.51},{"type":"A","date":"2018-05-03T06:38:51.000Z","volume":1000,"label":" ","price":5.51},{"type":"B","date":"2018-05-03T06:40:26.000Z","volume":500,"label":" ","price":5.49},{"type":"A","date":"2018-05-03T06:40:26.000Z","volume":500,"label":" ","price":5.51},{"type":"B","date":"2018-05-03T06:40:31.000Z","volume":8000,"label":" ","price":5.49},{"type":"A","date":"2018-05-03T06:40:33.000Z","volume":4500,"label":" ","price":5.51},{"type":"B","date":"2018-05-03T06:40:47.000Z","volume":2500,"label":" ","price":5.5},{"type":"A","date":"2018-05-03T06:41:03.000Z","volume":500,"label":" ","price":5.5},{"type":"A","date":"2018-05-03T06:41:09.000Z","volume":500,"label":" ","price":5.5},{"type":"A","date":"2018-05-03T06:41:09.000Z","volume":500,"label":" ","price":5.5},{"type":"A","date":"2018-05-03T06:41:35.000Z","volume":2000,"label":" ","price":5.5},{"type":"A","date":"2018-05-03T06:41:37.000Z","volume":1000,"label":" ","price":5.5},{"type":"A","date":"2018-05-03T06:41:42.000Z","volume":500,"label":" ","price":5.5},{"type":"A","date":"2018-05-03T06:41:43.000Z","volume":500,"label":" ","price":5.5},{"type":"A","date":"2018-05-03T06:42:03.000Z","volume":500,"label":" ","price":5.5},{"type":"A","date":"2018-05-03T06:42:42.000Z","volume":70000,"label":" ","price":5.5},{"type":"A","date":"2018-05-03T06:42:42.000Z","volume":500,"label":"Y","price":5.5},{"type":"A","date":"2018-05-03T06:42:42.000Z","volume":500,"label":" ","price":5.5},{"type":"A","date":"2018-05-03T06:42:42.000Z","volume":5000,"label":" ","price":5.5},{"type":"B","date":"2018-05-03T06:42:43.000Z","volume":2000,"label":" ","price":5.5},{"type":"A","date":"2018-05-03T06:42:44.000Z","volume":24500,"label":" ","price":5.51},{"type":"U","date":"2018-05-03T06:42:44.000Z","volume":2000,"label":" ","price":5.5},{"type":"A","date":"2018-05-03T06:42:46.000Z","volume":10500,"label":" ","price":5.52},{"type":"A","date":"2018-05-03T06:42:58.000Z","volume":1500,"label":"Y","price":5.52},{"type":"A","date":"2018-05-03T06:42:59.000Z","volume":1000,"label":" ","price":5.52},{"type":"B","date":"2018-05-03T06:43:00.000Z","volume":500,"label":"Y","price":5.5},{"type":"B","date":"2018-05-03T06:43:02.000Z","volume":3500,"label":" ","price":5.5},{"type":"A","date":"2018-05-03T06:43:03.000Z","volume":2000,"label":" ","price":5.52},{"type":"B","date":"2018-05-03T06:45:54.000Z","volume":4000,"label":" ","price":5.5},{"type":"B","date":"2018-05-03T06:45:54.000Z","volume":2500,"label":" ","price":5.49},{"type":"A","date":"2018-05-03T06:45:56.000Z","volume":2000,"label":" ","price":5.52},{"type":"U","date":"2018-05-03T06:46:12.000Z","volume":500,"label":"X","price":5.503},{"type":"A","date":"2018-05-03T06:46:49.000Z","volume":2000,"label":" ","price":5.52},{"type":"A","date":"2018-05-03T06:46:51.000Z","volume":1000,"label":" ","price":5.52},{"type":"B","date":"2018-05-03T06:48:17.000Z","volume":500,"label":" ","price":5.5},{"type":"B","date":"2018-05-03T06:48:17.000Z","volume":2500,"label":" ","price":5.5},{"type":"A","date":"2018-05-03T06:48:17.000Z","volume":2000,"label":" ","price":5.52},{"type":"B","date":"2018-05-03T06:48:21.000Z","volume":500,"label":" ","price":5.49},{"type":"B","date":"2018-05-03T06:48:40.000Z","volume":10000,"label":" ","price":5.49},{"type":"A","date":"2018-05-03T06:48:42.000Z","volume":6000,"label":" ","price":5.52},{"type":"U","date":"2018-05-03T06:51:33.000Z","volume":500,"label":" ","price":5.51},{"type":"B","date":"2018-05-03T06:51:33.000Z","volume":2500,"label":" ","price":5.5},{"type":"B","date":"2018-05-03T06:51:33.000Z","volume":8500,"label":" ","price":5.49},{"type":"B","date":"2018-05-03T06:51:33.000Z","volume":500,"label":" ","price":5.49},{"type":"A","date":"2018-05-03T06:51:34.000Z","volume":5000,"label":" ","price":5.5},{"type":"A","date":"2018-05-03T06:51:34.000Z","volume":4500,"label":" ","price":5.5},{"type":"A","date":"2018-05-03T06:51:35.000Z","volume":9000,"label":" ","price":5.5},{"type":"A","date":"2018-05-03T06:51:36.000Z","volume":7500,"label":" ","price":5.52},{"type":"B","date":"2018-05-03T06:53:17.000Z","volume":3500,"label":" ","price":5.51},{"type":"B","date":"2018-05-03T06:53:17.000Z","volume":2000,"label":" ","price":5.51},{"type":"A","date":"2018-05-03T06:53:17.000Z","volume":3000,"label":" ","price":5.52},{"type":"U","date":"2018-05-03T06:53:18.000Z","volume":1000,"label":"X","price":5.504},{"type":"B","date":"2018-05-03T06:53:55.000Z","volume":1000,"label":" ","price":5.51},{"type":"A","date":"2018-05-03T06:53:56.000Z","volume":1000,"label":" ","price":5.52},{"type":"A","date":"2018-05-03T06:54:17.000Z","volume":1500,"label":" ","price":5.52},{"type":"A","date":"2018-05-03T06:54:18.000Z","volume":500,"label":" ","price":5.52},{"type":"A","date":"2018-05-03T06:55:36.000Z","volume":500,"label":" ","price":5.52},{"type":"A","date":"2018-05-03T06:55:36.000Z","volume":500,"label":" ","price":5.52},{"type":"U","date":"2018-05-03T06:55:50.000Z","volume":1000,"label":"X","price":5.518},{"type":"A","date":"2018-05-03T06:56:17.000Z","volume":500,"label":"Y","price":5.52},{"type":"B","date":"2018-05-03T06:56:30.000Z","volume":11500,"label":" ","price":5.51},{"type":"B","date":"2018-05-03T06:56:32.000Z","volume":2000,"label":" ","price":5.51},{"type":"B","date":"2018-05-03T06:57:09.000Z","volume":500,"label":" ","price":5.51},{"type":"A","date":"2018-05-03T06:57:42.000Z","volume":500,"label":" ","price":5.52},{"type":"A","date":"2018-05-03T06:57:44.000Z","volume":500,"label":" ","price":5.52},{"type":"A","date":"2018-05-03T06:58:33.000Z","volume":500,"label":"Y","price":5.52},{"type":"A","date":"2018-05-03T06:58:33.000Z","volume":500,"label":" ","price":5.52},{"type":"B","date":"2018-05-03T06:59:13.000Z","volume":9500,"label":" ","price":5.51},{"type":"B","date":"2018-05-03T06:59:13.000Z","volume":500,"label":" ","price":5.51},{"type":"B","date":"2018-05-03T06:59:13.000Z","volume":3000,"label":" ","price":5.51},{"type":"B","date":"2018-05-03T06:59:13.000Z","volume":4500,"label":" ","price":5.51},{"type":"B","date":"2018-05-03T07:00:21.000Z","volume":500,"label":" ","price":5.5},{"type":"B","date":"2018-05-03T07:01:17.000Z","volume":3000,"label":" ","price":5.5},{"type":"B","date":"2018-05-03T07:01:17.000Z","volume":500,"label":" ","price":5.5},{"type":"B","date":"2018-05-03T07:01:17.000Z","volume":3500,"label":" ","price":5.5},{"type":"B","date":"2018-05-03T07:01:46.000Z","volume":2000,"label":"Y","price":5.5},{"type":"B","date":"2018-05-03T07:01:46.000Z","volume":9500,"label":" ","price":5.5},{"type":"B","date":"2018-05-03T07:01:46.000Z","volume":500,"label":" ","price":5.5},{"type":"B","date":"2018-05-03T07:01:54.000Z","volume":1500,"label":"Y","price":5.5},{"type":"B","date":"2018-05-03T07:01:54.000Z","volume":500,"label":" ","price":5.5},{"type":"B","date":"2018-05-03T07:02:11.000Z","volume":500,"label":" ","price":5.5},{"type":"B","date":"2018-05-03T07:02:15.000Z","volume":2000,"label":" ","price":5.5},{"type":"A","date":"2018-05-03T07:02:43.000Z","volume":2000,"label":" ","price":5.5},{"type":"A","date":"2018-05-03T07:02:44.000Z","volume":500,"label":"Y","price":5.5},{"type":"A","date":"2018-05-03T07:02:44.000Z","volume":42000,"label":" ","price":5.5},{"type":"B","date":"2018-05-03T07:02:45.000Z","volume":500,"label":" ","price":5.5},{"type":"A","date":"2018-05-03T07:02:45.000Z","volume":23500,"label":" ","price":5.51},{"type":"B","date":"2018-05-03T07:02:54.000Z","volume":1500,"label":"Y","price":5.5},{"type":"B","date":"2018-05-03T07:02:54.000Z","volume":1500,"label":" ","price":5.5},{"type":"A","date":"2018-05-03T07:03:47.000Z","volume":2000,"label":"Y","price":5.5},{"type":"A","date":"2018-05-03T07:03:47.000Z","volume":500,"label":" ","price":5.5},{"type":"A","date":"2018-05-03T07:03:49.000Z","volume":1500,"label":" ","price":5.5},{"type":"B","date":"2018-05-03T07:04:05.000Z","volume":1000,"label":" ","price":5.49},{"type":"A","date":"2018-05-03T07:04:07.000Z","volume":500,"label":" ","price":5.5},{"type":"A","date":"2018-05-03T07:04:10.000Z","volume":1500,"label":"Y","price":5.5},{"type":"A","date":"2018-05-03T07:04:10.000Z","volume":500,"label":" ","price":5.5},{"type":"A","date":"2018-05-03T07:04:11.000Z","volume":1000,"label":" ","price":5.5},{"type":"A","date":"2018-05-03T07:04:15.000Z","volume":1000,"label":" ","price":5.5},{"type":"B","date":"2018-05-03T07:04:16.000Z","volume":2000,"label":" ","price":5.49},{"type":"A","date":"2018-05-03T07:04:17.000Z","volume":2000,"label":" ","price":5.5},{"type":"A","date":"2018-05-03T07:04:46.000Z","volume":1500,"label":" ","price":5.5},{"type":"A","date":"2018-05-03T07:04:47.000Z","volume":500,"label":" ","price":5.5},{"type":"B","date":"2018-05-03T07:05:17.000Z","volume":500,"label":" ","price":5.49},{"type":"A","date":"2018-05-03T07:05:19.000Z","volume":500,"label":" ","price":5.5},{"type":"B","date":"2018-05-03T07:05:34.000Z","volume":500,"label":" ","price":5.49},{"type":"A","date":"2018-05-03T07:05:36.000Z","volume":500,"label":" ","price":5.5},{"type":"U","date":"2018-05-03T07:05:50.000Z","volume":500,"label":"X","price":5.504},{"type":"A","date":"2018-05-03T07:06:40.000Z","volume":2000,"label":" ","price":5.5},{"type":"A","date":"2018-05-03T07:06:42.000Z","volume":1000,"label":" ","price":5.5},{"type":"B","date":"2018-05-03T07:07:29.000Z","volume":10000,"label":" ","price":5.49},{"type":"A","date":"2018-05-03T07:07:29.000Z","volume":5500,"label":" ","price":5.5},{"type":"A","date":"2018-05-03T07:07:30.000Z","volume":500,"label":" ","price":5.5},{"type":"A","date":"2018-05-03T07:07:31.000Z","volume":500,"label":" ","price":5.5},{"type":"A","date":"2018-05-03T07:07:36.000Z","volume":50000,"label":" ","price":5.5},{"type":"A","date":"2018-05-03T07:07:37.000Z","volume":14500,"label":" ","price":5.5},{"type":"A","date":"2018-05-03T07:07:37.000Z","volume":4000,"label":" ","price":5.5},{"type":"A","date":"2018-05-03T07:07:39.000Z","volume":15500,"label":" ","price":5.51},{"type":"B","date":"2018-05-03T07:08:14.000Z","volume":500,"label":" ","price":5.5},{"type":"A","date":"2018-05-03T07:08:15.000Z","volume":500,"label":" ","price":5.51},{"type":"B","date":"2018-05-03T07:08:54.000Z","volume":500,"label":"Y","price":5.5},{"type":"B","date":"2018-05-03T07:08:54.000Z","volume":3000,"label":" ","price":5.5},{"type":"B","date":"2018-05-03T07:08:54.000Z","volume":500,"label":" ","price":5.5},{"type":"A","date":"2018-05-03T07:08:56.000Z","volume":500,"label":" ","price":5.51},{"type":"B","date":"2018-05-03T07:10:09.000Z","volume":4500,"label":" ","price":5.5},{"type":"B","date":"2018-05-03T07:10:09.000Z","volume":2500,"label":" ","price":5.49},{"type":"A","date":"2018-05-03T07:10:10.000Z","volume":500,"label":" ","price":5.5},{"type":"A","date":"2018-05-03T07:10:11.000Z","volume":3500,"label":" ","price":5.5},{"type":"A","date":"2018-05-03T07:10:12.000Z","volume":500,"label":" ","price":5.5},{"type":"A","date":"2018-05-03T07:10:12.000Z","volume":500,"label":" ","price":5.5},{"type":"A","date":"2018-05-03T07:10:14.000Z","volume":4500,"label":" ","price":5.5},{"type":"A","date":"2018-05-03T07:10:14.000Z","volume":2500,"label":" ","price":5.51},{"type":"A","date":"2018-05-03T07:11:05.000Z","volume":500,"label":" ","price":5.51},{"type":"A","date":"2018-05-03T07:12:04.000Z","volume":500,"label":" ","price":5.51},{"type":"A","date":"2018-05-03T07:12:06.000Z","volume":500,"label":" ","price":5.51},{"type":"A","date":"2018-05-03T07:12:35.000Z","volume":500,"label":" ","price":5.51},{"type":"B","date":"2018-05-03T07:13:15.000Z","volume":7000,"label":" ","price":5.5},{"type":"B","date":"2018-05-03T07:13:15.000Z","volume":1500,"label":" ","price":5.5},{"type":"A","date":"2018-05-03T07:13:17.000Z","volume":5000,"label":" ","price":5.51},{"type":"B","date":"2018-05-03T07:13:26.000Z","volume":500,"label":" ","price":5.5},{"type":"A","date":"2018-05-03T07:13:27.000Z","volume":500,"label":" ","price":5.51},{"type":"A","date":"2018-05-03T07:13:33.000Z","volume":500,"label":" ","price":5.51},{"type":"A","date":"2018-05-03T07:15:12.000Z","volume":1500,"label":" ","price":5.51},{"type":"U","date":"2018-05-03T07:15:13.000Z","volume":500,"label":"X","price":5.502},{"type":"A","date":"2018-05-03T07:15:14.000Z","volume":1000,"label":" ","price":5.51},{"type":"B","date":"2018-05-03T07:15:56.000Z","volume":12000,"label":" ","price":5.5},{"type":"B","date":"2018-05-03T07:15:56.000Z","volume":3500,"label":" ","price":5.5},{"type":"A","date":"2018-05-03T07:15:58.000Z","volume":8500,"label":" ","price":5.51},{"type":"B","date":"2018-05-03T07:16:12.000Z","volume":500,"label":" ","price":5.5},{"type":"B","date":"2018-05-03T07:16:12.000Z","volume":2500,"label":" ","price":5.5},{"type":"A","date":"2018-05-03T07:16:13.000Z","volume":2000,"label":" ","price":5.51},{"type":"A","date":"2018-05-03T07:18:47.000Z","volume":20000,"label":" ","price":5.51},{"type":"B","date":"2018-05-03T07:18:47.000Z","volume":8500,"label":" ","price":5.5},{"type":"A","date":"2018-05-03T07:18:49.000Z","volume":16000,"label":" ","price":5.51},{"type":"A","date":"2018-05-03T07:18:49.000Z","volume":1000,"label":" ","price":5.51},{"type":"A","date":"2018-05-03T07:18:51.000Z","volume":500,"label":" ","price":5.51},{"type":"A","date":"2018-05-03T07:20:29.000Z","volume":2000,"label":" ","price":5.51},{"type":"A","date":"2018-05-03T07:20:31.000Z","volume":1000,"label":" ","price":5.51},{"type":"B","date":"2018-05-03T07:21:37.000Z","volume":18000,"label":" ","price":5.5},{"type":"B","date":"2018-05-03T07:21:37.000Z","volume":6000,"label":" ","price":5.5},{"type":"A","date":"2018-05-03T07:21:37.000Z","volume":500,"label":" ","price":5.51},{"type":"A","date":"2018-05-03T07:21:39.000Z","volume":14000,"label":" ","price":5.51},{"type":"B","date":"2018-05-03T07:21:52.000Z","volume":1000,"label":" ","price":5.5},{"type":"A","date":"2018-05-03T07:21:52.000Z","volume":500,"label":" ","price":5.51},{"type":"B","date":"2018-05-03T07:21:52.000Z","volume":3000,"label":" ","price":5.5},{"type":"B","date":"2018-05-03T07:21:52.000Z","volume":500,"label":" ","price":5.5},{"type":"B","date":"2018-05-03T07:22:02.000Z","volume":4000,"label":" ","price":5.5},{"type":"B","date":"2018-05-03T07:22:02.000Z","volume":1000,"label":" ","price":5.5},{"type":"A","date":"2018-05-03T07:22:34.000Z","volume":500,"label":" ","price":5.51},{"type":"A","date":"2018-05-03T07:23:20.000Z","volume":1000,"label":" ","price":5.51},{"type":"A","date":"2018-05-03T07:23:31.000Z","volume":1000,"label":" ","price":5.51},{"type":"A","date":"2018-05-03T07:24:19.000Z","volume":10000,"label":" ","price":5.51},{"type":"A","date":"2018-05-03T07:24:19.000Z","volume":500,"label":" ","price":5.51},{"type":"A","date":"2018-05-03T07:24:19.000Z","volume":1000,"label":" ","price":5.51},{"type":"B","date":"2018-05-03T07:24:19.000Z","volume":2500,"label":" ","price":5.5},{"type":"A","date":"2018-05-03T07:24:21.000Z","volume":1500,"label":" ","price":5.51},{"type":"B","date":"2018-05-03T07:24:21.000Z","volume":5500,"label":" ","price":5.5},{"type":"A","date":"2018-05-03T07:24:23.000Z","volume":3000,"label":" ","price":5.51},{"type":"U","date":"2018-05-03T07:25:13.000Z","volume":500,"label":"X","price":5.506},{"type":"B","date":"2018-05-03T07:26:48.000Z","volume":14500,"label":" ","price":5.5},{"type":"B","date":"2018-05-03T07:26:48.000Z","volume":5000,"label":" ","price":5.5},{"type":"A","date":"2018-05-03T07:26:50.000Z","volume":11000,"label":" ","price":5.51},{"type":"B","date":"2018-05-03T07:27:03.000Z","volume":500,"label":" ","price":5.5},{"type":"A","date":"2018-05-03T07:27:03.000Z","volume":500,"label":" ","price":5.51},{"type":"A","date":"2018-05-03T07:27:48.000Z","volume":500,"label":" ","price":5.51},{"type":"A","date":"2018-05-03T07:28:58.000Z","volume":1500,"label":" ","price":5.51},{"type":"A","date":"2018-05-03T07:29:00.000Z","volume":1000,"label":" ","price":5.51},{"type":"A","date":"2018-05-03T07:29:01.000Z","volume":2000,"label":" ","price":5.51},{"type":"A","date":"2018-05-03T07:29:02.000Z","volume":1000,"label":" ","price":5.51},{"type":"B","date":"2018-05-03T07:29:28.000Z","volume":17000,"label":" ","price":5.5},{"type":"B","date":"2018-05-03T07:29:28.000Z","volume":7500,"label":" ","price":5.5},{"type":"A","date":"2018-05-03T07:29:30.000Z","volume":14000,"label":" ","price":5.51},{"type":"A","date":"2018-05-03T07:29:31.000Z","volume":500,"label":"Y","price":5.51},{"type":"B","date":"2018-05-03T07:30:09.000Z","volume":500,"label":" ","price":5.5},{"type":"B","date":"2018-05-03T07:30:09.000Z","volume":4000,"label":" ","price":5.5},{"type":"A","date":"2018-05-03T07:30:11.000Z","volume":2500,"label":" ","price":5.51},{"type":"B","date":"2018-05-03T07:30:34.000Z","volume":500,"label":" ","price":5.5},{"type":"A","date":"2018-05-03T07:30:34.000Z","volume":500,"label":" ","price":5.51},{"type":"B","date":"2018-05-03T07:31:08.000Z","volume":500,"label":" ","price":5.5},{"type":"B","date":"2018-05-03T07:32:30.000Z","volume":17000,"label":" ","price":5.5},{"type":"B","date":"2018-05-03T07:32:30.000Z","volume":6000,"label":" ","price":5.5},{"type":"B","date":"2018-05-03T07:32:31.000Z","volume":500,"label":" ","price":5.5},{"type":"A","date":"2018-05-03T07:32:32.000Z","volume":13500,"label":" ","price":5.51},{"type":"B","date":"2018-05-03T07:32:32.000Z","volume":1500,"label":" ","price":5.5},{"type":"A","date":"2018-05-03T07:32:34.000Z","volume":1000,"label":" ","price":5.51},{"type":"A","date":"2018-05-03T07:33:00.000Z","volume":500,"label":" ","price":5.51},{"type":"B","date":"2018-05-03T07:33:00.000Z","volume":500,"label":" ","price":5.5},{"type":"A","date":"2018-05-03T07:33:02.000Z","volume":500,"label":" ","price":5.51},{"type":"A","date":"2018-05-03T07:33:21.000Z","volume":1500,"label":" ","price":5.51},{"type":"A","date":"2018-05-03T07:33:23.000Z","volume":500,"label":" ","price":5.51},{"type":"A","date":"2018-05-03T07:33:32.000Z","volume":500,"label":" ","price":5.51},{"type":"A","date":"2018-05-03T07:33:32.000Z","volume":500,"label":" ","price":5.51},{"type":"A","date":"2018-05-03T07:33:33.000Z","volume":500,"label":" ","price":5.51},{"type":"A","date":"2018-05-03T07:34:08.000Z","volume":500,"label":" ","price":5.51},{"type":"A","date":"2018-05-03T07:34:08.000Z","volume":500,"label":" ","price":5.51},{"type":"B","date":"2018-05-03T07:34:19.000Z","volume":500,"label":" ","price":5.5},{"type":"A","date":"2018-05-03T07:34:19.000Z","volume":500,"label":" ","price":5.51},{"type":"B","date":"2018-05-03T07:34:19.000Z","volume":7000,"label":" ","price":5.5},{"type":"A","date":"2018-05-03T07:34:21.000Z","volume":3500,"label":" ","price":5.51},{"type":"A","date":"2018-05-03T07:34:34.000Z","volume":500,"label":" ","price":5.51},{"type":"A","date":"2018-05-03T07:34:35.000Z","volume":500,"label":" ","price":5.51},{"type":"B","date":"2018-05-03T07:35:19.000Z","volume":6500,"label":" ","price":5.5}