[{"type":"A","date":"2018-04-26T01:44:17.000Z","volume":500,"label":" ","price":4.59},{"type":"B","date":"2018-04-26T01:45:40.000Z","volume":18500,"label":" ","price":4.55},{"type":"A","date":"2018-04-26T01:56:50.000Z","volume":1000,"label":" ","price":4.55},{"type":"A","date":"2018-04-26T01:59:42.000Z","volume":4000,"label":" ","price":4.55},{"type":"B","date":"2018-04-26T02:16:02.000Z","volume":11500,"label":" ","price":4.55},{"type":"B","date":"2018-04-26T02:18:39.000Z","volume":10000,"label":" ","price":4.55},{"type":"A","date":"2018-04-26T02:42:47.000Z","volume":2500,"label":" ","price":4.58},{"type":"A","date":"2018-04-26T02:42:47.000Z","volume":4500,"label":" ","price":4.59},{"type":"A","date":"2018-04-26T02:42:47.000Z","volume":7500,"label":" ","price":4.6},{"type":"A","date":"2018-04-26T02:42:47.000Z","volume":5000,"label":" ","price":4.61},{"type":"A","date":"2018-04-26T02:42:47.000Z","volume":8000,"label":" ","price":4.63},{"type":"A","date":"2018-04-26T02:44:04.000Z","volume":500,"label":" ","price":4.62},{"type":"A","date":"2018-04-26T02:44:04.000Z","volume":29500,"label":" ","price":4.63},{"type":"A","date":"2018-04-26T02:45:46.000Z","volume":4000,"label":" ","price":4.63},{"type":"B","date":"2018-04-26T02:46:31.000Z","volume":500,"label":" ","price":4.59},{"type":"B","date":"2018-04-26T02:47:09.000Z","volume":3000,"label":" ","price":4.59},{"type":"B","date":"2018-04-26T03:03:10.000Z","volume":41000,"label":" ","price":4.56},{"type":"B","date":"2018-04-26T03:03:10.000Z","volume":159000,"label":" ","price":4.55},{"type":"A","date":"2018-04-26T03:07:43.000Z","volume":7000,"label":" ","price":4.59},{"type":"A","date":"2018-04-26T03:15:20.000Z","volume":2500,"label":" ","price":4.58},{"type":"B","date":"2018-04-26T03:16:08.000Z","volume":3500,"label":" ","price":4.57},{"type":"A","date":"2018-04-26T03:16:08.000Z","volume":500,"label":" ","price":4.58},{"type":"B","date":"2018-04-26T03:20:32.000Z","volume":500,"label":" ","price":4.56},{"type":"B","date":"2018-04-26T03:35:32.000Z","volume":500,"label":" ","price":4.55},{"type":"A","date":"2018-04-26T03:45:17.000Z","volume":7000,"label":" ","price":4.56},{"type":"A","date":"2018-04-26T03:45:17.000Z","volume":1000,"label":" ","price":4.58},{"type":"A","date":"2018-04-26T03:45:17.000Z","volume":1000,"label":" ","price":4.58},{"type":"A","date":"2018-04-26T03:45:20.000Z","volume":500,"label":" ","price":4.59},{"type":"B","date":"2018-04-26T05:00:02.000Z","volume":500,"label":" ","price":4.57},{"type":"B","date":"2018-04-26T05:11:58.000Z","volume":5000,"label":" ","price":4.56},{"type":"A","date":"2018-04-26T05:11:59.000Z","volume":500,"label":" ","price":4.57},{"type":"B","date":"2018-04-26T05:18:29.000Z","volume":6000,"label":" ","price":4.56},{"type":"B","date":"2018-04-26T05:34:11.000Z","volume":2000,"label":" ","price":4.56},{"type":"B","date":"2018-04-26T05:34:11.000Z","volume":513000,"label":" ","price":4.55},{"type":"B","date":"2018-04-26T05:34:41.000Z","volume":6500,"label":" ","price":4.55},{"type":"B","date":"2018-04-26T05:35:03.000Z","volume":5000,"label":" ","price":4.55},{"type":"B","date":"2018-04-26T05:40:25.000Z","volume":500,"label":" ","price":4.54},{"type":"A","date":"2018-04-26T05:41:54.000Z","volume":16000,"label":" ","price":4.56},{"type":"A","date":"2018-04-26T05:41:54.000Z","volume":23500,"label":" ","price":4.57},{"type":"A","date":"2018-04-26T05:41:54.000Z","volume":3000,"label":" ","price":4.58},{"type":"A","date":"2018-04-26T05:41:54.000Z","volume":7000,"label":" ","price":4.59},{"type":"B","date":"2018-04-26T05:42:17.000Z","volume":4500,"label":" ","price":4.55},{"type":"B","date":"2018-04-26T05:42:29.000Z","volume":2000,"label":" ","price":4.54},{"type":"B","date":"2018-04-26T05:49:02.000Z","volume":500,"label":" ","price":4.54},{"type":"B","date":"2018-04-26T05:50:51.000Z","volume":37000,"label":" ","price":4.54},{"type":"A","date":"2018-04-26T05:53:17.000Z","volume":4000,"label":" ","price":4.54},{"type":"A","date":"2018-04-26T05:53:17.000Z","volume":500,"label":" ","price":4.55},{"type":"A","date":"2018-04-26T05:53:17.000Z","volume":1000,"label":" ","price":4.56},{"type":"A","date":"2018-04-26T06:00:36.000Z","volume":3500,"label":" ","price":4.55},{"type":"A","date":"2018-04-26T06:00:36.000Z","volume":2500,"label":" ","price":4.56},{"type":"A","date":"2018-04-26T06:08:12.000Z","volume":3500,"label":" ","price":4.56},{"type":"A","date":"2018-04-26T06:08:12.000Z","volume":8000,"label":" ","price":4.57},{"type":"A","date":"2018-04-26T06:08:12.000Z","volume":500,"label":" ","price":4.58},{"type":"B","date":"2018-04-26T06:11:26.000Z","volume":3000,"label":" ","price":4.54},{"type":"B","date":"2018-04-26T06:19:30.000Z","volume":2000,"label":" ","price":4.53},{"type":"B","date":"2018-04-26T06:20:25.000Z","volume":1500,"label":" ","price":4.53},{"type":"B","date":"2018-04-26T06:21:15.000Z","volume":1500,"label":" ","price":4.53},{"type":"B","date":"2018-04-26T06:21:42.000Z","volume":3000,"label":" ","price":4.53},{"type":"B","date":"2018-04-26T06:22:04.000Z","volume":1500,"label":" ","price":4.53},{"type":"B","date":"2018-04-26T06:22:05.000Z","volume":1000,"label":" ","price":4.53},{"type":"B","date":"2018-04-26T06:23:40.000Z","volume":1000,"label":" ","price":4.52},{"type":"B","date":"2018-04-26T06:24:59.000Z","volume":4500,"label":" ","price":4.51},{"type":"B","date":"2018-04-26T06:30:31.000Z","volume":5000,"label":" ","price":4.51},{"type":"B","date":"2018-04-26T06:30:36.000Z","volume":500,"label":" ","price":4.5},{"type":"A","date":"2018-04-26T06:35:17.000Z","volume":500,"label":" ","price":4.51},{"type":"A","date":"2018-04-26T06:35:17.000Z","volume":1000,"label":" ","price":4.52},{"type":"A","date":"2018-04-26T06:35:17.000Z","volume":1500,"label":" ","price":4.53},{"type":"A","date":"2018-04-26T06:35:17.000Z","volume":2000,"label":" ","price":4.56},{"type":"A","date":"2018-04-26T06:35:26.000Z","volume":2000,"label":" ","price":4.56},{"type":"B","date":"2018-04-26T06:40:47.000Z","volume":1000,"label":" ","price":4.52},{"type":"B","date":"2018-04-26T06:41:15.000Z","volume":4000,"label":" ","price":4.51},{"type":"B","date":"2018-04-26T06:41:55.000Z","volume":500,"label":" ","price":4.51},{"type":"B","date":"2018-04-26T06:45:47.000Z","volume":11000,"label":" ","price":4.5},{"type":"B","date":"2018-04-26T06:50:26.000Z","volume":5000,"label":" ","price":4.49},{"type":"A","date":"2018-04-26T06:50:50.000Z","volume":1500,"label":" ","price":4.5},{"type":"B","date":"2018-04-26T06:51:53.000Z","volume":500,"label":" ","price":4.49},{"type":"A","date":"2018-04-26T06:52:42.000Z","volume":500,"label":" ","price":4.5},{"type":"A","date":"2018-04-26T06:55:03.000Z","volume":2000,"label":" ","price":4.5},{"type":"B","date":"2018-04-26T06:55:23.000Z","volume":1000,"label":" ","price":4.49},{"type":"A","date":"2018-04-26T06:59:25.000Z","volume":5500,"label":" ","price":4.5},{"type":"A","date":"2018-04-26T06:59:55.000Z","volume":1500,"label":" ","price":4.5},{"type":"B","date":"2018-04-26T07:02:05.000Z","volume":1000,"label":" ","price":4.5},{"type":"A","date":"2018-04-26T07:07:31.000Z","volume":2000,"label":" ","price":4.5},{"type":"A","date":"2018-04-26T07:14:47.000Z","volume":1500,"label":" ","price":4.5},{"type":"A","date":"2018-04-26T07:16:13.000Z","volume":500,"label":" ","price":4.5},{"type":"B","date":"2018-04-26T07:20:23.000Z","volume":1000,"label":" ","price":4.49},{"type":"A","date":"2018-04-26T07:20:33.000Z","volume":500,"label":" ","price":4.5},{"type":"B","date":"2018-04-26T07:25:24.000Z","volume":1000,"label":" ","price":4.49},{"type":"A","date":"2018-04-26T07:25:33.000Z","volume":5000,"label":" ","price":4.5},{"type":"B","date":"2018-04-26T07:25:38.000Z","volume":500,"label":" ","price":4.49},{"type":"A","date":"2018-04-26T07:28:02.000Z","volume":5000,"label":" ","price":4.5},{"type":"A","date":"2018-04-26T07:29:05.000Z","volume":2000,"label":" ","price":4.5},{"type":"A","date":"2018-04-26T07:29:05.000Z","volume":500,"label":" ","price":4.53},{"type":"A","date":"2018-04-26T07:29:05.000Z","volume":4000,"label":" ","price":4.54},{"type":"A","date":"2018-04-26T07:29:05.000Z","volume":500,"label":" ","price":4.55},{"type":"A","date":"2018-04-26T07:29:49.000Z","volume":5500,"label":" ","price":4.5},{"type":"A","date":"2018-04-26T07:31:01.000Z","volume":1000,"label":" ","price":4.5},{"type":"A","date":"2018-04-26T07:33:21.000Z","volume":500,"label":" ","price":4.5},{"type":"A","date":"2018-04-26T07:33:53.000Z","volume":3500,"label":" ","price":4.5},{"type":"A","date":"2018-04-26T07:33:53.000Z","volume":500,"label":" ","price":4.5},{"type":"B","date":"2018-04-26T07:35:19.000Z","volume":500,"label":" ","price":4.49},{"type":"A","date":"2018-04-26T07:39:10.000Z","volume":1000,"label":" ","price":4.5},{"type":"B","date":"2018-04-26T07:40:20.000Z","volume":500,"label":" ","price":4.49},{"type":"A","date":"2018-04-26T07:44:53.000Z","volume":11500,"label":" ","price":4.5},{"type":"A","date":"2018-04-26T07:44:53.000Z","volume":3500,"label":" ","price":4.54},{"type":"B","date":"2018-04-26T07:44:58.000Z","volume":3000,"label":" ","price":4.5},{"type":"A","date":"2018-04-26T07:45:01.000Z","volume":4000,"label":" ","price":4.5},{"type":"A","date":"2018-04-26T07:45:01.000Z","volume":13000,"label":" ","price":4.5},{"type":"B","date":"2018-04-26T07:46:10.000Z","volume":15000,"label":" ","price":4.49},{"type":"B","date":"2018-04-26T07:46:10.000Z","volume":3000,"label":" ","price":4.49},{"type":"B","date":"2018-04-26T07:47:49.000Z","volume":1500,"label":"Y","price":4.49},{"type":"B","date":"2018-04-26T07:47:56.000Z","volume":3500,"label":" ","price":4.49},{"type":"B","date":"2018-04-26T07:48:09.000Z","volume":500,"label":" ","price":4.49},{"type":"A","date":"2018-04-26T07:49:34.000Z","volume":16500,"label":" ","price":4.5},{"type":"A","date":"2018-04-26T07:49:34.000Z","volume":2000,"label":" ","price":4.53},{"type":"A","date":"2018-04-26T07:49:34.000Z","volume":1500,"label":" ","price":4.54},{"type":"U","date":"2018-04-26T07:49:38.000Z","volume":1000,"label":" ","price":4.5},{"type":"A","date":"2018-04-26T07:50:15.000Z","volume":16500,"label":" ","price":4.5},{"type":"A","date":"2018-04-26T07:50:15.000Z","volume":1500,"label":" ","price":4.53},{"type":"A","date":"2018-04-26T07:50:15.000Z","volume":2000,"label":" ","price":4.54},{"type":"A","date":"2018-04-26T07:50:29.000Z","volume":13500,"label":" ","price":4.5},{"type":"A","date":"2018-04-26T07:50:29.000Z","volume":6500,"label":" ","price":4.54},{"type":"A","date":"2018-04-26T07:50:40.000Z","volume":10000,"label":" ","price":4.5},{"type":"A","date":"2018-04-26T07:50:47.000Z","volume":6500,"label":" ","price":4.5},{"type":"A","date":"2018-04-26T07:50:52.000Z","volume":1500,"label":" ","price":4.54},{"type":"A","date":"2018-04-26T07:50:52.000Z","volume":1000,"label":" ","price":4.55},{"type":"B","date":"2018-04-26T07:50:52.000Z","volume":7500,"label":" ","price":4.55},{"type":"A","date":"2018-04-26T07:51:03.000Z","volume":2000,"label":" ","price":4.52},{"type":"B","date":"2018-04-26T07:51:07.000Z","volume":3000,"label":" ","price":4.51},{"type":"B","date":"2018-04-26T07:51:16.000Z","volume":500,"label":" ","price":4.5},{"type":"A","date":"2018-04-26T07:51:40.000Z","volume":6000,"label":" ","price":4.5},{"type":"A","date":"2018-04-26T07:51:48.000Z","volume":2500,"label":" ","price":4.5},{"type":"A","date":"2018-04-26T07:51:48.000Z","volume":4000,"label":" ","price":4.54},{"type":"A","date":"2018-04-26T07:51:48.000Z","volume":3500,"label":" ","price":4.55},{"type":"A","date":"2018-04-26T07:52:05.000Z","volume":12000,"label":" ","price":4.51},{"type":"A","date":"2018-04-26T07:52:05.000Z","volume":3000,"label":" ","price":4.55},{"type":"B","date":"2018-04-26T07:52:10.000Z","volume":500,"label":" ","price":4.51},{"type":"A","date":"2018-04-26T07:52:24.000Z","volume":500,"label":" ","price":4.51},{"type":"A","date":"2018-04-26T07:52:26.000Z","volume":10000,"label":" ","price":4.51},{"type":"A","date":"2018-04-26T07:52:51.000Z","volume":8500,"label":" ","price":4.52},{"type":"B","date":"2018-04-26T07:52:58.000Z","volume":1500,"label":" ","price":4.52},{"type":"A","date":"2018-04-26T07:53:05.000Z","volume":2000,"label":" ","price":4.53},{"type":"B","date":"2018-04-26T07:53:22.000Z","volume":2500,"label":" ","price":4.51},{"type":"B","date":"2018-04-26T07:53:40.000Z","volume":4500,"label":" ","price":4.5},{"type":"B","date":"2018-04-26T07:53:40.000Z","volume":1000,"label":" ","price":4.5},{"type":"B","date":"2018-04-26T07:53:50.000Z","volume":7000,"label":" ","price":4.5},{"type":"A","date":"2018-04-26T07:53:57.000Z","volume":1000,"label":" ","price":4.5},{"type":"B","date":"2018-04-26T07:55:36.000Z","volume":500,"label":" ","price":4.49},{"type":"A","date":"2018-04-26T07:56:59.000Z","volume":1000,"label":" ","price":4.5},{"type":"B","date":"2018-04-26T07:58:41.000Z","volume":500,"label":" ","price":4.49},{"type":"A","date":"2018-04-26T07:59:08.000Z","volume":500,"label":" ","price":4.5},{"type":"B","date":"2018-04-26T07:59:09.000Z","volume":500,"label":" ","price":4.49},{"type":"B","date":"2018-04-26T07:59:32.000Z","volume":9000,"label":" ","price":4.49}]