[{"type":"U","date":"2018-04-09T01:20:00.000Z","volume":66000,"label":"U","price":16.28},{"type":"B","date":"2018-04-09T01:30:01.000Z","volume":4000,"label":" ","price":16.28},{"type":"B","date":"2018-04-09T01:30:01.000Z","volume":18000,"label":" ","price":16.28},{"type":"A","date":"2018-04-09T01:30:02.000Z","volume":4000,"label":" ","price":16.36},{"type":"A","date":"2018-04-09T01:30:02.000Z","volume":2000,"label":" ","price":16.36},{"type":"A","date":"2018-04-09T01:30:02.000Z","volume":2000,"label":" ","price":16.36},{"type":"B","date":"2018-04-09T01:30:02.000Z","volume":2000,"label":" ","price":16.3},{"type":"U","date":"2018-04-09T01:30:09.000Z","volume":2000,"label":"X","price":16.31},{"type":"A","date":"2018-04-09T01:30:16.000Z","volume":18000,"label":" ","price":16.34},{"type":"A","date":"2018-04-09T01:30:16.000Z","volume":2000,"label":" ","price":16.34},{"type":"A","date":"2018-04-09T01:30:16.000Z","volume":2000,"label":" ","price":16.36},{"type":"U","date":"2018-04-09T01:30:16.000Z","volume":2000,"label":" ","price":16.34},{"type":"A","date":"2018-04-09T01:30:18.000Z","volume":4000,"label":" ","price":16.36},{"type":"A","date":"2018-04-09T01:30:19.000Z","volume":2000,"label":" ","price":16.36},{"type":"B","date":"2018-04-09T01:30:21.000Z","volume":2000,"label":" ","price":16.34},{"type":"A","date":"2018-04-09T01:30:22.000Z","volume":2000,"label":" ","price":16.36},{"type":"B","date":"2018-04-09T01:30:28.000Z","volume":10000,"label":" ","price":16.34},{"type":"A","date":"2018-04-09T01:30:43.000Z","volume":12000,"label":" ","price":16.34},{"type":"A","date":"2018-04-09T01:30:43.000Z","volume":2000,"label":" ","price":16.36},{"type":"U","date":"2018-04-09T01:30:49.000Z","volume":2000,"label":"X","price":16.35},{"type":"A","date":"2018-04-09T01:30:51.000Z","volume":6000,"label":" ","price":16.36},{"type":"B","date":"2018-04-09T01:30:51.000Z","volume":2000,"label":" ","price":16.36},{"type":"B","date":"2018-04-09T01:30:51.000Z","volume":2000,"label":" ","price":16.36},{"type":"A","date":"2018-04-09T01:30:53.000Z","volume":2000,"label":" ","price":16.38},{"type":"U","date":"2018-04-09T01:30:57.000Z","volume":2000,"label":"X","price":16.35},{"type":"A","date":"2018-04-09T01:31:01.000Z","volume":6000,"label":" ","price":16.36},{"type":"A","date":"2018-04-09T01:31:01.000Z","volume":2000,"label":" ","price":16.38},{"type":"U","date":"2018-04-09T01:31:03.000Z","volume":2000,"label":" ","price":16.36},{"type":"B","date":"2018-04-09T01:31:06.000Z","volume":2000,"label":" ","price":16.34},{"type":"A","date":"2018-04-09T01:31:20.000Z","volume":2000,"label":" ","price":16.38},{"type":"A","date":"2018-04-09T01:31:20.000Z","volume":20000,"label":" ","price":16.38},{"type":"A","date":"2018-04-09T01:31:20.000Z","volume":2000,"label":" ","price":16.38},{"type":"U","date":"2018-04-09T01:31:20.000Z","volume":2000,"label":" ","price":16.36},{"type":"A","date":"2018-04-09T01:31:22.000Z","volume":2000,"label":" ","price":16.44},{"type":"U","date":"2018-04-09T01:31:42.000Z","volume":2000,"label":" ","price":16.38},{"type":"A","date":"2018-04-09T01:31:46.000Z","volume":2000,"label":" ","price":16.42},{"type":"A","date":"2018-04-09T01:31:48.000Z","volume":2000,"label":" ","price":16.4},{"type":"A","date":"2018-04-09T01:31:49.000Z","volume":2000,"label":" ","price":16.4},{"type":"B","date":"2018-04-09T01:32:18.000Z","volume":2000,"label":"Y","price":16.4},{"type":"A","date":"2018-04-09T01:32:20.000Z","volume":2000,"label":" ","price":16.42},{"type":"A","date":"2018-04-09T01:32:20.000Z","volume":2000,"label":" ","price":16.42},{"type":"B","date":"2018-04-09T01:32:21.000Z","volume":2000,"label":"Y","price":16.4},{"type":"A","date":"2018-04-09T01:32:28.000Z","volume":10000,"label":" ","price":16.42},{"type":"B","date":"2018-04-09T01:32:28.000Z","volume":2000,"label":"Y","price":16.4},{"type":"A","date":"2018-04-09T01:32:48.000Z","volume":20000,"label":" ","price":16.44},{"type":"A","date":"2018-04-09T01:32:48.000Z","volume":2000,"label":" ","price":16.48},{"type":"U","date":"2018-04-09T01:32:48.000Z","volume":2000,"label":" ","price":16.42},{"type":"A","date":"2018-04-09T01:32:50.000Z","volume":2000,"label":" ","price":16.48},{"type":"B","date":"2018-04-09T01:32:58.000Z","volume":2000,"label":" ","price":16.4},{"type":"A","date":"2018-04-09T01:33:22.000Z","volume":2000,"label":" ","price":16.46},{"type":"A","date":"2018-04-09T01:33:28.000Z","volume":16000,"label":" ","price":16.46},{"type":"A","date":"2018-04-09T01:33:29.000Z","volume":20000,"label":" ","price":16.48},{"type":"A","date":"2018-04-09T01:33:29.000Z","volume":2000,"label":" ","price":16.48},{"type":"A","date":"2018-04-09T01:33:29.000Z","volume":2000,"label":" ","price":16.48},{"type":"A","date":"2018-04-09T01:33:29.000Z","volume":2000,"label":" ","price":16.48},{"type":"A","date":"2018-04-09T01:33:30.000Z","volume":2000,"label":" ","price":16.48},{"type":"A","date":"2018-04-09T01:33:30.000Z","volume":4000,"label":" ","price":16.48},{"type":"B","date":"2018-04-09T01:33:32.000Z","volume":2000,"label":" ","price":16.48},{"type":"A","date":"2018-04-09T01:33:38.000Z","volume":6000,"label":" ","price":16.5},{"type":"A","date":"2018-04-09T01:33:38.000Z","volume":2000,"label":" ","price":16.5},{"type":"B","date":"2018-04-09T01:33:38.000Z","volume":6000,"label":" ","price":16.48},{"type":"A","date":"2018-04-09T01:33:39.000Z","volume":2000,"label":" ","price":16.5},{"type":"B","date":"2018-04-09T01:33:39.000Z","volume":2000,"label":" ","price":16.48},{"type":"B","date":"2018-04-09T01:33:40.000Z","volume":6000,"label":" ","price":16.48},{"type":"B","date":"2018-04-09T01:33:44.000Z","volume":14000,"label":" ","price":16.48},{"type":"A","date":"2018-04-09T01:33:45.000Z","volume":34000,"label":" ","price":16.5},{"type":"A","date":"2018-04-09T01:33:45.000Z","volume":2000,"label":" ","price":16.5},{"type":"A","date":"2018-04-09T01:33:45.000Z","volume":2000,"label":" ","price":16.52},{"type":"A","date":"2018-04-09T01:33:46.000Z","volume":2000,"label":" ","price":16.58},{"type":"B","date":"2018-04-09T01:33:52.000Z","volume":4000,"label":" ","price":16.56},{"type":"B","date":"2018-04-09T01:33:58.000Z","volume":4000,"label":" ","price":16.56},{"type":"A","date":"2018-04-09T01:33:59.000Z","volume":12000,"label":" ","price":16.58},{"type":"A","date":"2018-04-09T01:33:59.000Z","volume":2000,"label":" ","price":16.58},{"type":"A","date":"2018-04-09T01:33:59.000Z","volume":6000,"label":" ","price":16.58},{"type":"A","date":"2018-04-09T01:34:16.000Z","volume":4000,"label":" ","price":16.56},{"type":"A","date":"2018-04-09T01:34:16.000Z","volume":2000,"label":" ","price":16.6},{"type":"B","date":"2018-04-09T01:34:19.000Z","volume":2000,"label":" ","price":16.52},{"type":"A","date":"2018-04-09T01:34:23.000Z","volume":2000,"label":" ","price":16.58},{"type":"B","date":"2018-04-09T01:34:37.000Z","volume":4000,"label":"Y","price":16.56},{"type":"B","date":"2018-04-09T01:34:37.000Z","volume":2000,"label":" ","price":16.56},{"type":"B","date":"2018-04-09T01:34:39.000Z","volume":2000,"label":" ","price":16.54},{"type":"A","date":"2018-04-09T01:34:39.000Z","volume":2000,"label":" ","price":16.56},{"type":"A","date":"2018-04-09T01:34:45.000Z","volume":4000,"label":" ","price":16.56},{"type":"B","date":"2018-04-09T01:34:55.000Z","volume":8000,"label":" ","price":16.54},{"type":"B","date":"2018-04-09T01:34:55.000Z","volume":2000,"label":" ","price":16.54},{"type":"B","date":"2018-04-09T01:35:20.000Z","volume":14000,"label":" ","price":16.52},{"type":"B","date":"2018-04-09T01:35:20.000Z","volume":2000,"label":" ","price":16.52},{"type":"A","date":"2018-04-09T01:35:23.000Z","volume":6000,"label":" ","price":16.54},{"type":"B","date":"2018-04-09T01:35:23.000Z","volume":2000,"label":" ","price":16.54},{"type":"B","date":"2018-04-09T01:35:25.000Z","volume":2000,"label":" ","price":16.54},{"type":"B","date":"2018-04-09T01:35:28.000Z","volume":2000,"label":" ","price":16.54},{"type":"B","date":"2018-04-09T01:35:29.000Z","volume":2000,"label":" ","price":16.54},{"type":"B","date":"2018-04-09T01:35:29.000Z","volume":2000,"label":" ","price":16.54},{"type":"B","date":"2018-04-09T01:35:30.000Z","volume":2000,"label":" ","price":16.54},{"type":"A","date":"2018-04-09T01:35:30.000Z","volume":2000,"label":" ","price":16.56},{"type":"B","date":"2018-04-09T01:36:05.000Z","volume":4000,"label":" ","price":16.52},{"type":"B","date":"2018-04-09T01:36:17.000Z","volume":8000,"label":" ","price":16.5},{"type":"A","date":"2018-04-09T01:36:58.000Z","volume":14000,"label":" ","price":16.52},{"type":"A","date":"2018-04-09T01:36:58.000Z","volume":16000,"label":" ","price":16.54},{"type":"A","date":"2018-04-09T01:36:58.000Z","volume":4000,"label":" ","price":16.56},{"type":"A","date":"2018-04-09T01:36:58.000Z","volume":26000,"label":" ","price":16.58},{"type":"A","date":"2018-04-09T01:36:58.000Z","volume":26000,"label":" ","price":16.6},{"type":"A","date":"2018-04-09T01:36:58.000Z","volume":2000,"label":" ","price":16.66},{"type":"U","date":"2018-04-09T01:36:58.000Z","volume":2000,"label":"X","price":16.63},{"type":"U","date":"2018-04-09T01:36:58.000Z","volume":125,"label":"D","price":16.5},{"type":"B","date":"2018-04-09T01:36:59.000Z","volume":2000,"label":" ","price":16.6},{"type":"A","date":"2018-04-09T01:37:00.000Z","volume":4000,"label":" ","price":16.66},{"type":"B","date":"2018-04-09T01:37:00.000Z","volume":36000,"label":" ","price":16.6},{"type":"A","date":"2018-04-09T01:37:00.000Z","volume":2000,"label":" ","price":16.66},{"type":"B","date":"2018-04-09T01:37:09.000Z","volume":2000,"label":" ","price":16.48},{"type":"A","date":"2018-04-09T01:37:16.000Z","volume":2000,"label":" ","price":16.64},{"type":"U","date":"2018-04-09T01:37:42.000Z","volume":2000,"label":" ","price":16.52},{"type":"B","date":"2018-04-09T01:38:02.000Z","volume":14000,"label":" ","price":16.5},{"type":"B","date":"2018-04-09T01:38:03.000Z","volume":6000,"label":" ","price":16.48},{"type":"B","date":"2018-04-09T01:38:03.000Z","volume":4000,"label":" ","price":16.46},{"type":"B","date":"2018-04-09T01:38:07.000Z","volume":4000,"label":" ","price":16.42},{"type":"B","date":"2018-04-09T01:38:24.000Z","volume":2000,"label":" ","price":16.4},{"type":"B","date":"2018-04-09T01:38:50.000Z","volume":2000,"label":" ","price":16.38},{"type":"B","date":"2018-04-09T01:38:51.000Z","volume":4000,"label":" ","price":16.36},{"type":"U","date":"2018-04-09T01:38:51.000Z","volume":2000,"label":"X","price":16.36},{"type":"B","date":"2018-04-09T01:38:51.000Z","volume":4000,"label":" ","price":16.34},{"type":"A","date":"2018-04-09T01:38:53.000Z","volume":6000,"label":" ","price":16.38},{"type":"B","date":"2018-04-09T01:38:55.000Z","volume":2000,"label":" ","price":16.38},{"type":"A","date":"2018-04-09T01:39:01.000Z","volume":2000,"label":" ","price":16.4},{"type":"B","date":"2018-04-09T01:39:11.000Z","volume":10000,"label":" ","price":16.38},{"type":"B","date":"2018-04-09T01:39:48.000Z","volume":4000,"label":" ","price":16.34},{"type":"B","date":"2018-04-09T01:39:57.000Z","volume":8000,"label":" ","price":16.32},{"type":"B","date":"2018-04-09T01:39:57.000Z","volume":4000,"label":" ","price":16.32},{"type":"U","date":"2018-04-09T01:39:59.000Z","volume":2000,"label":" ","price":16.32},{"type":"B","date":"2018-04-09T01:39:59.000Z","volume":12000,"label":" ","price":16.3},{"type":"B","date":"2018-04-09T01:40:00.000Z","volume":8000,"label":" ","price":16.28},{"type":"B","date":"2018-04-09T01:40:00.000Z","volume":26000,"label":" ","price":16.28},{"type":"A","date":"2018-04-09T01:40:00.000Z","volume":2000,"label":" ","price":16.32},{"type":"B","date":"2018-04-09T01:40:00.000Z","volume":44000,"label":" ","price":16.28},{"type":"A","date":"2018-04-09T01:40:00.000Z","volume":2000,"label":" ","price":16.32},{"type":"B","date":"2018-04-09T01:40:00.000Z","volume":8000,"label":" ","price":16.28},{"type":"A","date":"2018-04-09T01:40:01.000Z","volume":2000,"label":" ","price":16.32},{"type":"B","date":"2018-04-09T01:40:08.000Z","volume":2000,"label":" ","price":16.22},{"type":"B","date":"2018-04-09T01:40:12.000Z","volume":6000,"label":" ","price":16.2},{"type":"A","date":"2018-04-09T01:41:24.000Z","volume":2000,"label":" ","price":16.24},{"type":"U","date":"2018-04-09T01:41:45.000Z","volume":2000,"label":"X","price":16.23},{"type":"B","date":"2018-04-09T01:41:45.000Z","volume":2000,"label":" ","price":16.22},{"type":"B","date":"2018-04-09T01:41:46.000Z","volume":2000,"label":"Y","price":16.2},{"type":"B","date":"2018-04-09T01:41:46.000Z","volume":2000,"label":" ","price":16.2},{"type":"A","date":"2018-04-09T01:41:50.000Z","volume":2000,"label":" ","price":16.24},{"type":"A","date":"2018-04-09T01:42:01.000Z","volume":10000,"label":" ","price":16.24},{"type":"U","date":"2018-04-09T01:42:02.000Z","volume":2000,"label":"X","price":16.24},{"type":"U","date":"2018-04-09T01:42:43.000Z","volume":4000,"label":" ","price":16.16},{"type":"A","date":"2018-04-09T01:42:45.000Z","volume":18000,"label":" ","price":16.18},{"type":"U","date":"2018-04-09T01:42:46.000Z","volume":2000,"label":"X","price":16.2},{"type":"A","date":"2018-04-09T01:42:47.000Z","volume":12000,"label":" ","price":16.2},{"type":"A","date":"2018-04-09T01:42:47.000Z","volume":4000,"label":" ","price":16.22},{"type":"U","date":"2018-04-09T01:42:48.000Z","volume":2000,"label":"X","price":16.22},{"type":"A","date":"2018-04-09T01:42:48.000Z","volume":2000,"label":" ","price":16.22},{"type":"A","date":"2018-04-09T01:42:49.000Z","volume":2000,"label":" ","price":16.24},{"type":"U","date":"2018-04-09T01:42:49.000Z","volume":2000,"label":"X","price":16.22},{"type":"B","date":"2018-04-09T01:43:03.000Z","volume":2000,"label":" ","price":16.18},{"type":"A","date":"2018-04-09T01:43:49.000Z","volume":8000,"label":" ","price":16.24},{"type":"U","date":"2018-04-09T01:43:51.000Z","volume":2000,"label":"X","price":16.26},{"type":"B","date":"2018-04-09T01:43:51.000Z","volume":2000,"label":"Y","price":16.24},{"type":"B","date":"2018-04-09T01:43:51.000Z","volume":2000,"label":" ","price":16.24},{"type":"A","date":"2018-04-09T01:43:53.000Z","volume":2000,"label":"Y","price":16.26},{"type":"A","date":"2018-04-09T01:43:55.000Z","volume":2000,"label":"Y","price":16.26},{"type":"B","date":"2018-04-09T01:44:56.000Z","volume":10000,"label":"Y","price":16.28},{"type":"B","date":"2018-04-09T01:45:10.000Z","volume":2000,"label":" ","price":16.26},{"type":"B","date":"2018-04-09T01:45:21.000Z","volume":8000,"label":" ","price":16.26},{"type":"U","date":"2018-04-09T01:45:26.000Z","volume":2000,"label":"X","price":16.26},{"type":"A","date":"2018-04-09T01:45:29.000Z","volume":8000,"label":" ","price":16.26},{"type":"A","date":"2018-04-09T01:45:29.000Z","volume":2000,"label":" ","price":16.26},{"type":"A","date":"2018-04-09T01:45:48.000Z","volume":10000,"label":" ","price":16.26},{"type":"A","date":"2018-04-09T01:45:48.000Z","volume":2000,"label":" ","price":16.26},{"type":"U","date":"2018-04-09T01:45:52.000Z","volume":2000,"label":"X","price":16.26},{"type":"U","date":"2018-04-09T01:45:53.000Z","volume":2000,"label":"X","price":16.26},{"type":"A","date":"2018-04-09T01:45:59.000Z","volume":2000,"label":" ","price":16.26},{"type":"A","date":"2018-04-09T01:46:12.000Z","volume":2000,"label":" ","price":16.26},{"type":"B","date":"2018-04-09T01:46:25.000Z","volume":16000,"label":" ","price":16.24},{"type":"B","date":"2018-04-09T01:46:25.000Z","volume":12000,"label":" ","price":16.22},{"type":"U","date":"2018-04-09T01:46:25.000Z","volume":2000,"label":" ","price":16.22},{"type":"U","date":"2018-04-09T01:46:25.000Z","volume":2000,"label":"X","price":16.26},{"type":"B","date":"2018-04-09T01:46:25.000Z","volume":6000,"label":" ","price":16.2},{"type":"A","date":"2018-04-09T01:46:25.000Z","volume":8000,"label":" ","price":16.24},{"type":"A","date":"2018-04-09T01:46:25.000Z","volume":2000,"label":" ","price":16.24},{"type":"U","date":"2018-04-09T01:46:30.000Z","volume":2000,"label":"X","price":16.24},{"type":"B","date":"2018-04-09T01:46:30.000Z","volume":6000,"label":" ","price":16.18},{"type":"U","date":"2018-04-09T01:46:30.000Z","volume":2000,"label":" ","price":16.22},{"type":"B","date":"2018-04-09T01:46:34.000Z","volume":4000,"label":" ","price":16.16},{"type":"A","date":"2018-04-09T01:46:34.000Z","volume":2000,"label":" ","price":16.2},{"type":"A","date":"2018-04-09T01:46:51.000Z","volume":2000,"label":" ","price":16.2},{"type":"B","date":"2018-04-09T01:46:51.000Z","volume":6000,"label":" ","price":16.14},{"type":"B","date":"2018-04-09T01:46:51.000Z","volume":16000,"label":" ","price":16.12},{"type":"B","date":"2018-04-09T01:46:51.000Z","volume":12000,"label":" ","price":16.1},{"type":"U","date":"2018-04-09T01:46:51.000Z","volume":2000,"label":"X","price":16.2},{"type":"U","date":"2018-04-09T01:46:56.000Z","volume":2000,"label":"X","price":16.2},{"type":"A","date":"2018-04-09T01:47:04.000Z","volume":2000,"label":" ","price":16.18},{"type":"A","date":"2018-04-09T01:47:46.000Z","volume":10000,"label":" ","price":16.18},{"type":"A","date":"2018-04-09T01:47:46.000Z","volume":2000,"label":" ","price":16.18},{"type":"B","date":"2018-04-09T01:47:52.000Z","volume":2000,"label":" ","price":16.18},{"type":"B","date":"2018-04-09T01:48:16.000Z","volume":2000,"label":" ","price":16.16},{"type":"U","date":"2018-04-09T01:48:16.000Z","volume":2000,"label":"X","price":16.3},{"type":"A","date":"2018-04-09T01:49:02.000Z","volume":2000,"label":" ","price":16.3},{"type":"A","date":"2018-04-09T01:49:51.000Z","volume":14000,"label":" ","price":16.28},{"type":"A","date":"2018-04-09T01:50:11.000Z","volume":2000,"label":"Y","price":16.3},{"type":"A","date":"2018-04-09T01:50:11.000Z","volume":20000,"label":" ","price":16.3},{"type":"A","date":"2018-04-09T01:50:11.000Z","volume":2000,"label":" ","price":16.3},{"type":"A","date":"2018-04-09T01:50:11.000Z","volume":2000,"label":" ","price":16.32},{"type":"A","date":"2018-04-09T01:50:13.000Z","volume":2000,"label":" ","price":16.32},{"type":"A","date":"2018-04-09T01:50:13.000Z","volume":32000,"label":" ","price":16.32},{"type":"A","date":"2018-04-09T01:50:13.000Z","volume":2000,"label":" ","price":16.34},{"type":"A","date":"2018-04-09T01:50:13.000Z","volume":2000,"label":" ","price":16.4},{"type":"A","date":"2018-04-09T01:50:13.000Z","volume":2000,"label":" ","price":16.4},{"type":"A","date":"2018-04-09T01:50:14.000Z","volume":4000,"label":" ","price":16.4},{"type":"B","date":"2018-04-09T01:50:48.000Z","volume":18000,"label":" ","price":16.36},{"type":"B","date":"2018-04-09T01:50:48.000Z","volume":2000,"label":" ","price":16.36},{"type":"B","date":"2018-04-09T01:50:48.000Z","volume":2000,"label":" ","price":16.36},{"type":"A","date":"2018-04-09T01:50:49.000Z","volume":2000,"label":" ","price":16.36},{"type":"B","date":"2018-04-09T01:51:55.000Z","volume":2000,"label":" ","price":16.36},{"type":"B","date":"2018-04-09T01:51:55.000Z","volume":4000,"label":" ","price":16.36},{"type":"B","date":"2018-04-09T01:51:55.000Z","volume":2000,"label":" ","price":16.36},{"type":"B","date":"2018-04-09T01:52:02.000Z","volume":2000,"label":" ","price":16.34},{"type":"B","date":"2018-04-09T01:52:03.000Z","volume":2000,"label":" ","price":16.34},{"type":"B","date":"2018-04-09T01:52:09.000Z","volume":12000,"label":" ","price":16.34},{"type":"B","date":"2018-04-09T01:52:09.000Z","volume":4000,"label":" ","price":16.32},{"type":"U","date":"2018-04-09T01:52:09.000Z","volume":2000,"label":"X","price":16.46},{"type":"B","date":"2018-04-09T01:52:10.000Z","volume":14000,"label":" ","price":16.32},{"type":"A","date":"2018-04-09T01:52:20.000Z","volume":10000,"label":" ","price":16.46},{"type":"U","date":"2018-04-09T01:52:36.000Z","volume":2000,"label":" ","price":16.32},{"type":"B","date":"2018-04-09T01:53:29.000Z","volume":2000,"label":" ","price":16.3},{"type":"B","date":"2018-04-09T01:53:49.000Z","volume":2000,"label":"Y","price":16.32},{"type":"B","date":"2018-04-09T01:55:22.000Z","volume":6000,"label":" ","price":16.32},{"type":"A","date":"2018-04-09T01:55:22.000Z","volume":2000,"label":" ","price":16.32},{"type":"U","date":"2018-04-09T01:55:23.000Z","volume":2000,"label":"X","price":16.31},{"type":"B","date":"2018-04-09T01:55:23.000Z","volume":10000,"label":" ","price":16.3},{"type":"U","date":"2018-04-09T01:55:23.000Z","volume":2000,"label":"X","price":16.31},{"type":"B","date":"2018-04-09T01:55:23.000Z","volume":6000,"label":" ","price":16.3},{"type":"B","date":"2018-04-09T01:55:25.000Z","volume":6000,"label":" ","price":16.3},{"type":"B","date":"2018-04-09T01:55:26.000Z","volume":2000,"label":" ","price":16.3},{"type":"B","date":"2018-04-09T01:55:30.000Z","volume":4000,"label":" ","price":16.3},{"type":"B","date":"2018-04-09T01:56:10.000Z","volume":4000,"label":" ","price":16.3},{"type":"B","date":"2018-04-09T01:56:41.000Z","volume":2000,"label":" ","price":16.3},{"type":"B","date":"2018-04-09T01:56:47.000Z","volume":8000,"label":" ","price":16.3},{"type":"B","date":"2018-04-09T01:57:36.000Z","volume":4000,"label":" ","price":16.3},{"type":"B","date":"2018-04-09T01:57:56.000Z","volume":2000,"label":" ","price":16.3},{"type":"A","date":"2018-04-09T01:58:29.000Z","volume":22000,"label":" ","price":16.3},{"type":"U","date":"2018-04-09T01:58:29.000Z","volume":2000,"label":"X","price":16.3},{"type":"U","date":"2018-04-09T01:58:33.000Z","volume":2000,"label":"X","price":16.3},{"type":"U","date":"2018-04-09T01:58:33.000Z","volume":2000,"label":"X","price":16.3},{"type":"A","date":"2018-04-09T01:58:51.000Z","volume":24000,"label":" ","price":16.3},{"type":"B","date":"2018-04-09T01:58:53.000Z","volume":2000,"label":" ","price":16.3},{"type":"A","date":"2018-04-09T01:58:53.000Z","volume":2000,"label":" ","price":16.32},{"type":"A","date":"2018-04-09T01:58:53.000Z","volume":18000,"label":" ","price":16.32},{"type":"A","date":"2018-04-09T01:58:53.000Z","volume":2000,"label":" ","price":16.4},{"type":"A","date":"2018-04-09T01:58:53.000Z","volume":2000,"label":" ","price":16.42},{"type":"A","date":"2018-04-09T01:58:56.000Z","volume":2000,"label":" ","price":16.46},{"type":"B","date":"2018-04-09T01:58:58.000Z","volume":2000,"label":" ","price":16.32},{"type":"A","date":"2018-04-09T01:59:54.000Z","volume":2000,"label":"Y","price":16.44},{"type":"B","date":"2018-04-09T02:03:52.000Z","volume":14000,"label":" ","price":16.36},{"type":"B","date":"2018-04-09T02:03:53.000Z","volume":8000,"label":" ","price":16.36},{"type":"B","date":"2018-04-09T02:04:34.000Z","volume":4000,"label":" ","price":16.34},{"type":"B","date":"2018-04-09T02:04:34.000Z","volume":2000,"label":" ","price":16.34},{"type":"B","date":"2018-04-09T02:04:37.000Z","volume":2000,"label":" ","price":16.34},{"type":"B","date":"2018-04-09T02:05:45.000Z","volume":4000,"label":"Y","price":16.34},{"type":"B","date":"2018-04-09T02:05:45.000Z","volume":16000,"label":" ","price":16.34},{"type":"B","date":"2018-04-09T02:05:49.000Z","volume":16000,"label":" ","price":16.32},{"type":"B","date":"2018-04-09T02:05:49.000Z","volume":18000,"label":" ","price":16.3},{"type":"B","date":"2018-04-09T02:05:53.000Z","volume":4000,"label":" ","price":16.28},{"type":"B","date":"2018-04-09T02:05:54.000Z","volume":4000,"label":" ","price":16.26},{"type":"A","date":"2018-04-09T02:06:01.000Z","volume":2000,"label":" ","price":16.26},{"type":"U","date":"2018-04-09T02:06:29.000Z","volume":2000,"label":"X","price":16.24},{"type":"B","date":"2018-04-09T02:06:42.000Z","volume":14000,"label":" ","price":16.24},{"type":"A","date":"2018-04-09T02:06:42.000Z","volume":6000,"label":" ","price":16.26},{"type":"A","date":"2018-04-09T02:06:42.000Z","volume":8000,"label":" ","price":16.26},{"type":"B","date":"2018-04-09T02:06:42.000Z","volume":2000,"label":" ","price":16.26},{"type":"B","date":"2018-04-09T02:07:15.000Z","volume":2000,"label":" ","price":16.24},{"type":"A","date":"2018-04-09T02:08:49.000Z","volume":2000,"label":" ","price":16.26},{"type":"A","date":"2018-04-09T02:08:49.000Z","volume":2000,"label":" ","price":16.26},{"type":"U","date":"2018-04-09T02:08:52.000Z","volume":2000,"label":"X","price":16.26},{"type":"B","date":"2018-04-09T02:08:54.000Z","volume":2000,"label":" ","price":16.24},{"type":"A","date":"2018-04-09T02:08:55.000Z","volume":2000,"label":" ","price":16.26},{"type":"A","date":"2018-04-09T02:08:55.000Z","volume":2000,"label":" ","price":16.26},{"type":"A","date":"2018-04-09T02:09:30.000Z","volume":16000,"label":" ","price":16.28},{"type":"A","date":"2018-04-09T02:09:30.000Z","volume":2000,"label":" ","price":16.38},{"type":"B","date":"2018-04-09T02:10:13.000Z","volume":2000,"label":" ","price":16.32},{"type":"B","date":"2018-04-09T02:10:13.000Z","volume":2000,"label":" ","price":16.32},{"type":"A","date":"2018-04-09T02:10:32.000Z","volume":2000,"label":" ","price":16.36},{"type":"U","date":"2018-04-09T02:12:25.000Z","volume":2000,"label":"X","price":16.33},{"type":"B","date":"2018-04-09T02:12:30.000Z","volume":4000,"label":" ","price":16.3},{"type":"U","date":"2018-04-09T02:12:43.000Z","volume":2000,"label":"X","price":16.3},{"type":"B","date":"2018-04-09T02:12:43.000Z","volume":2000,"label":" ","price":16.3},{"type":"B","date":"2018-04-09T02:13:15.000Z","volume":2000,"label":" ","price":16.3},{"type":"A","date":"2018-04-09T02:14:49.000Z","volume":10000,"label":" ","price":16.32},{"type":"A","date":"2018-04-09T02:14:49.000Z","volume":2000,"label":" ","price":16.32},{"type":"B","date":"2018-04-09T02:14:50.000Z","volume":2000,"label":" ","price":16.3},{"type":"A","date":"2018-04-09T02:14:50.000Z","volume":2000,"label":" ","price":16.32},{"type":"A","date":"2018-04-09T02:14:50.000Z","volume":2000,"label":" ","price":16.32},{"type":"A","date":"2018-04-09T02:14:50.000Z","volume":2000,"label":" ","price":16.32},{"type":"B","date":"2018-04-09T02:14:51.000Z","volume":2000,"label":" ","price":16.32},{"type":"A","date":"2018-04-09T02:14:52.000Z","volume":6000,"label":" ","price":16.34},{"type":"A","date":"2018-04-09T02:14:52.000Z","volume":2000,"label":" ","price":16.36},{"type":"B","date":"2018-04-09T02:15:00.000Z","volume":4000,"label":" ","price":16.34},{"type":"B","date":"2018-04-09T02:15:22.000Z","volume":2000,"label":" ","price":16.3},{"type":"B","date":"2018-04-09T02:15:23.000Z","volume":2000,"label":" ","price":16.32},{"type":"U","date":"2018-04-09T02:15:32.000Z","volume":2000,"label":"X","price":16.32},{"type":"A","date":"2018-04-09T02:15:33.000Z","volume":4000,"label":" ","price":16.32},{"type":"A","date":"2018-04-09T02:16:25.000Z","volume":2000,"label":" ","price":16.42},{"type":"B","date":"2018-04-09T02:18:22.000Z","volume":4000,"label":"Y","price":16.34},{"type":"B","date":"2018-04-09T02:18:22.000Z","volume":4000,"label":" ","price":16.34},{"type":"B","date":"2018-04-09T02:18:23.000Z","volume":2000,"label":"Y","price":16.32},{"type":"B","date":"2018-04-09T02:20:20.000Z","volume":2000,"label":" ","price":16.32},{"type":"U","date":"2018-04-09T02:20:44.000Z","volume":2000,"label":"X","price":16.37},{"type":"B","date":"2018-04-09T02:20:49.000Z","volume":2000,"label":" ","price":16.34},{"type":"U","date":"2018-04-09T02:21:30.000Z","volume":2000,"label":"X","price":16.34},{"type":"B","date":"2018-04-09T02:21:54.000Z","volume":10000,"label":" ","price":16.34},{"type":"B","date":"2018-04-09T02:21:58.000Z","volume":4000,"label":" ","price":16.34},{"type":"B","date":"2018-04-09T02:22:31.000Z","volume":2000,"label":" ","price":16.34},{"type":"B","date":"2018-04-09T02:23:42.000Z","volume":2000,"label":" ","price":16.34},{"type":"B","date":"2018-04-09T02:23:42.000Z","volume":4000,"label":" ","price":16.34},{"type":"B","date":"2018-04-09T02:23:42.000Z","volume":6000,"label":"Y","price":16.34},{"type":"B","date":"2018-04-09T02:23:46.000Z","volume":2000,"label":" ","price":16.34},{"type":"B","date":"2018-04-09T02:24:44.000Z","volume":4000,"label":" ","price":16.34},{"type":"B","date":"2018-04-09T02:25:45.000Z","volume":20000,"label":" ","price":16.34},{"type":"U","date":"2018-04-09T02:25:45.000Z","volume":2000,"label":"X","price":16.36},{"type":"B","date":"2018-04-09T02:26:03.000Z","volume":2000,"label":" ","price":16.34},{"type":"B","date":"2018-04-09T02:26:23.000Z","volume":2000,"label":" ","price":16.34},{"type":"B","date":"2018-04-09T02:26:37.000Z","volume":6000,"label":" ","price":16.34},{"type":"B","date":"2018-04-09T02:27:20.000Z","volume":18000,"label":" ","price":16.32},{"type":"A","date":"2018-04-09T02:27:37.000Z","volume":2000,"label":" ","price":16.32},{"type":"U","date":"2018-04-09T02:27:39.000Z","volume":2000,"label":"X","price":16.32},{"type":"B","date":"2018-04-09T02:28:06.000Z","volume":2000,"label":" ","price":16.3},{"type":"B","date":"2018-04-09T02:28:48.000Z","volume":2000,"label":" ","price":16.3},{"type":"U","date":"2018-04-09T02:28:53.000Z","volume":2000,"label":"X","price":16.3},{"type":"B","date":"2018-04-09T02:28:55.000Z","volume":2000,"label":" ","price":16.3},{"type":"B","date":"2018-04-09T02:28:59.000Z","volume":8000,"label":" ","price":16.3},{"type":"B","date":"2018-04-09T02:29:52.000Z","volume":14000,"label":" ","price":16.28},{"type":"B","date":"2018-04-09T02:30:30.000Z","volume":16000,"label":" ","price":16.26},{"type":"B","date":"2018-04-09T02:30:36.000Z","volume":38000,"label":" ","price":16.24},{"type":"A","date":"2018-04-09T02:30:47.000Z","volume":8000,"label":" ","price":16.3},{"type":"B","date":"2018-04-09T02:31:16.000Z","volume":2000,"label":" ","price":16.24},{"type":"B","date":"2018-04-09T02:31:16.000Z","volume":4000,"label":" ","price":16.24},{"type":"B","date":"2018-04-09T02:31:47.000Z","volume":2000,"label":" ","price":16.24},{"type":"B","date":"2018-04-09T02:31:47.000Z","volume":2000,"label":" ","price":16.22},{"type":"B","date":"2018-04-09T02:31:47.000Z","volume":2000,"label":" ","price":16.22},{"type":"B","date":"2018-04-09T02:31:47.000Z","volume":2000,"label":" ","price":16.22},{"type":"U","date":"2018-04-09T02:32:01.000Z","volume":4000,"label":" ","price":16.22},{"type":"U","date":"2018-04-09T02:32:03.000Z","volume":2000,"label":"X","price":16.22},{"type":"B","date":"2018-04-09T02:32:27.000Z","volume":12000,"label":" ","price":16.2},{"type":"B","date":"2018-04-09T02:32:27.000Z","volume":12000,"label":" ","price":16.18},{"type":"U","date":"2018-04-09T02:32:27.000Z","volume":2000,"label":"X","price":16.2},{"type":"U","date":"2018-04-09T02:32:33.000Z","volume":4000,"label":" ","price":16.18},{"type":"U","date":"2018-04-09T02:32:33.000Z","volume":2000,"label":" ","price":16.18},{"type":"A","date":"2018-04-09T02:32:35.000Z","volume":42000,"label":" ","price":16.2},{"type":"A","date":"2018-04-09T02:32:36.000Z","volume":2000,"label":" ","price":16.22},{"type":"U","date":"2018-04-09T02:32:36.000Z","volume":2000,"label":" ","price":16.2},{"type":"A","date":"2018-04-09T02:32:39.000Z","volume":14000,"label":" ","price":16.22},{"type":"A","date":"2018-04-09T02:32:39.000Z","volume":2000,"label":" ","price":16.24},{"type":"A","date":"2018-04-09T02:32:39.000Z","volume":2000,"label":" ","price":16.24},{"type":"A","date":"2018-04-09T02:33:42.000Z","volume":2000,"label":" ","price":16.24},{"type":"U","date":"2018-04-09T02:36:23.000Z","volume":252,"label":"D","price":16.1},{"type":"U","date":"2018-04-09T02:36:39.000Z","volume":2000,"label":"X","price":16.23},{"type":"B","date":"2018-04-09T02:36:57.000Z","volume":4000,"label":" ","price":16.2},{"type":"U","date":"2018-04-09T02:39:01.000Z","volume":2000,"label":"X","price":16.24},{"type":"U","date":"2018-04-09T02:39:39.000Z","volume":4000,"label":" ","price":16.22},{"type":"B","date":"2018-04-09T02:39:39.000Z","volume":2000,"label":" ","price":16.2},{"type":"B","date":"2018-04-09T02:39:58.000Z","volume":6000,"label":" ","price":16.2},{"type":"B","date":"2018-04-09T02:39:58.000Z","volume":2000,"label":" ","price":16.2},{"type":"A","date":"2018-04-09T02:40:27.000Z","volume":14000,"label":" ","price":16.24},{"type":"A","date":"2018-04-09T02:41:11.000Z","volume":10000,"label":" ","price":16.26},{"type":"A","date":"2018-04-09T02:41:11.000Z","volume":2000,"label":" ","price":16.26},{"type":"U","date":"2018-04-09T02:41:11.000Z","volume":2000,"label":"X","price":16.26},{"type":"B","date":"2018-04-09T02:42:25.000Z","volume":2000,"label":" ","price":16.22},{"type":"B","date":"2018-04-09T02:43:04.000Z","volume":24000,"label":" ","price":16.22},{"type":"U","date":"2018-04-09T02:43:04.000Z","volume":2000,"label":"X","price":16.28},{"type":"A","date":"2018-04-09T02:44:17.000Z","volume":2000,"label":" ","price":16.28},{"type":"B","date":"2018-04-09T02:45:13.000Z","volume":2000,"label":" ","price":16.22},{"type":"A","date":"2018-04-09T02:45:13.000Z","volume":2000,"label":" ","price":16.28},{"type":"A","date":"2018-04-09T02:45:18.000Z","volume":2000,"label":" ","price":16.28},{"type":"B","date":"2018-04-09T02:45:26.000Z","volume":2000,"label":" ","price":16.24},{"type":"A","date":"2018-04-09T02:45:47.000Z","volume":6000,"label":" ","price":16.28},{"type":"A","date":"2018-04-09T02:46:29.000Z","volume":2000,"label":" ","price":16.28},{"type":"U","date":"2018-04-09T02:46:31.000Z","volume":2000,"label":"X","price":16.28},{"type":"A","date":"2018-04-09T02:47:29.000Z","volume":2000,"label":" ","price":16.28},{"type":"B","date":"2018-04-09T02:47:43.000Z","volume":2000,"label":"Y","price":16.26},{"type":"A","date":"2018-04-09T02:48:39.000Z","volume":2000,"label":" ","price":16.28},{"type":"A","date":"2018-04-09T02:48:49.000Z","volume":42000,"label":" ","price":16.28},{"type":"A","date":"2018-04-09T02:48:49.000Z","volume":8000,"label":" ","price":16.28},{"type":"A","date":"2018-04-09T02:48:49.000Z","volume":2000,"label":" ","price":16.3},{"type":"A","date":"2018-04-09T02:48:49.000Z","volume":2000,"label":" ","price":16.3},{"type":"A","date":"2018-04-09T02:48:49.000Z","volume":2000,"label":" ","price":16.3},{"type":"A","date":"2018-04-09T02:48:57.000Z","volume":2000,"label":" ","price":16.3},{"type":"A","date":"2018-04-09T02:48:57.000Z","volume":2000,"label":" ","price":16.3},{"type":"U","date":"2018-04-09T02:49:03.000Z","volume":2000,"label":"X","price":16.28},{"type":"A","date":"2018-04-09T02:49:04.000Z","volume":2000,"label":" ","price":16.34},{"type":"A","date":"2018-04-09T02:49:12.000Z","volume":2000,"label":" ","price":16.34},{"type":"B","date":"2018-04-09T02:49:14.000Z","volume":4000,"label":" ","price":16.34},{"type":"A","date":"2018-04-09T02:49:14.000Z","volume":2000,"label":" ","price":16.34},{"type":"A","date":"2018-04-09T02:49:19.000Z","volume":2000,"label":" ","price":16.34},{"type":"A","date":"2018-04-09T02:49:40.000Z","volume":2000,"label":" ","price":16.32},{"type":"U","date":"2018-04-09T02:49:40.000Z","volume":2000,"label":"X","price":16.32},{"type":"B","date":"2018-04-09T02:49:58.000Z","volume":8000,"label":" ","price":16.3},{"type":"B","date":"2018-04-09T02:51:08.000Z","volume":6000,"label":" ","price":16.28},{"type":"B","date":"2018-04-09T02:51:08.000Z","volume":12000,"label":" ","price":16.28},{"type":"B","date":"2018-04-09T02:51:12.000Z","volume":16000,"label":" ","price":16.26},{"type":"U","date":"2018-04-09T02:51:13.000Z","volume":2000,"label":"X","price":16.28},{"type":"U","date":"2018-04-09T02:51:14.000Z","volume":2000,"label":"X","price":16.28},{"type":"B","date":"2018-04-09T02:52:00.000Z","volume":2000,"label":" ","price":16.24},{"type":"B","date":"2018-04-09T02:52:22.000Z","volume":4000,"label":" ","price":16.22},{"type":"B","date":"2018-04-09T02:52:50.000Z","volume":4000,"label":" ","price":16.22},{"type":"B","date":"2018-04-09T02:52:52.000Z","volume":2000,"label":" ","price":16.22},{"type":"B","date":"2018-04-09T02:53:09.000Z","volume":4000,"label":" ","price":16.22},{"type":"B","date":"2018-04-09T02:53:29.000Z","volume":2000,"label":" ","price":16.22},{"type":"B","date":"2018-04-09T02:54:00.000Z","volume":4000,"label":" ","price":16.22},{"type":"B","date":"2018-04-09T02:54:00.000Z","volume":4000,"label":" ","price":16.22},{"type":"B","date":"2018-04-09T02:55:03.000Z","volume":2000,"label":" ","price":16.22},{"type":"B","date":"2018-04-09T02:55:38.000Z","volume":10000,"label":" ","price":16.22},{"type":"B","date":"2018-04-09T02:55:49.000Z","volume":2000,"label":" ","price":16.22},{"type":"B","date":"2018-04-09T02:55:49.000Z","volume":4000,"label":" ","price":16.22},{"type":"B","date":"2018-04-09T02:56:00.000Z","volume":2000,"label":" ","price":16.22},{"type":"B","date":"2018-04-09T02:56:07.000Z","volume":2000,"label":" ","price":16.22},{"type":"B","date":"2018-04-09T02:56:16.000Z","volume":2000,"label":" ","price":16.22},{"type":"B","date":"2018-04-09T02:56:45.000Z","volume":2000,"label":" ","price":16.22},{"type":"A","date":"2018-04-09T02:56:46.000Z","volume":8000,"label":" ","price":16.22},{"type":"U","date":"2018-04-09T02:56:57.000Z","volume":2000,"label":" ","price":16.22},{"type":"A","date":"2018-04-09T02:57:52.000Z","volume":2000,"label":" ","price":16.24},{"type":"A","date":"2018-04-09T02:58:27.000Z","volume":22000,"label":" ","price":16.24},{"type":"A","date":"2018-04-09T02:58:27.000Z","volume":6000,"label":" ","price":16.26},{"type":"A","date":"2018-04-09T02:58:27.000Z","volume":2000,"label":" ","price":16.28},{"type":"U","date":"2018-04-09T02:58:27.000Z","volume":2000,"label":" ","price":16.24},{"type":"A","date":"2018-04-09T02:59:03.000Z","volume":2000,"label":" ","price":16.36},{"type":"U","date":"2018-04-09T02:59:23.000Z","volume":2000,"label":" ","price":16.34},{"type":"A","date":"2018-04-09T02:59:31.000Z","volume":2000,"label":" ","price":16.3},{"type":"B","date":"2018-04-09T02:59:57.000Z","volume":10000,"label":" ","price":16.24},{"type":"A","date":"2018-04-09T03:00:09.000Z","volume":2000,"label":" ","price":16.28},{"type":"B","date":"2018-04-09T03:01:07.000Z","volume":4000,"label":" ","price":16.26},{"type":"B","date":"2018-04-09T03:01:26.000Z","volume":2000,"label":" ","price":16.24},{"type":"A","date":"2018-04-09T03:01:35.000Z","volume":2000,"label":" ","price":16.28},{"type":"B","date":"2018-04-09T03:01:44.000Z","volume":2000,"label":" ","price":16.26},{"type":"U","date":"2018-04-09T03:02:24.000Z","volume":4000,"label":" ","price":16.26},{"type":"A","date":"2018-04-09T03:02:27.000Z","volume":8000,"label":" ","price":16.28},{"type":"A","date":"2018-04-09T03:02:27.000Z","volume":2000,"label":" ","price":16.3},{"type":"A","date":"2018-04-09T03:02:27.000Z","volume":2000,"label":" ","price":16.32},{"type":"A","date":"2018-04-09T03:02:42.000Z","volume":2000,"label":" ","price":16.28},{"type":"A","date":"2018-04-09T03:02:56.000Z","volume":2000,"label":" ","price":16.38},{"type":"A","date":"2018-04-09T03:04:17.000Z","volume":2000,"label":" ","price":16.36},{"type":"A","date":"2018-04-09T03:04:22.000Z","volume":2000,"label":" ","price":16.36},{"type":"A","date":"2018-04-09T03:04:22.000Z","volume":2000,"label":" ","price":16.38},{"type":"A","date":"2018-04-09T03:04:22.000Z","volume":46000,"label":" ","price":16.4},{"type":"B","date":"2018-04-09T03:04:24.000Z","volume":2000,"label":" ","price":16.34},{"type":"U","date":"2018-04-09T03:04:24.000Z","volume":2000,"label":"X","price":16.42},{"type":"U","date":"2018-04-09T03:04:57.000Z","volume":2000,"label":"X","price":16.38},{"type":"A","date":"2018-04-09T03:05:04.000Z","volume":2000,"label":" ","price":16.38},{"type":"B","date":"2018-04-09T03:05:12.000Z","volume":2000,"label":" ","price":16.36},{"type":"A","date":"2018-04-09T03:05:38.000Z","volume":2000,"label":" ","price":16.42},{"type":"A","date":"2018-04-09T03:06:14.000Z","volume":20000,"label":" ","price":16.42},{"type":"A","date":"2018-04-09T03:06:59.000Z","volume":2000,"label":" ","price":16.44},{"type":"B","date":"2018-04-09T03:07:24.000Z","volume":2000,"label":" ","price":16.36},{"type":"U","date":"2018-04-09T03:08:17.000Z","volume":2000,"label":" ","price":16.4},{"type":"B","date":"2018-04-09T03:08:19.000Z","volume":2000,"label":" ","price":16.4},{"type":"B","date":"2018-04-09T03:08:19.000Z","volume":2000,"label":"Y","price":16.4},{"type":"A","date":"2018-04-09T03:08:20.000Z","volume":2000,"label":" ","price":16.46},{"type":"B","date":"2018-04-09T03:08:40.000Z","volume":4000,"label":" ","price":16.38},{"type":"B","date":"2018-04-09T03:08:52.000Z","volume":2000,"label":"Y","price":16.36},{"type":"B","date":"2018-04-09T03:08:52.000Z","volume":8000,"label":" ","price":16.36},{"type":"A","date":"2018-04-09T03:11:10.000Z","volume":2000,"label":" ","price":16.42},{"type":"B","date":"2018-04-09T03:11:11.000Z","volume":2000,"label":" ","price":16.34},{"type":"A","date":"2018-04-09T03:11:19.000Z","volume":6000,"label":" ","price":16.4},{"type":"U","date":"2018-04-09T03:11:24.000Z","volume":2000,"label":" ","price":16.4},{"type":"U","date":"2018-04-09T03:11:51.000Z","volume":30000,"label":" ","price":16.4},{"type":"U","date":"2018-04-09T03:11:51.000Z","volume":2000,"label":"X","price":16.4},{"type":"A","date":"2018-04-09T03:12:00.000Z","volume":2000,"label":" ","price":16.42},{"type":"A","date":"2018-04-09T03:12:11.000Z","volume":2000,"label":" ","price":16.42},{"type":"A","date":"2018-04-09T03:12:32.000Z","volume":2000,"label":" ","price":16.44},{"type":"B","date":"2018-04-09T03:12:49.000Z","volume":2000,"label":" ","price":16.42},{"type":"B","date":"2018-04-09T03:12:58.000Z","volume":10000,"label":" ","price":16.4},{"type":"B","date":"2018-04-09T03:13:00.000Z","volume":20000,"label":" ","price":16.4},{"type":"B","date":"2018-04-09T03:13:00.000Z","volume":2000,"label":" ","price":16.4},{"type":"A","date":"2018-04-09T03:15:23.000Z","volume":2000,"label":" ","price":16.42},{"type":"A","date":"2018-04-09T03:16:07.000Z","volume":18000,"label":" ","price":16.42},{"type":"A","date":"2018-04-09T03:16:53.000Z","volume":2000,"label":" ","price":16.44},{"type":"A","date":"2018-04-09T03:17:06.000Z","volume":14000,"label":" ","price":16.44},{"type":"A","date":"2018-04-09T03:18:10.000Z","volume":10000,"label":" ","price":16.46},{"type":"A","date":"2018-04-09T03:18:14.000Z","volume":2000,"label":" ","price":16.46},{"type":"A","date":"2018-04-09T03:19:01.000Z","volume":10000,"label":" ","price":16.46},{"type":"A","date":"2018-04-09T03:19:05.000Z","volume":2000,"label":" ","price":16.46},{"type":"B","date":"2018-04-09T03:19:39.000Z","volume":2000,"label":" ","price":16.44},{"type":"A","date":"2018-04-09T03:19:45.000Z","volume":2000,"label":" ","price":16.46},{"type":"A","date":"2018-04-09T03:20:06.000Z","volume":18000,"label":" ","price":16.46},{"type":"U","date":"2018-04-09T03:20:06.000Z","volume":2000,"label":"X","price":16.46},{"type":"A","date":"2018-04-09T03:20:20.000Z","volume":4000,"label":" ","price":16.46},{"type":"A","date":"2018-04-09T03:20:20.000Z","volume":14000,"label":" ","price":16.46},{"type":"U","date":"2018-04-09T03:20:20.000Z","volume":2000,"label":"X","price":16.46},{"type":"A","date":"2018-04-09T03:20:20.000Z","volume":2000,"label":" ","price":16.46},{"type":"A","date":"2018-04-09T03:20:21.000Z","volume":12000,"label":" ","price":16.48},{"type":"A","date":"2018-04-09T03:20:21.000Z","volume":2000,"label":" ","price":16.5},{"type":"A","date":"2018-04-09T03:20:28.000Z","volume":4000,"label":" ","price":16.5},{"type":"A","date":"2018-04-09T03:20:34.000Z","volume":40000,"label":" ","price":16.5},{"type":"A","date":"2018-04-09T03:20:34.000Z","volume":2000,"label":" ","price":16.56},{"type":"A","date":"2018-04-09T03:20:59.000Z","volume":2000,"label":" ","price":16.56},{"type":"A","date":"2018-04-09T03:21:05.000Z","volume":2000,"label":" ","price":16.56},{"type":"U","date":"2018-04-09T03:21:08.000Z","volume":4000,"label":" ","price":16.54},{"type":"U","date":"2018-04-09T03:21:08.000Z","volume":2000,"label":"X","price":16.54},{"type":"U","date":"2018-04-09T03:21:09.000Z","volume":40000,"label":" ","price":16.54},{"type":"A","date":"2018-04-09T03:21:35.000Z","volume":10000,"label":" ","price":16.56},{"type":"U","date":"2018-04-09T03:21:35.000Z","volume":2000,"label":" ","price":16.54},{"type":"B","date":"2018-04-09T03:21:36.000Z","volume":6000,"label":" ","price":16.54},{"type":"A","date":"2018-04-09T03:21:37.000Z","volume":2000,"label":" ","price":16.56},{"type":"B","date":"2018-04-09T03:21:38.000Z","volume":4000,"label":" ","price":16.54},{"type":"U","date":"2018-04-09T03:21:55.000Z","volume":2000,"label":"X","price":16.54},{"type":"B","date":"2018-04-09T03:22:38.000Z","volume":4000,"label":" ","price":16.52},{"type":"B","date":"2018-04-09T03:22:45.000Z","volume":2000,"label":" ","price":16.52},{"type":"B","date":"2018-04-09T03:22:45.000Z","volume":4000,"label":" ","price":16.52},{"type":"B","date":"2018-04-09T03:23:26.000Z","volume":2000,"label":" ","price":16.52},{"type":"B","date":"2018-04-09T03:23:56.000Z","volume":2000,"label":" ","price":16.5},{"type":"U","date":"2018-04-09T03:24:21.000Z","volume":2000,"label":"X","price":16.52},{"type":"A","date":"2018-04-09T03:25:28.000Z","volume":2000,"label":" ","price":16.54},{"type":"B","date":"2018-04-09T03:25:36.000Z","volume":6000,"label":" ","price":16.52},{"type":"B","date":"2018-04-09T03:25:43.000Z","volume":2000,"label":" ","price":16.52},{"type":"B","date":"2018-04-09T03:26:36.000Z","volume":2000,"label":" ","price":16.52},{"type":"A","date":"2018-04-09T03:27:55.000Z","volume":2000,"label":" ","price":16.54},{"type":"B","date":"2018-04-09T03:28:04.000Z","volume":24000,"label":" ","price":16.52},{"type":"B","date":"2018-04-09T03:28:18.000Z","volume":22000,"label":" ","price":16.5},{"type":"B","date":"2018-04-09T03:28:18.000Z","volume":26000,"label":" ","price":16.5},{"type":"A","date":"2018-04-09T03:28:57.000Z","volume":2000,"label":" ","price":16.52},{"type":"B","date":"2018-04-09T03:29:17.000Z","volume":2000,"label":"Y","price":16.48},{"type":"B","date":"2018-04-09T03:29:17.000Z","volume":8000,"label":" ","price":16.48},{"type":"B","date":"2018-04-09T03:29:17.000Z","volume":2000,"label":" ","price":16.46},{"type":"B","date":"2018-04-09T03:29:19.000Z","volume":10000,"label":" ","price":16.44},{"type":"B","date":"2018-04-09T03:30:20.000Z","volume":4000,"label":" ","price":16.42},{"type":"A","date":"2018-04-09T03:30:21.000Z","volume":4000,"label":" ","price":16.44},{"type":"A","date":"2018-04-09T03:30:22.000Z","volume":2000,"label":" ","price":16.44},{"type":"B","date":"2018-04-09T03:30:24.000Z","volume":2000,"label":" ","price":16.42},{"type":"B","date":"2018-04-09T03:30:38.000Z","volume":2000,"label":" ","price":16.42},{"type":"B","date":"2018-04-09T03:31:11.000Z","volume":2000,"label":" ","price":16.42},{"type":"B","date":"2018-04-09T03:31:37.000Z","volume":4000,"label":" ","price":16.42},{"type":"B","date":"2018-04-09T03:31:40.000Z","volume":2000,"label":" ","price":16.4},{"type":"A","date":"2018-04-09T03:33:05.000Z","volume":6000,"label":" ","price":16.44},{"type":"A","date":"2018-04-09T03:33:05.000Z","volume":2000,"label":" ","price":16.44},{"type":"A","date":"2018-04-09T03:33:20.000Z","volume":18000,"label":" ","price":16.44},{"type":"A","date":"2018-04-09T03:33:21.000Z","volume":2000,"label":" ","price":16.46},{"type":"A","date":"2018-04-09T03:33:34.000Z","volume":2000,"label":" ","price":16.54},{"type":"A","date":"2018-04-09T03:34:14.000Z","volume":2000,"label":" ","price":16.56},{"type":"A","date":"2018-04-09T03:34:52.000Z","volume":14000,"label":" ","price":16.56},{"type":"A","date":"2018-04-09T03:35:02.000Z","volume":22000,"label":" ","price":16.58},{"type":"A","date":"2018-04-09T03:35:03.000Z","volume":92000,"label":" ","price":16.6},{"type":"A","date":"2018-04-09T03:35:03.000Z","volume":2000,"label":" ","price":16.62},{"type":"A","date":"2018-04-09T03:35:03.000Z","volume":24000,"label":" ","price":16.62},{"type":"A","date":"2018-04-09T03:35:03.000Z","volume":2000,"label":" ","price":16.62},{"type":"A","date":"2018-04-09T03:35:03.000Z","volume":2000,"label":" ","price":16.62},{"type":"A","date":"2018-04-09T03:35:04.000Z","volume":2000,"label":" ","price":16.64},{"type":"A","date":"2018-04-09T03:35:04.000Z","volume":44000,"label":" ","price":16.64},{"type":"A","date":"2018-04-09T03:35:04.000Z","volume":88000,"label":" ","price":16.66},{"type":"A","date":"2018-04-09T03:35:04.000Z","volume":12000,"label":" ","price":16.68},{"type":"A","date":"2018-04-09T03:35:12.000Z","volume":68000,"label":" ","price":16.7},{"type":"A","date":"2018-04-09T03:35:12.000Z","volume":16000,"label":" ","price":16.72},{"type":"A","date":"2018-04-09T03:35:13.000Z","volume":4000,"label":" ","price":16.74},{"type":"A","date":"2018-04-09T03:35:26.000Z","volume":14000,"label":" ","price":16.76},{"type":"A","date":"2018-04-09T03:35:27.000Z","volume":2000,"label":" ","price":16.76},{"type":"U","date":"2018-04-09T03:35:32.000Z","volume":2000,"label":"X","price":16.73},{"type":"B","date":"2018-04-09T03:35:32.000Z","volume":2000,"label":"Y","price":16.7},{"type":"B","date":"2018-04-09T03:35:32.000Z","volume":18000,"label":" ","price":16.7},{"type":"B","date":"2018-04-09T03:35:32.000Z","volume":2000,"label":" ","price":16.7},{"type":"A","date":"2018-04-09T03:35:33.000Z","volume":8000,"label":" ","price":16.76},{"type":"A","date":"2018-04-09T03:35:33.000Z","volume":12000,"label":" ","price":16.76},{"type":"U","date":"2018-04-09T03:35:36.000Z","volume":24000,"label":" ","price":16.76},{"type":"A","date":"2018-04-09T03:35:39.000Z","volume":8000,"label":" ","price":16.76},{"type":"A","date":"2018-04-09T03:35:39.000Z","volume":14000,"label":" ","price":16.76},{"type":"U","date":"2018-04-09T03:35:44.000Z","volume":4000,"label":" ","price":16.74},{"type":"B","date":"2018-04-09T03:35:46.000Z","volume":2000,"label":"Y","price":16.68},{"type":"B","date":"2018-04-09T03:35:46.000Z","volume":26000,"label":" ","price":16.68},{"type":"U","date":"2018-04-09T03:36:04.000Z","volume":2000,"label":" ","price":16.7},{"type":"B","date":"2018-04-09T03:36:25.000Z","volume":14000,"label":" ","price":16.68},{"type":"B","date":"2018-04-09T03:36:27.000Z","volume":12000,"label":" ","price":16.66},{"type":"B","date":"2018-04-09T03:36:28.000Z","volume":12000,"label":" ","price":16.64},{"type":"B","date":"2018-04-09T03:36:31.000Z","volume":8000,"label":" ","price":16.62},{"type":"B","date":"2018-04-09T03:36:45.000Z","volume":8000,"label":" ","price":16.6},{"type":"A","date":"2018-04-09T03:36:45.000Z","volume":10000,"label":" ","price":16.7},{"type":"B","date":"2018-04-09T03:36:48.000Z","volume":4000,"label":" ","price":16.58},{"type":"U","date":"2018-04-09T03:37:01.000Z","volume":10000,"label":" ","price":16.62},{"type":"B","date":"2018-04-09T03:37:03.000Z","volume":4000,"label":" ","price":16.54},{"type":"U","date":"2018-04-09T03:38:55.000Z","volume":2000,"label":" ","price":16.6},{"type":"A","date":"2018-04-09T03:38:56.000Z","volume":6000,"label":" ","price":16.66},{"type":"B","date":"2018-04-09T03:39:10.000Z","volume":18000,"label":" ","price":16.54},{"type":"A","date":"2018-04-09T03:39:12.000Z","volume":2000,"label":" ","price":16.66},{"type":"U","date":"2018-04-09T03:40:07.000Z","volume":2000,"label":"X","price":16.57},{"type":"A","date":"2018-04-09T03:40:07.000Z","volume":14000,"label":" ","price":16.6},{"type":"A","date":"2018-04-09T03:40:13.000Z","volume":10000,"label":" ","price":16.6},{"type":"U","date":"2018-04-09T03:40:23.000Z","volume":2000,"label":"X","price":16.58},{"type":"U","date":"2018-04-09T03:41:40.000Z","volume":250,"label":"D","price":16.5},{"type":"U","date":"2018-04-09T03:42:10.000Z","volume":2000,"label":" ","price":16.58},{"type":"A","date":"2018-04-09T03:42:10.000Z","volume":12000,"label":" ","price":16.6},{"type":"A","date":"2018-04-09T03:42:10.000Z","volume":4000,"label":" ","price":16.62},{"type":"A","date":"2018-04-09T03:42:10.000Z","volume":10000,"label":" ","price":16.64},{"type":"A","date":"2018-04-09T03:42:10.000Z","volume":2000,"label":" ","price":16.66},{"type":"A","date":"2018-04-09T03:42:10.000Z","volume":72000,"label":" ","price":16.66},{"type":"A","date":"2018-04-09T03:42:10.000Z","volume":2000,"label":" ","price":16.66},{"type":"U","date":"2018-04-09T03:42:11.000Z","volume":4000,"label":" ","price":16.56},{"type":"U","date":"2018-04-09T03:42:20.000Z","volume":2000,"label":"X","price":16.61},{"type":"A","date":"2018-04-09T03:43:24.000Z","volume":18000,"label":" ","price":16.66},{"type":"U","date":"2018-04-09T03:44:06.000Z","volume":2000,"label":"X","price":16.63},{"type":"A","date":"2018-04-09T03:44:07.000Z","volume":4000,"label":" ","price":16.68},{"type":"A","date":"2018-04-09T03:44:17.000Z","volume":14000,"label":" ","price":16.68},{"type":"B","date":"2018-04-09T03:44:17.000Z","volume":6000,"label":" ","price":16.68},{"type":"A","date":"2018-04-09T03:45:08.000Z","volume":2000,"label":"Y","price":16.7},{"type":"A","date":"2018-04-09T03:45:33.000Z","volume":6000,"label":" ","price":16.68},{"type":"A","date":"2018-04-09T03:46:01.000Z","volume":2000,"label":" ","price":16.66},{"type":"U","date":"2018-04-09T03:46:04.000Z","volume":2000,"label":"X","price":16.62},{"type":"A","date":"2018-04-09T03:46:15.000Z","volume":6000,"label":" ","price":16.66},{"type":"A","date":"2018-04-09T03:46:27.000Z","volume":4000,"label":"Y","price":16.68},{"type":"A","date":"2018-04-09T03:46:27.000Z","volume":8000,"label":" ","price":16.68},{"type":"U","date":"2018-04-09T03:46:54.000Z","volume":2000,"label":" ","price":16.68},{"type":"A","date":"2018-04-09T03:47:19.000Z","volume":2000,"label":" ","price":16.68},{"type":"A","date":"2018-04-09T03:49:49.000Z","volume":2000,"label":" ","price":16.68},{"type":"U","date":"2018-04-09T03:50:08.000Z","volume":2000,"label":" ","price":16.62},{"type":"B","date":"2018-04-09T03:50:12.000Z","volume":8000,"label":" ","price":16.62},{"type":"B","date":"2018-04-09T03:50:12.000Z","volume":6000,"label":" ","price":16.6},{"type":"A","date":"2018-04-09T03:50:37.000Z","volume":6000,"label":"Y","price":16.68},{"type":"A","date":"2018-04-09T03:50:37.000Z","volume":4000,"label":" ","price":16.68},{"type":"B","date":"2018-04-09T03:51:47.000Z","volume":2000,"label":" ","price":16.6},{"type":"B","date":"2018-04-09T03:53:26.000Z","volume":26000,"label":" ","price":16.6},{"type":"B","date":"2018-04-09T03:53:28.000Z","volume":12000,"label":" ","price":16.58},{"type":"B","date":"2018-04-09T03:53:55.000Z","volume":4000,"label":" ","price":16.56},{"type":"B","date":"2018-04-09T03:53:55.000Z","volume":4000,"label":" ","price":16.54},{"type":"U","date":"2018-04-09T03:53:56.000Z","volume":10000,"label":" ","price":16.54},{"type":"A","date":"2018-04-09T03:54:23.000Z","volume":2000,"label":" ","price":16.54},{"type":"A","date":"2018-04-09T03:54:30.000Z","volume":6000,"label":" ","price":16.54},{"type":"B","date":"2018-04-09T03:54:30.000Z","volume":2000,"label":" ","price":16.54},{"type":"A","date":"2018-04-09T03:54:51.000Z","volume":2000,"label":" ","price":16.58},{"type":"U","date":"2018-04-09T03:55:33.000Z","volume":2000,"label":"X","price":16.56},{"type":"A","date":"2018-04-09T03:56:42.000Z","volume":2000,"label":" ","price":16.58},{"type":"A","date":"2018-04-09T03:58:22.000Z","volume":2000,"label":" ","price":16.58},{"type":"A","date":"2018-04-09T03:59:42.000Z","volume":2000,"label":" ","price":16.58},{"type":"U","date":"2018-04-09T05:00:05.000Z","volume":2000,"label":"X","price":16.56},{"type":"A","date":"2018-04-09T05:00:11.000Z","volume":2000,"label":" ","price":16.56},{"type":"B","date":"2018-04-09T05:00:25.000Z","volume":30000,"label":" ","price":16.54},{"type":"B","date":"2018-04-09T05:00:25.000Z","volume":14000,"label":" ","price":16.54},{"type":"B","date":"2018-04-09T05:00:32.000Z","volume":20000,"label":" ","price":16.52},{"type":"B","date":"2018-04-09T05:00:33.000Z","volume":20000,"label":" ","price":16.5},{"type":"B","date":"2018-04-09T05:00:40.000Z","volume":12000,"label":" ","price":16.5},{"type":"U","date":"2018-04-09T05:01:01.000Z","volume":2000,"label":"X","price":16.52},{"type":"B","date":"2018-04-09T05:02:04.000Z","volume":8000,"label":" ","price":16.5},{"type":"U","date":"2018-04-09T05:02:04.000Z","volume":2000,"label":"X","price":16.51},{"type":"B","date":"2018-04-09T05:02:05.000Z","volume":2000,"label":" ","price":16.48},{"type":"B","date":"2018-04-09T05:02:23.000Z","volume":4000,"label":" ","price":16.48},{"type":"B","date":"2018-04-09T05:04:46.000Z","volume":2000,"label":" ","price":16.48},{"type":"U","date":"2018-04-09T05:04:46.000Z","volume":2000,"label":"X","price":16.5},{"type":"B","date":"2018-04-09T05:04:48.000Z","volume":4000,"label":" ","price":16.48},{"type":"U","date":"2018-04-09T05:05:17.000Z","volume":12000,"label":" ","price":16.5},{"type":"B","date":"2018-04-09T05:05:37.000Z","volume":4000,"label":" ","price":16.5},{"type":"B","date":"2018-04-09T05:05:37.000Z","volume":2000,"label":" ","price":16.5},{"type":"U","date":"2018-04-09T05:06:00.000Z","volume":2000,"label":"X","price":16.51},{"type":"U","date":"2018-04-09T05:06:02.000Z","volume":2000,"label":"X","price":16.51},{"type":"A","date":"2018-04-09T05:06:26.000Z","volume":32000,"label":" ","price":16.52},{"type":"A","date":"2018-04-09T05:06:26.000Z","volume":2000,"label":" ","price":16.52},{"type":"B","date":"2018-04-09T05:06:26.000Z","volume":2000,"label":" ","price":16.5},{"type":"A","date":"2018-04-09T05:06:47.000Z","volume":2000,"label":" ","price":16.54},{"type":"A","date":"2018-04-09T05:06:47.000Z","volume":2000,"label":" ","price":16.54},{"type":"U","date":"2018-04-09T05:10:05.000Z","volume":1280,"label":"D","price":16.5},{"type":"U","date":"2018-04-09T05:10:15.000Z","volume":2000,"label":"X","price":16.56},{"type":"B","date":"2018-04-09T05:10:15.000Z","volume":2000,"label":" ","price":16.54},{"type":"U","date":"2018-04-09T05:10:40.000Z","volume":8000,"label":" ","price":16.56},{"type":"B","date":"2018-04-09T05:10:49.000Z","volume":2000,"label":" ","price":16.56},{"type":"A","date":"2018-04-09T05:11:50.000Z","volume":2000,"label":" ","price":16.58},{"type":"B","date":"2018-04-09T05:12:22.000Z","volume":2000,"label":" ","price":16.56},{"type":"B","date":"2018-04-09T05:12:42.000Z","volume":2000,"label":"Y","price":16.56},{"type":"B","date":"2018-04-09T05:12:42.000Z","volume":16000,"label":" ","price":16.56},{"type":"B","date":"2018-04-09T05:12:42.000Z","volume":4000,"label":" ","price":16.56},{"type":"B","date":"2018-04-09T05:12:42.000Z","volume":2000,"label":" ","price":16.56},{"type":"U","date":"2018-04-09T05:12:42.000Z","volume":2000,"label":" ","price":16.56},{"type":"B","date":"2018-04-09T05:12:44.000Z","volume":24000,"label":" ","price":16.54},{"type":"B","date":"2018-04-09T05:12:45.000Z","volume":12000,"label":" ","price":16.52},{"type":"B","date":"2018-04-09T05:12:49.000Z","volume":22000,"label":" ","price":16.5},{"type":"B","date":"2018-04-09T05:12:56.000Z","volume":4000,"label":" ","price":16.48},{"type":"B","date":"2018-04-09T05:13:13.000Z","volume":2000,"label":" ","price":16.44},{"type":"U","date":"2018-04-09T05:13:20.000Z","volume":2000,"label":"X","price":16.48},{"type":"B","date":"2018-04-09T05:13:32.000Z","volume":4000,"label":" ","price":16.44},{"type":"B","date":"2018-04-09T05:15:34.000Z","volume":2000,"label":"Y","price":16.44},{"type":"B","date":"2018-04-09T05:16:17.000Z","volume":4000,"label":" ","price":16.46},{"type":"B","date":"2018-04-09T05:16:17.000Z","volume":2000,"label":" ","price":16.44},{"type":"U","date":"2018-04-09T05:16:17.000Z","volume":2000,"label":"X","price":16.45},{"type":"B","date":"2018-04-09T05:16:24.000Z","volume":2000,"label":" ","price":16.44},{"type":"B","date":"2018-04-09T05:16:29.000Z","volume":10000,"label":" ","price":16.44},{"type":"B","date":"2018-04-09T05:16:30.000Z","volume":4000,"label":" ","price":16.42},{"type":"B","date":"2018-04-09T05:16:34.000Z","volume":6000,"label":" ","price":16.42},{"type":"U","date":"2018-04-09T05:17:21.000Z","volume":2000,"label":"X","price":16.42},{"type":"B","date":"2018-04-09T05:18:08.000Z","volume":2000,"label":" ","price":16.4},{"type":"B","date":"2018-04-09T05:18:21.000Z","volume":26000,"label":" ","price":16.4},{"type":"B","date":"2018-04-09T05:18:21.000Z","volume":10000,"label":" ","price":16.38},{"type":"A","date":"2018-04-09T05:18:26.000Z","volume":4000,"label":" ","price":16.42},{"type":"A","date":"2018-04-09T05:18:33.000Z","volume":2000,"label":" ","price":16.4},{"type":"B","date":"2018-04-09T05:19:01.000Z","volume":2000,"label":" ","price":16.34},{"type":"B","date":"2018-04-09T05:19:43.000Z","volume":2000,"label":" ","price":16.34},{"type":"B","date":"2018-04-09T05:21:57.000Z","volume":2000,"label":" ","price":16.34},{"type":"A","date":"2018-04-09T05:21:57.000Z","volume":66000,"label":" ","price":16.38},{"type":"A","date":"2018-04-09T05:21:57.000Z","volume":10000,"label":" ","price":16.4},{"type":"A","date":"2018-04-09T05:22:03.000Z","volume":12000,"label":" ","price":16.42},{"type":"A","date":"2018-04-09T05:22:11.000Z","volume":2000,"label":" ","price":16.42},{"type":"A","date":"2018-04-09T05:22:18.000Z","volume":2000,"label":" ","price":16.42},{"type":"A","date":"2018-04-09T05:22:30.000Z","volume":6000,"label":" ","price":16.42},{"type":"A","date":"2018-04-09T05:22:30.000Z","volume":2000,"label":" ","price":16.44},{"type":"U","date":"2018-04-09T05:22:35.000Z","volume":2000,"label":"X","price":16.4},{"type":"U","date":"2018-04-09T05:23:17.000Z","volume":2000,"label":"X","price":16.39},{"type":"A","date":"2018-04-09T05:23:17.000Z","volume":2000,"label":" ","price":16.42},{"type":"A","date":"2018-04-09T05:23:41.000Z","volume":2000,"label":" ","price":16.44},{"type":"A","date":"2018-04-09T05:24:03.000Z","volume":2000,"label":" ","price":16.44},{"type":"U","date":"2018-04-09T05:24:33.000Z","volume":2000,"label":"X","price":16.41},{"type":"A","date":"2018-04-09T05:25:00.000Z","volume":2000,"label":" ","price":16.44},{"type":"A","date":"2018-04-09T05:27:00.000Z","volume":2000,"label":" ","price":16.44},{"type":"A","date":"2018-04-09T05:27:03.000Z","volume":2000,"label":" ","price":16.44},{"type":"A","date":"2018-04-09T05:27:07.000Z","volume":8000,"label":"Y","price":16.44},{"type":"A","date":"2018-04-09T05:27:07.000Z","volume":4000,"label":" ","price":16.44},{"type":"A","date":"2018-04-09T05:27:11.000Z","volume":2000,"label":" ","price":16.48},{"type":"B","date":"2018-04-09T05:27:12.000Z","volume":2000,"label":" ","price":16.44},{"type":"B","date":"2018-04-09T05:27:12.000Z","volume":4000,"label":" ","price":16.44},{"type":"A","date":"2018-04-09T05:27:51.000Z","volume":8000,"label":" ","price":16.48},{"type":"A","date":"2018-04-09T05:28:00.000Z","volume":2000,"label":" ","price":16.48},{"type":"B","date":"2018-04-09T05:28:04.000Z","volume":6000,"label":" ","price":16.46},{"type":"A","date":"2018-04-09T05:28:28.000Z","volume":2000,"label":" ","price":16.48},{"type":"A","date":"2018-04-09T05:28:28.000Z","volume":2000,"label":" ","price":16.48},{"type":"A","date":"2018-04-09T05:28:32.000Z","volume":2000,"label":" ","price":16.48},{"type":"A","date":"2018-04-09T05:28:32.000Z","volume":2000,"label":" ","price":16.48},{"type":"A","date":"2018-04-09T05:28:32.000Z","volume":2000,"label":" ","price":16.48},{"type":"A","date":"2018-04-09T05:28:32.000Z","volume":4000,"label":" ","price":16.48},{"type":"U","date":"2018-04-09T05:28:48.000Z","volume":4000,"label":" ","price":16.48},{"type":"U","date":"2018-04-09T05:28:48.000Z","volume":4000,"label":" ","price":16.48},{"type":"A","date":"2018-04-09T05:28:48.000Z","volume":2000,"label":" ","price":16.5},{"type":"B","date":"2018-04-09T05:28:56.000Z","volume":6000,"label":" ","price":16.48},{"type":"B","date":"2018-04-09T05:29:07.000Z","volume":12000,"label":" ","price":16.46},{"type":"B","date":"2018-04-09T05:29:30.000Z","volume":2000,"label":"Y","price":16.44},{"type":"B","date":"2018-04-09T05:29:30.000Z","volume":6000,"label":" ","price":16.44},{"type":"U","date":"2018-04-09T05:29:42.000Z","volume":2000,"label":"X","price":16.44},{"type":"B","date":"2018-04-09T05:30:19.000Z","volume":10000,"label":" ","price":16.42},{"type":"B","date":"2018-04-09T05:31:34.000Z","volume":14000,"label":" ","price":16.4},{"type":"B","date":"2018-04-09T05:31:34.000Z","volume":26000,"label":" ","price":16.38},{"type":"A","date":"2018-04-09T05:32:07.000Z","volume":14000,"label":" ","price":16.42},{"type":"A","date":"2018-04-09T05:32:07.000Z","volume":2000,"label":" ","price":16.42},{"type":"A","date":"2018-04-09T05:32:11.000Z","volume":4000,"label":" ","price":16.44},{"type":"U","date":"2018-04-09T05:32:17.000Z","volume":2000,"label":"X","price":16.4},{"type":"A","date":"2018-04-09T05:33:00.000Z","volume":2000,"label":" ","price":16.44},{"type":"A","date":"2018-04-09T05:33:18.000Z","volume":2000,"label":" ","price":16.44},{"type":"B","date":"2018-04-09T05:33:26.000Z","volume":2000,"label":" ","price":16.36},{"type":"A","date":"2018-04-09T05:33:33.000Z","volume":2000,"label":" ","price":16.44},{"type":"A","date":"2018-04-09T05:33:48.000Z","volume":2000,"label":" ","price":16.42},{"type":"A","date":"2018-04-09T05:33:56.000Z","volume":2000,"label":" ","price":16.42},{"type":"A","date":"2018-04-09T05:34:03.000Z","volume":2000,"label":" ","price":16.42},{"type":"A","date":"2018-04-09T05:37:11.000Z","volume":2000,"label":" ","price":16.42},{"type":"U","date":"2018-04-09T05:37:47.000Z","volume":2000,"label":"X","price":16.4},{"type":"B","date":"2018-04-09T05:37:52.000Z","volume":4000,"label":" ","price":16.4},{"type":"B","date":"2018-04-09T05:37:53.000Z","volume":10000,"label":" ","price":16.4},{"type":"A","date":"2018-04-09T05:38:00.000Z","volume":2000,"label":" ","price":16.42},{"type":"B","date":"2018-04-09T05:39:17.000Z","volume":20000,"label":" ","price":16.38},{"type":"B","date":"2018-04-09T05:39:17.000Z","volume":10000,"label":" ","price":16.38},{"type":"A","date":"2018-04-09T05:39:18.000Z","volume":2000,"label":" ","price":16.4},{"type":"U","date":"2018-04-09T05:40:02.000Z","volume":2000,"label":"X","price":16.38},{"type":"B","date":"2018-04-09T05:40:23.000Z","volume":4000,"label":" ","price":16.36},{"type":"B","date":"2018-04-09T05:40:44.000Z","volume":16000,"label":" ","price":16.36},{"type":"B","date":"2018-04-09T05:40:50.000Z","volume":2000,"label":" ","price":16.34},{"type":"B","date":"2018-04-09T05:41:25.000Z","volume":10000,"label":" ","price":16.34},{"type":"B","date":"2018-04-09T05:41:28.000Z","volume":2000,"label":" ","price":16.34},{"type":"U","date":"2018-04-09T05:41:45.000Z","volume":2000,"label":"X","price":16.36},{"type":"A","date":"2018-04-09T05:42:00.000Z","volume":2000,"label":" ","price":16.36},{"type":"B","date":"2018-04-09T05:42:00.000Z","volume":2000,"label":"Y","price":16.34},{"type":"B","date":"2018-04-09T05:42:05.000Z","volume":2000,"label":" ","price":16.34},{"type":"B","date":"2018-04-09T05:42:28.000Z","volume":2000,"label":"Y","price":16.34},{"type":"B","date":"2018-04-09T05:42:31.000Z","volume":2000,"label":" ","price":16.34},{"type":"B","date":"2018-04-09T05:44:14.000Z","volume":2000,"label":" ","price":16.32},{"type":"B","date":"2018-04-09T05:44:53.000Z","volume":2000,"label":" ","price":16.32},{"type":"A","date":"2018-04-09T05:45:00.000Z","volume":2000,"label":" ","price":16.36},{"type":"A","date":"2018-04-09T05:45:35.000Z","volume":22000,"label":" ","price":16.36},{"type":"A","date":"2018-04-09T05:45:35.000Z","volume":2000,"label":" ","price":16.38},{"type":"A","date":"2018-04-09T05:45:37.000Z","volume":24000,"label":" ","price":16.38},{"type":"A","date":"2018-04-09T05:45:37.000Z","volume":2000,"label":" ","price":16.4},{"type":"A","date":"2018-04-09T05:45:41.000Z","volume":10000,"label":" ","price":16.4},{"type":"A","date":"2018-04-09T05:45:41.000Z","volume":4000,"label":" ","price":16.4},{"type":"A","date":"2018-04-09T05:45:44.000Z","volume":2000,"label":" ","price":16.42},{"type":"A","date":"2018-04-09T05:45:48.000Z","volume":2000,"label":" ","price":16.42},{"type":"U","date":"2018-04-09T05:45:48.000Z","volume":2000,"label":"X","price":16.42},{"type":"A","date":"2018-04-09T05:45:53.000Z","volume":2000,"label":" ","price":16.42},{"type":"B","date":"2018-04-09T05:45:54.000Z","volume":20000,"label":" ","price":16.4},{"type":"A","date":"2018-04-09T05:45:54.000Z","volume":2000,"label":" ","price":16.4},{"type":"A","date":"2018-04-09T05:45:56.000Z","volume":2000,"label":" ","price":16.4},{"type":"A","date":"2018-04-09T05:46:00.000Z","volume":2000,"label":" ","price":16.4},{"type":"A","date":"2018-04-09T05:46:00.000Z","volume":2000,"label":" ","price":16.4},{"type":"B","date":"2018-04-09T05:46:03.000Z","volume":2000,"label":" ","price":16.38},{"type":"A","date":"2018-04-09T05:46:03.000Z","volume":2000,"label":" ","price":16.4},{"type":"B","date":"2018-04-09T05:47:03.000Z","volume":6000,"label":" ","price":16.38},{"type":"A","date":"2018-04-09T05:47:56.000Z","volume":2000,"label":"Y","price":16.4},{"type":"A","date":"2018-04-09T05:48:00.000Z","volume":2000,"label":" ","price":16.4},{"type":"U","date":"2018-04-09T05:48:30.000Z","volume":2000,"label":"X","price":16.4},{"type":"A","date":"2018-04-09T05:52:00.000Z","volume":2000,"label":" ","price":16.4},{"type":"A","date":"2018-04-09T05:52:48.000Z","volume":8000,"label":" ","price":16.4},{"type":"U","date":"2018-04-09T05:52:48.000Z","volume":2000,"label":"X","price":16.4},{"type":"B","date":"2018-04-09T05:53:07.000Z","volume":2000,"label":" ","price":16.36},{"type":"A","date":"2018-04-09T05:53:48.000Z","volume":2000,"label":" ","price":16.38},{"type":"B","date":"2018-04-09T05:54:17.000Z","volume":2000,"label":" ","price":16.36},{"type":"A","date":"2018-04-09T05:55:00.000Z","volume":2000,"label":" ","price":16.38},{"type":"U","date":"2018-04-09T05:55:37.000Z","volume":2000,"label":"X","price":16.38},{"type":"B","date":"2018-04-09T05:55:37.000Z","volume":2000,"label":" ","price":16.36},{"type":"A","date":"2018-04-09T05:56:56.000Z","volume":2000,"label":" ","price":16.38},{"type":"B","date":"2018-04-09T05:57:20.000Z","volume":2000,"label":"Y","price":16.36},{"type":"B","date":"2018-04-09T05:57:20.000Z","volume":4000,"label":" ","price":16.36},{"type":"A","date":"2018-04-09T05:57:22.000Z","volume":2000,"label":" ","price":16.38},{"type":"A","date":"2018-04-09T05:59:39.000Z","volume":8000,"label":" ","price":16.38},{"type":"U","date":"2018-04-09T05:59:39.000Z","volume":2000,"label":"X","price":16.38},{"type":"A","date":"2018-04-09T05:59:49.000Z","volume":2000,"label":" ","price":16.38},{"type":"A","date":"2018-04-09T06:01:00.000Z","volume":2000,"label":" ","price":16.38},{"type":"B","date":"2018-04-09T06:01:22.000Z","volume":2000,"label":" ","price":16.36},{"type":"A","date":"2018-04-09T06:01:26.000Z","volume":6000,"label":"Y","price":16.38},{"type":"A","date":"2018-04-09T06:01:26.000Z","volume":42000,"label":" ","price":16.38},{"type":"A","date":"2018-04-09T06:01:26.000Z","volume":120000,"label":" ","price":16.4},{"type":"A","date":"2018-04-09T06:01:26.000Z","volume":28000,"label":" ","price":16.4},{"type":"A","date":"2018-04-09T06:01:26.000Z","volume":4000,"label":" ","price":16.42},{"type":"A","date":"2018-04-09T06:01:26.000Z","volume":8000,"label":" ","price":16.44},{"type":"A","date":"2018-04-09T06:01:26.000Z","volume":12000,"label":" ","price":16.44},{"type":"A","date":"2018-04-09T06:01:26.000Z","volume":4000,"label":" ","price":16.46},{"type":"A","date":"2018-04-09T06:01:26.000Z","volume":2000,"label":" ","price":16.46},{"type":"A","date":"2018-04-09T06:01:27.000Z","volume":12000,"label":" ","price":16.46},{"type":"A","date":"2018-04-09T06:01:27.000Z","volume":2000,"label":" ","price":16.48},{"type":"A","date":"2018-04-09T06:01:34.000Z","volume":4000,"label":" ","price":16.5},{"type":"U","date":"2018-04-09T06:01:35.000Z","volume":4000,"label":" ","price":16.54},{"type":"B","date":"2018-04-09T06:01:35.000Z","volume":2000,"label":" ","price":16.52},{"type":"B","date":"2018-04-09T06:01:37.000Z","volume":6000,"label":" ","price":16.52},{"type":"U","date":"2018-04-09T06:01:37.000Z","volume":2000,"label":" ","price":16.52},{"type":"A","date":"2018-04-09T06:01:38.000Z","volume":14000,"label":" ","price":16.56},{"type":"A","date":"2018-04-09T06:01:40.000Z","volume":4000,"label":" ","price":16.58},{"type":"A","date":"2018-04-09T06:01:44.000Z","volume":10000,"label":" ","price":16.5},{"type":"U","date":"2018-04-09T06:01:44.000Z","volume":2000,"label":"X","price":16.5},{"type":"U","date":"2018-04-09T06:01:47.000Z","volume":2000,"label":"X","price":16.49},{"type":"A","date":"2018-04-09T06:01:47.000Z","volume":2000,"label":" ","price":16.5},{"type":"A","date":"2018-04-09T06:02:02.000Z","volume":2000,"label":" ","price":16.58},{"type":"B","date":"2018-04-09T06:02:07.000Z","volume":10000,"label":" ","price":16.5},{"type":"B","date":"2018-04-09T06:02:07.000Z","volume":2000,"label":" ","price":16.5},{"type":"U","date":"2018-04-09T06:02:17.000Z","volume":2000,"label":"X","price":16.49},{"type":"B","date":"2018-04-09T06:02:41.000Z","volume":2000,"label":" ","price":16.48},{"type":"B","date":"2018-04-09T06:02:41.000Z","volume":18000,"label":" ","price":16.48},{"type":"B","date":"2018-04-09T06:02:47.000Z","volume":4000,"label":" ","price":16.48},{"type":"B","date":"2018-04-09T06:02:47.000Z","volume":12000,"label":" ","price":16.46},{"type":"B","date":"2018-04-09T06:02:50.000Z","volume":2000,"label":" ","price":16.48},{"type":"A","date":"2018-04-09T06:05:00.000Z","volume":2000,"label":" ","price":16.5},{"type":"B","date":"2018-04-09T06:05:01.000Z","volume":4000,"label":" ","price":16.44},{"type":"B","date":"2018-04-09T06:05:12.000Z","volume":2000,"label":" ","price":16.42},{"type":"U","date":"2018-04-09T06:06:02.000Z","volume":2000,"label":"X","price":16.45},{"type":"A","date":"2018-04-09T06:06:20.000Z","volume":8000,"label":" ","price":16.46},{"type":"A","date":"2018-04-09T06:06:32.000Z","volume":2000,"label":" ","price":16.46},{"type":"B","date":"2018-04-09T06:06:33.000Z","volume":10000,"label":" ","price":16.44},{"type":"A","date":"2018-04-09T06:07:15.000Z","volume":14000,"label":" ","price":16.46},{"type":"B","date":"2018-04-09T06:07:49.000Z","volume":2000,"label":" ","price":16.44},{"type":"A","date":"2018-04-09T06:08:02.000Z","volume":2000,"label":" ","price":16.46},{"type":"A","date":"2018-04-09T06:09:00.000Z","volume":2000,"label":" ","price":16.48},{"type":"A","date":"2018-04-09T06:09:11.000Z","volume":2000,"label":" ","price":16.48},{"type":"A","date":"2018-04-09T06:09:53.000Z","volume":2000,"label":" ","price":16.46},{"type":"A","date":"2018-04-09T06:10:19.000Z","volume":2000,"label":" ","price":16.46},{"type":"A","date":"2018-04-09T06:10:54.000Z","volume":18000,"label":" ","price":16.46},{"type":"A","date":"2018-04-09T06:10:54.000Z","volume":6000,"label":" ","price":16.46},{"type":"U","date":"2018-04-09T06:11:02.000Z","volume":2000,"label":"X","price":16.47},{"type":"U","date":"2018-04-09T06:11:02.000Z","volume":2000,"label":"X","price":16.46},{"type":"A","date":"2018-04-09T06:11:16.000Z","volume":8000,"label":" ","price":16.48},{"type":"A","date":"2018-04-09T06:11:54.000Z","volume":2000,"label":" ","price":16.48},{"type":"A","date":"2018-04-09T06:12:00.000Z","volume":2000,"label":" ","price":16.48},{"type":"B","date":"2018-04-09T06:12:30.000Z","volume":2000,"label":" ","price":16.46},{"type":"B","date":"2018-04-09T06:12:33.000Z","volume":2000,"label":" ","price":16.46},{"type":"B","date":"2018-04-09T06:13:11.000Z","volume":2000,"label":" ","price":16.46},{"type":"A","date":"2018-04-09T06:14:44.000Z","volume":26000,"label":" ","price":16.48},{"type":"A","date":"2018-04-09T06:14:44.000Z","volume":2000,"label":" ","price":16.5},{"type":"U","date":"2018-04-09T06:14:44.000Z","volume":2000,"label":"X","price":16.5},{"type":"A","date":"2018-04-09T06:14:51.000Z","volume":38000,"label":" ","price":16.5},{"type":"A","date":"2018-04-09T06:14:51.000Z","volume":2000,"label":" ","price":16.52},{"type":"U","date":"2018-04-09T06:15:06.000Z","volume":4000,"label":" ","price":16.54},{"type":"U","date":"2018-04-09T06:15:08.000Z","volume":2000,"label":" ","price":16.56},{"type":"U","date":"2018-04-09T06:15:08.000Z","volume":2000,"label":" ","price":16.56},{"type":"B","date":"2018-04-09T06:15:09.000Z","volume":10000,"label":" ","price":16.54},{"type":"U","date":"2018-04-09T06:15:11.000Z","volume":4000,"label":" ","price":16.56},{"type":"B","date":"2018-04-09T06:15:22.000Z","volume":12000,"label":" ","price":16.54},{"type":"B","date":"2018-04-09T06:15:22.000Z","volume":12000,"label":" ","price":16.52},{"type":"U","date":"2018-04-09T06:15:24.000Z","volume":4000,"label":" ","price":16.54},{"type":"B","date":"2018-04-09T06:15:26.000Z","volume":4000,"label":" ","price":16.5},{"type":"B","date":"2018-04-09T06:15:28.000Z","volume":10000,"label":" ","price":16.48},{"type":"U","date":"2018-04-09T06:15:30.000Z","volume":4000,"label":" ","price":16.5},{"type":"A","date":"2018-04-09T06:16:00.000Z","volume":2000,"label":" ","price":16.5},{"type":"U","date":"2018-04-09T06:16:28.000Z","volume":2000,"label":"X","price":16.47},{"type":"A","date":"2018-04-09T06:17:18.000Z","volume":22000,"label":" ","price":16.48},{"type":"A","date":"2018-04-09T06:17:18.000Z","volume":4000,"label":" ","price":16.48},{"type":"A","date":"2018-04-09T06:17:20.000Z","volume":6000,"label":" ","price":16.5},{"type":"A","date":"2018-04-09T06:17:27.000Z","volume":10000,"label":" ","price":16.5},{"type":"A","date":"2018-04-09T06:17:30.000Z","volume":2000,"label":" ","price":16.54},{"type":"B","date":"2018-04-09T06:17:34.000Z","volume":2000,"label":" ","price":16.52},{"type":"B","date":"2018-04-09T06:17:34.000Z","volume":2000,"label":" ","price":16.52},{"type":"U","date":"2018-04-09T06:17:35.000Z","volume":2000,"label":" ","price":16.52},{"type":"U","date":"2018-04-09T06:18:32.000Z","volume":2000,"label":"X","price":16.51},{"type":"B","date":"2018-04-09T06:18:50.000Z","volume":2000,"label":" ","price":16.5},{"type":"A","date":"2018-04-09T06:18:53.000Z","volume":2000,"label":" ","price":16.52},{"type":"A","date":"2018-04-09T06:19:16.000Z","volume":20000,"label":" ","price":16.52},{"type":"A","date":"2018-04-09T06:19:18.000Z","volume":4000,"label":" ","price":16.54},{"type":"A","date":"2018-04-09T06:19:19.000Z","volume":2000,"label":" ","price":16.56},{"type":"B","date":"2018-04-09T06:19:43.000Z","volume":14000,"label":" ","price":16.52},{"type":"U","date":"2018-04-09T06:19:43.000Z","volume":2000,"label":"X","price":16.55},{"type":"U","date":"2018-04-09T06:19:45.000Z","volume":4000,"label":" ","price":16.54},{"type":"A","date":"2018-04-09T06:19:49.000Z","volume":10000,"label":" ","price":16.58},{"type":"U","date":"2018-04-09T06:19:52.000Z","volume":2000,"label":" ","price":16.56},{"type":"A","date":"2018-04-09T06:20:00.000Z","volume":2000,"label":" ","price":16.58},{"type":"U","date":"2018-04-09T06:20:21.000Z","volume":2000,"label":" ","price":16.54},{"type":"B","date":"2018-04-09T06:20:47.000Z","volume":6000,"label":" ","price":16.52},{"type":"B","date":"2018-04-09T06:20:47.000Z","volume":2000,"label":" ","price":16.52},{"type":"A","date":"2018-04-09T06:20:50.000Z","volume":2000,"label":" ","price":16.52},{"type":"A","date":"2018-04-09T06:20:53.000Z","volume":2000,"label":" ","price":16.52},{"type":"A","date":"2018-04-09T06:22:00.000Z","volume":2000,"label":" ","price":16.58},{"type":"B","date":"2018-04-09T06:23:27.000Z","volume":14000,"label":" ","price":16.52},{"type":"U","date":"2018-04-09T06:23:29.000Z","volume":2000,"label":" ","price":16.54},{"type":"B","date":"2018-04-09T06:24:16.000Z","volume":18000,"label":" ","price":16.5},{"type":"U","date":"2018-04-09T06:24:22.000Z","volume":2000,"label":"X","price":16.5},{"type":"B","date":"2018-04-09T06:24:23.000Z","volume":2000,"label":" ","price":16.48},{"type":"A","date":"2018-04-09T06:24:26.000Z","volume":2000,"label":" ","price":16.52},{"type":"A","date":"2018-04-09T06:25:00.000Z","volume":2000,"label":" ","price":16.52},{"type":"B","date":"2018-04-09T06:25:35.000Z","volume":2000,"label":" ","price":16.48},{"type":"B","date":"2018-04-09T06:25:35.000Z","volume":10000,"label":" ","price":16.48},{"type":"A","date":"2018-04-09T06:25:38.000Z","volume":4000,"label":" ","price":16.5},{"type":"B","date":"2018-04-09T06:27:23.000Z","volume":4000,"label":" ","price":16.46},{"type":"A","date":"2018-04-09T06:28:00.000Z","volume":2000,"label":" ","price":16.48},{"type":"A","date":"2018-04-09T06:28:09.000Z","volume":22000,"label":" ","price":16.48},{"type":"A","date":"2018-04-09T06:28:10.000Z","volume":6000,"label":" ","price":16.5},{"type":"U","date":"2018-04-09T06:28:17.000Z","volume":2000,"label":"X","price":16.49},{"type":"U","date":"2018-04-09T06:28:17.000Z","volume":2000,"label":"X","price":16.5},{"type":"A","date":"2018-04-09T06:28:21.000Z","volume":8000,"label":" ","price":16.5},{"type":"A","date":"2018-04-09T06:28:30.000Z","volume":4000,"label":" ","price":16.5},{"type":"A","date":"2018-04-09T06:28:30.000Z","volume":2000,"label":" ","price":16.52},{"type":"A","date":"2018-04-09T06:28:30.000Z","volume":2000,"label":" ","price":16.54},{"type":"U","date":"2018-04-09T06:28:47.000Z","volume":2000,"label":"X","price":16.51},{"type":"B","date":"2018-04-09T06:29:19.000Z","volume":2000,"label":" ","price":16.48},{"type":"B","date":"2018-04-09T06:29:43.000Z","volume":12000,"label":" ","price":16.48},{"type":"B","date":"2018-04-09T06:29:43.000Z","volume":8000,"label":" ","price":16.46},{"type":"B","date":"2018-04-09T06:30:19.000Z","volume":36000,"label":" ","price":16.46},{"type":"A","date":"2018-04-09T06:30:19.000Z","volume":2000,"label":" ","price":16.46},{"type":"A","date":"2018-04-09T06:30:19.000Z","volume":2000,"label":" ","price":16.46},{"type":"A","date":"2018-04-09T06:30:19.000Z","volume":2000,"label":" ","price":16.46},{"type":"A","date":"2018-04-09T06:30:20.000Z","volume":4000,"label":" ","price":16.46},{"type":"B","date":"2018-04-09T06:30:22.000Z","volume":8000,"label":" ","price":16.52},{"type":"U","date":"2018-04-09T06:30:32.000Z","volume":2000,"label":"X","price":16.46},{"type":"B","date":"2018-04-09T06:30:39.000Z","volume":2000,"label":" ","price":16.48},{"type":"B","date":"2018-04-09T06:30:53.000Z","volume":2000,"label":" ","price":16.46},{"type":"A","date":"2018-04-09T06:31:29.000Z","volume":6000,"label":" ","price":16.54},{"type":"U","date":"2018-04-09T06:31:32.000Z","volume":2000,"label":" ","price":16.52},{"type":"A","date":"2018-04-09T06:32:00.000Z","volume":2000,"label":" ","price":16.54},{"type":"U","date":"2018-04-09T06:33:57.000Z","volume":2000,"label":"X","price":16.51},{"type":"B","date":"2018-04-09T06:35:19.000Z","volume":2000,"label":" ","price":16.48},{"type":"A","date":"2018-04-09T06:36:00.000Z","volume":2000,"label":" ","price":16.52},{"type":"B","date":"2018-04-09T06:36:30.000Z","volume":12000,"label":" ","price":16.48},{"type":"A","date":"2018-04-09T06:36:32.000Z","volume":4000,"label":" ","price":16.5},{"type":"A","date":"2018-04-09T06:36:35.000Z","volume":12000,"label":" ","price":16.5},{"type":"B","date":"2018-04-09T06:36:38.000Z","volume":2000,"label":" ","price":16.48},{"type":"A","date":"2018-04-09T06:38:00.000Z","volume":2000,"label":" ","price":16.5},{"type":"U","date":"2018-04-09T06:38:12.000Z","volume":2000,"label":"X","price":16.49},{"type":"B","date":"2018-04-09T06:38:12.000Z","volume":2000,"label":" ","price":16.48},{"type":"U","date":"2018-04-09T06:38:52.000Z","volume":2000,"label":"X","price":16.49},{"type":"B","date":"2018-04-09T06:39:44.000Z","volume":18000,"label":" ","price":16.48},{"type":"A","date":"2018-04-09T06:40:35.000Z","volume":8000,"label":" ","price":16.48},{"type":"A","date":"2018-04-09T06:40:38.000Z","volume":2000,"label":" ","price":16.48},{"type":"B","date":"2018-04-09T06:40:42.000Z","volume":2000,"label":" ","price":16.46},{"type":"A","date":"2018-04-09T06:41:08.000Z","volume":20000,"label":" ","price":16.48},{"type":"A","date":"2018-04-09T06:41:10.000Z","volume":6000,"label":" ","price":16.48},{"type":"A","date":"2018-04-09T06:41:10.000Z","volume":2000,"label":" ","price":16.48},{"type":"A","date":"2018-04-09T06:41:26.000Z","volume":2000,"label":" ","price":16.5},{"type":"A","date":"2018-04-09T06:42:33.000Z","volume":8000,"label":" ","price":16.5},{"type":"B","date":"2018-04-09T06:42:36.000Z","volume":4000,"label":" ","price":16.48},{"type":"A","date":"2018-04-09T06:43:00.000Z","volume":2000,"label":" ","price":16.5},{"type":"B","date":"2018-04-09T06:44:35.000Z","volume":2000,"label":" ","price":16.46},{"type":"A","date":"2018-04-09T06:44:37.000Z","volume":2000,"label":" ","price":16.5},{"type":"B","date":"2018-04-09T06:44:38.000Z","volume":2000,"label":" ","price":16.48},{"type":"A","date":"2018-04-09T06:45:00.000Z","volume":2000,"label":" ","price":16.5},{"type":"B","date":"2018-04-09T06:46:10.000Z","volume":2000,"label":" ","price":16.46},{"type":"A","date":"2018-04-09T06:46:25.000Z","volume":12000,"label":" ","price":16.5},{"type":"A","date":"2018-04-09T06:46:25.000Z","volume":6000,"label":" ","price":16.5},{"type":"A","date":"2018-04-09T06:46:25.000Z","volume":2000,"label":" ","price":16.5},{"type":"U","date":"2018-04-09T06:46:27.000Z","volume":1250,"label":"D","price":16.34},{"type":"A","date":"2018-04-09T06:46:28.000Z","volume":2000,"label":" ","price":16.5},{"type":"A","date":"2018-04-09T06:46:28.000Z","volume":2000,"label":" ","price":16.5},{"type":"A","date":"2018-04-09T06:46:28.000Z","volume":10000,"label":" ","price":16.5},{"type":"A","date":"2018-04-09T06:46:28.000Z","volume":2000,"label":" ","price":16.5},{"type":"A","date":"2018-04-09T06:46:28.000Z","volume":2000,"label":" ","price":16.5},{"type":"A","date":"2018-04-09T06:46:28.000Z","volume":2000,"label":" ","price":16.5},{"type":"A","date":"2018-04-09T06:46:28.000Z","volume":2000,"label":" ","price":16.5},{"type":"A","date":"2018-04-09T06:46:30.000Z","volume":2000,"label":" ","price":16.5},{"type":"U","date":"2018-04-09T06:46:30.000Z","volume":2000,"label":"X","price":16.5},{"type":"A","date":"2018-04-09T06:46:30.000Z","volume":2000,"label":" ","price":16.5},{"type":"A","date":"2018-04-09T06:46:33.000Z","volume":2000,"label":"Y","price":16.52},{"type":"B","date":"2018-04-09T06:47:25.000Z","volume":2000,"label":" ","price":16.48},{"type":"U","date":"2018-04-09T06:47:32.000Z","volume":2000,"label":"X","price":16.51},{"type":"A","date":"2018-04-09T06:47:35.000Z","volume":8000,"label":" ","price":16.52},{"type":"A","date":"2018-04-09T06:48:00.000Z","volume":2000,"label":" ","price":16.54},{"type":"A","date":"2018-04-09T06:48:31.000Z","volume":16000,"label":" ","price":16.54},{"type":"U","date":"2018-04-09T06:48:33.000Z","volume":2000,"label":"X","price":16.54},{"type":"B","date":"2018-04-09T06:48:56.000Z","volume":10000,"label":" ","price":16.52},{"type":"A","date":"2018-04-09T06:48:57.000Z","volume":4000,"label":" ","price":16.54},{"type":"B","date":"2018-04-09T06:49:16.000Z","volume":10000,"label":" ","price":16.52},{"type":"A","date":"2018-04-09T06:49:27.000Z","volume":2000,"label":" ","price":16.52},{"type":"U","date":"2018-04-09T06:49:27.000Z","volume":2000,"label":"X","price":16.52},{"type":"B","date":"2018-04-09T06:50:05.000Z","volume":2000,"label":" ","price":16.5},{"type":"U","date":"2018-04-09T06:50:21.000Z","volume":2000,"label":"X","price":16.52},{"type":"U","date":"2018-04-09T06:50:30.000Z","volume":2000,"label":"X","price":16.52},{"type":"A","date":"2018-04-09T06:51:00.000Z","volume":2000,"label":" ","price":16.52},{"type":"B","date":"2018-04-09T06:51:40.000Z","volume":2000,"label":" ","price":16.5},{"type":"B","date":"2018-04-09T06:51:42.000Z","volume":2000,"label":" ","price":16.5},{"type":"A","date":"2018-04-09T06:53:17.000Z","volume":2000,"label":" ","price":16.52},{"type":"A","date":"2018-04-09T06:53:18.000Z","volume":2000,"label":" ","price":16.52},{"type":"A","date":"2018-04-09T06:53:20.000Z","volume":2000,"label":" ","price":16.52},{"type":"A","date":"2018-04-09T06:53:35.000Z","volume":8000,"label":" ","price":16.52},{"type":"A","date":"2018-04-09T06:53:38.000Z","volume":2000,"label":" ","price":16.52},{"type":"B","date":"2018-04-09T06:54:31.000Z","volume":2000,"label":" ","price":16.5},{"type":"A","date":"2018-04-09T06:55:00.000Z","volume":2000,"label":" ","price":16.52},{"type":"A","date":"2018-04-09T06:57:30.000Z","volume":2000,"label":" ","price":16.52},{"type":"B","date":"2018-04-09T06:57:30.000Z","volume":2000,"label":" ","price":16.5},{"type":"A","date":"2018-04-09T06:57:32.000Z","volume":2000,"label":" ","price":16.52},{"type":"A","date":"2018-04-09T06:57:32.000Z","volume":28000,"label":" ","price":16.52},{"type":"A","date":"2018-04-09T06:57:32.000Z","volume":2000,"label":" ","price":16.54},{"type":"A","date":"2018-04-09T06:57:35.000Z","volume":8000,"label":" ","price":16.52},{"type":"A","date":"2018-04-09T06:58:00.000Z","volume":2000,"label":" ","price":16.54},{"type":"B","date":"2018-04-09T06:58:56.000Z","volume":2000,"label":" ","price":16.52},{"type":"A","date":"2018-04-09T06:59:28.000Z","volume":8000,"label":" ","price":16.54},{"type":"A","date":"2018-04-09T06:59:30.000Z","volume":4000,"label":" ","price":16.54},{"type":"A","date":"2018-04-09T07:00:06.000Z","volume":18000,"label":" ","price":16.54},{"type":"U","date":"2018-04-09T07:00:06.000Z","volume":2000,"label":"X","price":16.54},{"type":"U","date":"2018-04-09T07:00:07.000Z","volume":2000,"label":"X","price":16.54},{"type":"A","date":"2018-04-09T07:00:07.000Z","volume":4000,"label":" ","price":16.54},{"type":"A","date":"2018-04-09T07:00:08.000Z","volume":4000,"label":" ","price":16.54},{"type":"B","date":"2018-04-09T07:00:13.000Z","volume":2000,"label":" ","price":16.52},{"type":"B","date":"2018-04-09T07:02:00.000Z","volume":2000,"label":" ","price":16.54},{"type":"A","date":"2018-04-09T07:02:00.000Z","volume":2000,"label":" ","price":16.56},{"type":"A","date":"2018-04-09T07:02:03.000Z","volume":2000,"label":" ","price":16.56},{"type":"B","date":"2018-04-09T07:02:16.000Z","volume":2000,"label":" ","price":16.54},{"type":"U","date":"2018-04-09T07:02:55.000Z","volume":2000,"label":"X","price":16.56},{"type":"B","date":"2018-04-09T07:03:13.000Z","volume":2000,"label":" ","price":16.54},{"type":"B","date":"2018-04-09T07:03:46.000Z","volume":20000,"label":" ","price":16.54},{"type":"A","date":"2018-04-09T07:04:00.000Z","volume":8000,"label":" ","price":16.56},{"type":"A","date":"2018-04-09T07:04:03.000Z","volume":4000,"label":" ","price":16.56},{"type":"B","date":"2018-04-09T07:04:03.000Z","volume":2000,"label":" ","price":16.54},{"type":"A","date":"2018-04-09T07:04:21.000Z","volume":2000,"label":" ","price":16.56},{"type":"A","date":"2018-04-09T07:05:16.000Z","volume":20000,"label":" ","price":16.56},{"type":"A","date":"2018-04-09T07:05:16.000Z","volume":4000,"label":" ","price":16.56},{"type":"A","date":"2018-04-09T07:05:16.000Z","volume":2000,"label":" ","price":16.56},{"type":"A","date":"2018-04-09T07:05:18.000Z","volume":6000,"label":" ","price":16.58},{"type":"A","date":"2018-04-09T07:05:54.000Z","volume":14000,"label":" ","price":16.58},{"type":"A","date":"2018-04-09T07:05:56.000Z","volume":4000,"label":" ","price":16.58},{"type":"A","date":"2018-04-09T07:06:00.000Z","volume":2000,"label":" ","price":16.58},{"type":"B","date":"2018-04-09T07:06:01.000Z","volume":2000,"label":" ","price":16.56},{"type":"B","date":"2018-04-09T07:06:13.000Z","volume":10000,"label":" ","price":16.56},{"type":"B","date":"2018-04-09T07:07:49.000Z","volume":4000,"label":" ","price":16.56},{"type":"B","date":"2018-04-09T07:07:49.000Z","volume":2000,"label":"Y","price":16.56},{"type":"B","date":"2018-04-09T07:07:49.000Z","volume":38000,"label":" ","price":16.56},{"type":"A","date":"2018-04-09T07:08:00.000Z","volume":2000,"label":" ","price":16.56},{"type":"A","date":"2018-04-09T07:08:30.000Z","volume":14000,"label":" ","price":16.56},{"type":"A","date":"2018-04-09T07:08:33.000Z","volume":4000,"label":" ","price":16.56},{"type":"B","date":"2018-04-09T07:08:47.000Z","volume":6000,"label":" ","price":16.54},{"type":"B","date":"2018-04-09T07:08:58.000Z","volume":2000,"label":" ","price":16.54},{"type":"A","date":"2018-04-09T07:09:34.000Z","volume":4000,"label":" ","price":16.56},{"type":"A","date":"2018-04-09T07:09:34.000Z","volume":2000,"label":" ","price":16.56},{"type":"A","date":"2018-04-09T07:09:34.000Z","volume":2000,"label":" ","price":16.56},{"type":"A","date":"2018-04-09T07:09:34.000Z","volume":2000,"label":" ","price":16.56},{"type":"A","date":"2018-04-09T07:09:36.000Z","volume":4000,"label":" ","price":16.56},{"type":"B","date":"2018-04-09T07:10:39.000Z","volume":4000,"label":" ","price":16.54},{"type":"A","date":"2018-04-09T07:11:00.000Z","volume":2000,"label":" ","price":16.56},{"type":"B","date":"2018-04-09T07:11:00.000Z","volume":12000,"label":" ","price":16.54},{"type":"A","date":"2018-04-09T07:11:03.000Z","volume":4000,"label":" ","price":16.56},{"type":"B","date":"2018-04-09T07:11:03.000Z","volume":4000,"label":"Y","price":16.54},{"type":"B","date":"2018-04-09T07:11:03.000Z","volume":8000,"label":" ","price":16.54},{"type":"B","date":"2018-04-09T07:11:18.000Z","volume":4000,"label":" ","price":16.52},{"type":"B","date":"2018-04-09T07:11:18.000Z","volume":4000,"label":" ","price":16.52},{"type":"A","date":"2018-04-09T07:11:20.000Z","volume":4000,"label":" ","price":16.54},{"type":"B","date":"2018-04-09T07:11:23.000Z","volume":4000,"label":" ","price":16.52},{"type":"B","date":"2018-04-09T07:11:23.000Z","volume":2000,"label":" ","price":16.52},{"type":"B","date":"2018-04-09T07:11:24.000Z","volume":14000,"label":" ","price":16.5},{"type":"A","date":"2018-04-09T07:11:24.000Z","volume":2000,"label":" ","price":16.5},{"type":"U","date":"2018-04-09T07:11:24.000Z","volume":2000,"label":"X","price":16.5},{"type":"A","date":"2018-04-09T07:11:25.000Z","volume":2000,"label":" ","price":16.5},{"type":"A","date":"2018-04-09T07:11:26.000Z","volume":2000,"label":" ","price":16.5},{"type":"B","date":"2018-04-09T07:11:47.000Z","volume":10000,"label":" ","price":16.48},{"type":"A","date":"2018-04-09T07:11:48.000Z","volume":2000,"label":" ","price":16.5},{"type":"A","date":"2018-04-09T07:11:49.000Z","volume":2000,"label":" ","price":16.5},{"type":"B","date":"2018-04-09T07:12:36.000Z","volume":2000,"label":" ","price":16.46},{"type":"A","date":"2018-04-09T07:12:37.000Z","volume":2000,"label":" ","price":16.5},{"type":"B","date":"2018-04-09T07:12:52.000Z","volume":8000,"label":" ","price":16.48},{"type":"A","date":"2018-04-09T07:12:53.000Z","volume":2000,"label":" ","price":16.5},{"type":"U","date":"2018-04-09T07:12:53.000Z","volume":2000,"label":"X","price":16.5},{"type":"A","date":"2018-04-09T07:13:00.000Z","volume":2000,"label":" ","price":16.5},{"type":"B","date":"2018-04-09T07:13:01.000Z","volume":2000,"label":" ","price":16.48},{"type":"B","date":"2018-04-09T07:13:24.000Z","volume":10000,"label":" ","price":16.48},{"type":"B","date":"2018-04-09T07:13:30.000Z","volume":10000,"label":" ","price":16.48},{"type":"B","date":"2018-04-09T07:14:17.000Z","volume":2000,"label":" ","price":16.46},{"type":"A","date":"2018-04-09T07:14:38.000Z","volume":18000,"label":" ","price":16.48},{"type":"A","date":"2018-04-09T07:14:42.000Z","volume":6000,"label":" ","price":16.48},{"type":"A","date":"2018-04-09T07:15:00.000Z","volume":2000,"label":" ","price":16.48},{"type":"B","date":"2018-04-09T07:17:00.000Z","volume":2000,"label":" ","price":16.46},{"type":"B","date":"2018-04-09T07:17:00.000Z","volume":2000,"label":" ","price":16.46},{"type":"A","date":"2018-04-09T07:17:06.000Z","volume":18000,"label":" ","price":16.48},{"type":"A","date":"2018-04-09T07:17:06.000Z","volume":2000,"label":" ","price":16.48},{"type":"A","date":"2018-04-09T07:17:06.000Z","volume":2000,"label":" ","price":16.48},{"type":"A","date":"2018-04-09T07:17:08.000Z","volume":4000,"label":" ","price":16.48},{"type":"A","date":"2018-04-09T07:17:09.000Z","volume":8000,"label":" ","price":16.48},{"type":"A","date":"2018-04-09T07:17:09.000Z","volume":2000,"label":" ","price":16.48},{"type":"A","date":"2018-04-09T07:17:09.000Z","volume":2000,"label":" ","price":16.48},{"type":"A","date":"2018-04-09T07:17:12.000Z","volume":2000,"label":" ","price":16.48},{"type":"A","date":"2018-04-09T07:17:30.000Z","volume":2000,"label":" ","price":16.48},{"type":"A","date":"2018-04-09T07:17:32.000Z","volume":2000,"label":" ","price":16.48},{"type":"A","date":"2018-04-09T07:18:00.000Z","volume":2000,"label":" ","price":16.48},{"type":"A","date":"2018-04-09T07:18:08.000Z","volume":2000,"label":" ","price":16.48},{"type":"A","date":"2018-04-09T07:19:00.000Z","volume":2000,"label":" ","price":16.48},{"type":"A","date":"2018-04-09T07:19:00.000Z","volume":2000,"label":" ","price":16.48},{"type":"A","date":"2018-04-09T07:19:01.000Z","volume":8000,"label":" ","price":16.48},{"type":"A","date":"2018-04-09T07:19:02.000Z","volume":4000,"label":" ","price":16.48},{"type":"A","date":"2018-04-09T07:19:13.000Z","volume":10000,"label":" ","price":16.48},{"type":"A","date":"2018-04-09T07:19:13.000Z","volume":12000,"label":" ","price":16.5},{"type":"A","date":"2018-04-09T07:19:13.000Z","volume":8000,"label":" ","price":16.52},{"type":"A","date":"2018-04-09T07:19:14.000Z","volume":2000,"label":" ","price":16.58},{"type":"A","date":"2018-04-09T07:19:16.000Z","volume":6000,"label":" ","price":16.58},{"type":"B","date":"2018-04-09T07:19:34.000Z","volume":2000,"label":" ","price":16.56},{"type":"B","date":"2018-04-09T07:19:36.000Z","volume":14000,"label":" ","price":16.56},{"type":"B","date":"2018-04-09T07:20:05.000Z","volume":2000,"label":" ","price":16.54},{"type":"B","date":"2018-04-09T07:20:21.000Z","volume":2000,"label":" ","price":16.54},{"type":"A","date":"2018-04-09T07:20:22.000Z","volume":2000,"label":" ","price":16.54},{"type":"A","date":"2018-04-09T07:20:42.000Z","volume":30000,"label":" ","price":16.54},{"type":"A","date":"2018-04-09T07:20:44.000Z","volume":8000,"label":" ","price":16.54},{"type":"A","date":"2018-04-09T07:20:48.000Z","volume":2000,"label":" ","price":16.54},{"type":"A","date":"2018-04-09T07:22:00.000Z","volume":2000,"label":" ","price":16.54},{"type":"U","date":"2018-04-09T07:22:21.000Z","volume":2000,"label":"X","price":16.54},{"type":"U","date":"2018-04-09T07:22:21.000Z","volume":2000,"label":"X","price":16.54},{"type":"U","date":"2018-04-09T07:22:23.000Z","volume":2000,"label":"X","price":16.53},{"type":"A","date":"2018-04-09T07:22:35.000Z","volume":4000,"label":" ","price":16.54},{"type":"A","date":"2018-04-09T07:23:08.000Z","volume":2000,"label":"Y","price":16.54},{"type":"A","date":"2018-04-09T07:23:10.000Z","volume":2000,"label":" ","price":16.54},{"type":"A","date":"2018-04-09T07:23:17.000Z","volume":2000,"label":" ","price":16.54},{"type":"A","date":"2018-04-09T07:23:58.000Z","volume":2000,"label":"Y","price":16.54},{"type":"A","date":"2018-04-09T07:23:58.000Z","volume":2000,"label":" ","price":16.54},{"type":"U","date":"2018-04-09T07:23:58.000Z","volume":6000,"label":"X","price":16.54},{"type":"U","date":"2018-04-09T07:23:58.000Z","volume":2000,"label":"X","price":16.56},{"type":"A","date":"2018-04-09T07:24:00.000Z","volume":8000,"label":" ","price":16.56},{"type":"A","date":"2018-04-09T07:24:00.000Z","volume":2000,"label":" ","price":16.56},{"type":"B","date":"2018-04-09T07:24:02.000Z","volume":2000,"label":" ","price":16.54},{"type":"A","date":"2018-04-09T07:24:03.000Z","volume":4000,"label":" ","price":16.56},{"type":"A","date":"2018-04-09T07:24:08.000Z","volume":10000,"label":"Y","price":16.56},{"type":"A","date":"2018-04-09T07:24:08.000Z","volume":18000,"label":" ","price":16.56},{"type":"A","date":"2018-04-09T07:24:10.000Z","volume":8000,"label":" ","price":16.58},{"type":"A","date":"2018-04-09T07:24:21.000Z","volume":10000,"label":" ","price":16.58},{"type":"U","date":"2018-04-09T07:24:21.000Z","volume":2000,"label":"X","price":16.57},{"type":"A","date":"2018-04-09T07:24:22.000Z","volume":2000,"label":" ","price":16.58},{"type":"A","date":"2018-04-09T07:24:22.000Z","volume":10000,"label":" ","price":16.58},{"type":"A","date":"2018-04-09T07:24:25.000Z","volume":2000,"label":" ","price":16.6},{"type":"A","date":"2018-04-09T07:24:33.000Z","volume":6000,"label":"Y","price":16.6},{"type":"A","date":"2018-04-09T07:24:33.000Z","volume":30000,"label":" ","price":16.6},{"type":"U","date":"2018-04-09T07:24:33.000Z","volume":2000,"label":"X","price":16.6},{"type":"U","date":"2018-04-09T07:24:33.000Z","volume":2000,"label":"X","price":16.6},{"type":"A","date":"2018-04-09T07:24:38.000Z","volume":4000,"label":" ","price":16.62},{"type":"U","date":"2018-04-09T07:24:38.000Z","volume":2000,"label":"X","price":16.62},{"type":"B","date":"2018-04-09T07:24:42.000Z","volume":14000,"label":" ","price":16.6},{"type":"B","date":"2018-04-09T07:24:58.000Z","volume":10000,"label":" ","price":16.58}