[{"type":"U","date":"2018-03-21T01:20:00.000Z","volume":2000,"label":"U","price":14},{"type":"A","date":"2018-03-21T01:30:02.000Z","volume":500,"label":" ","price":14},{"type":"A","date":"2018-03-21T01:30:02.000Z","volume":1500,"label":" ","price":14.02},{"type":"B","date":"2018-03-21T01:31:08.000Z","volume":500,"label":" ","price":14.24},{"type":"B","date":"2018-03-21T01:31:08.000Z","volume":2500,"label":" ","price":14.22},{"type":"B","date":"2018-03-21T01:31:08.000Z","volume":500,"label":" ","price":14.24},{"type":"U","date":"2018-03-21T01:31:23.000Z","volume":500,"label":" ","price":14.22},{"type":"U","date":"2018-03-21T01:31:23.000Z","volume":1000,"label":" ","price":14.22},{"type":"U","date":"2018-03-21T01:31:24.000Z","volume":8000,"label":" ","price":14.26},{"type":"U","date":"2018-03-21T01:31:27.000Z","volume":3000,"label":" ","price":14.26},{"type":"A","date":"2018-03-21T01:31:28.000Z","volume":500,"label":" ","price":14.4},{"type":"A","date":"2018-03-21T01:31:28.000Z","volume":1000,"label":"Y","price":14.5},{"type":"A","date":"2018-03-21T01:31:28.000Z","volume":2500,"label":" ","price":14.5},{"type":"U","date":"2018-03-21T01:31:28.000Z","volume":2000,"label":" ","price":14.4},{"type":"B","date":"2018-03-21T01:31:39.000Z","volume":14500,"label":" ","price":14.3},{"type":"B","date":"2018-03-21T01:31:39.000Z","volume":5000,"label":" ","price":14.3},{"type":"B","date":"2018-03-21T01:31:39.000Z","volume":1500,"label":" ","price":14.3},{"type":"U","date":"2018-03-21T01:31:39.000Z","volume":500,"label":" ","price":14.38},{"type":"U","date":"2018-03-21T01:31:39.000Z","volume":500,"label":" ","price":14.46},{"type":"U","date":"2018-03-21T01:31:40.000Z","volume":1500,"label":" ","price":14.32},{"type":"B","date":"2018-03-21T01:31:40.000Z","volume":2000,"label":" ","price":14.2},{"type":"A","date":"2018-03-21T01:31:57.000Z","volume":20000,"label":" ","price":14.3},{"type":"B","date":"2018-03-21T01:32:06.000Z","volume":2000,"label":" ","price":14.14},{"type":"A","date":"2018-03-21T01:32:35.000Z","volume":1500,"label":" ","price":14.12},{"type":"U","date":"2018-03-21T01:32:44.000Z","volume":13500,"label":" ","price":14.1},{"type":"A","date":"2018-03-21T01:32:44.000Z","volume":1000,"label":" ","price":14.12},{"type":"B","date":"2018-03-21T01:33:32.000Z","volume":500,"label":" ","price":14.1},{"type":"B","date":"2018-03-21T01:33:54.000Z","volume":1000,"label":" ","price":14.1},{"type":"A","date":"2018-03-21T01:35:24.000Z","volume":500,"label":" ","price":14.12},{"type":"A","date":"2018-03-21T01:35:25.000Z","volume":2000,"label":" ","price":14.12},{"type":"A","date":"2018-03-21T01:35:57.000Z","volume":3500,"label":" ","price":14.12},{"type":"A","date":"2018-03-21T01:36:02.000Z","volume":3500,"label":" ","price":14.12},{"type":"A","date":"2018-03-21T01:36:02.000Z","volume":1000,"label":" ","price":14.14},{"type":"A","date":"2018-03-21T01:36:10.000Z","volume":500,"label":" ","price":14.16},{"type":"B","date":"2018-03-21T01:36:16.000Z","volume":1000,"label":"Y","price":14.16},{"type":"B","date":"2018-03-21T01:37:29.000Z","volume":4500,"label":" ","price":14.16},{"type":"A","date":"2018-03-21T01:37:42.000Z","volume":1000,"label":"Y","price":14.18},{"type":"B","date":"2018-03-21T01:37:46.000Z","volume":1500,"label":" ","price":14.14},{"type":"B","date":"2018-03-21T01:37:47.000Z","volume":500,"label":" ","price":14.12},{"type":"A","date":"2018-03-21T01:37:52.000Z","volume":20000,"label":" ","price":14.18},{"type":"A","date":"2018-03-21T01:41:51.000Z","volume":5000,"label":" ","price":14.18},{"type":"B","date":"2018-03-21T01:41:53.000Z","volume":6500,"label":" ","price":14.12},{"type":"B","date":"2018-03-21T01:41:53.000Z","volume":24000,"label":" ","price":14.1},{"type":"U","date":"2018-03-21T01:41:53.000Z","volume":1000,"label":" ","price":14.12},{"type":"B","date":"2018-03-21T01:41:53.000Z","volume":12500,"label":" ","price":14.1},{"type":"B","date":"2018-03-21T01:41:56.000Z","volume":1500,"label":" ","price":14.04},{"type":"A","date":"2018-03-21T01:42:02.000Z","volume":1500,"label":" ","price":14.1},{"type":"B","date":"2018-03-21T01:42:06.000Z","volume":1500,"label":" ","price":14.02},{"type":"B","date":"2018-03-21T01:42:06.000Z","volume":1000,"label":" ","price":14},{"type":"B","date":"2018-03-21T01:42:07.000Z","volume":4500,"label":" ","price":14},{"type":"B","date":"2018-03-21T01:42:07.000Z","volume":500,"label":" ","price":13.98},{"type":"B","date":"2018-03-21T01:42:10.000Z","volume":1000,"label":" ","price":13.98},{"type":"B","date":"2018-03-21T01:42:12.000Z","volume":1000,"label":" ","price":13.98},{"type":"B","date":"2018-03-21T01:43:17.000Z","volume":5500,"label":" ","price":13.96},{"type":"B","date":"2018-03-21T01:43:17.000Z","volume":2000,"label":" ","price":13.94},{"type":"B","date":"2018-03-21T01:43:27.000Z","volume":500,"label":" ","price":13.88},{"type":"A","date":"2018-03-21T01:44:18.000Z","volume":8000,"label":" ","price":13.84},{"type":"A","date":"2018-03-21T01:44:18.000Z","volume":3000,"label":" ","price":13.84},{"type":"A","date":"2018-03-21T01:44:18.000Z","volume":6500,"label":" ","price":13.86},{"type":"A","date":"2018-03-21T01:44:18.000Z","volume":3000,"label":" ","price":13.86},{"type":"B","date":"2018-03-21T01:44:18.000Z","volume":1500,"label":" ","price":13.86},{"type":"B","date":"2018-03-21T01:44:20.000Z","volume":1000,"label":"Y","price":13.84},{"type":"A","date":"2018-03-21T01:44:32.000Z","volume":1000,"label":" ","price":13.86},{"type":"A","date":"2018-03-21T01:44:37.000Z","volume":22000,"label":" ","price":13.86},{"type":"A","date":"2018-03-21T01:44:37.000Z","volume":500,"label":" ","price":13.9},{"type":"B","date":"2018-03-21T01:44:37.000Z","volume":500,"label":" ","price":13.88},{"type":"B","date":"2018-03-21T01:46:36.000Z","volume":500,"label":"Y","price":13.88},{"type":"A","date":"2018-03-21T01:47:05.000Z","volume":2000,"label":" ","price":13.92},{"type":"B","date":"2018-03-21T01:47:06.000Z","volume":7500,"label":" ","price":13.88},{"type":"A","date":"2018-03-21T01:47:08.000Z","volume":3500,"label":" ","price":13.9},{"type":"A","date":"2018-03-21T01:47:08.000Z","volume":500,"label":" ","price":13.94},{"type":"B","date":"2018-03-21T01:47:17.000Z","volume":1500,"label":" ","price":13.94},{"type":"B","date":"2018-03-21T01:47:43.000Z","volume":17500,"label":" ","price":13.92},{"type":"B","date":"2018-03-21T01:47:44.000Z","volume":1000,"label":" ","price":13.88},{"type":"B","date":"2018-03-21T01:48:53.000Z","volume":2000,"label":" ","price":13.86},{"type":"A","date":"2018-03-21T01:48:59.000Z","volume":1000,"label":" ","price":13.84},{"type":"B","date":"2018-03-21T01:49:33.000Z","volume":4000,"label":" ","price":13.76},{"type":"B","date":"2018-03-21T01:49:33.000Z","volume":13000,"label":" ","price":13.72},{"type":"B","date":"2018-03-21T01:50:15.000Z","volume":20000,"label":" ","price":13.78},{"type":"A","date":"2018-03-21T01:50:24.000Z","volume":2000,"label":" ","price":13.82},{"type":"A","date":"2018-03-21T01:50:24.000Z","volume":2000,"label":" ","price":13.82},{"type":"A","date":"2018-03-21T01:50:24.000Z","volume":7000,"label":" ","price":13.84},{"type":"A","date":"2018-03-21T01:50:26.000Z","volume":5500,"label":" ","price":13.86},{"type":"B","date":"2018-03-21T01:50:36.000Z","volume":1500,"label":" ","price":13.86},{"type":"B","date":"2018-03-21T01:50:41.000Z","volume":6000,"label":" ","price":13.82},{"type":"B","date":"2018-03-21T01:50:50.000Z","volume":8000,"label":" ","price":13.82},{"type":"A","date":"2018-03-21T01:50:56.000Z","volume":500,"label":" ","price":13.8},{"type":"A","date":"2018-03-21T01:50:56.000Z","volume":1500,"label":" ","price":13.8},{"type":"B","date":"2018-03-21T01:51:50.000Z","volume":6500,"label":" ","price":13.82},{"type":"B","date":"2018-03-21T01:51:50.000Z","volume":23500,"label":" ","price":13.8},{"type":"A","date":"2018-03-21T01:53:24.000Z","volume":1500,"label":" ","price":13.9},{"type":"A","date":"2018-03-21T01:53:24.000Z","volume":500,"label":" ","price":13.96},{"type":"B","date":"2018-03-21T01:53:35.000Z","volume":3000,"label":" ","price":13.9},{"type":"A","date":"2018-03-21T01:53:49.000Z","volume":1000,"label":" ","price":13.9},{"type":"A","date":"2018-03-21T01:55:20.000Z","volume":20000,"label":" ","price":14.02},{"type":"A","date":"2018-03-21T01:56:46.000Z","volume":3000,"label":" ","price":14},{"type":"A","date":"2018-03-21T01:56:46.000Z","volume":4500,"label":" ","price":14.02},{"type":"U","date":"2018-03-21T01:56:48.000Z","volume":1500,"label":" ","price":14.04},{"type":"U","date":"2018-03-21T01:56:48.000Z","volume":500,"label":" ","price":14.04},{"type":"B","date":"2018-03-21T01:56:52.000Z","volume":2500,"label":" ","price":14.02},{"type":"B","date":"2018-03-21T01:56:52.000Z","volume":500,"label":" ","price":13.98},{"type":"B","date":"2018-03-21T01:56:52.000Z","volume":4000,"label":" ","price":13.94},{"type":"B","date":"2018-03-21T01:56:52.000Z","volume":2500,"label":" ","price":13.92},{"type":"B","date":"2018-03-21T01:56:52.000Z","volume":20500,"label":" ","price":13.9},{"type":"B","date":"2018-03-21T01:56:52.000Z","volume":1000,"label":" ","price":14},{"type":"A","date":"2018-03-21T01:59:37.000Z","volume":20000,"label":" ","price":13.98},{"type":"A","date":"2018-03-21T02:00:04.000Z","volume":10000,"label":" ","price":13.98},{"type":"A","date":"2018-03-21T02:00:04.000Z","volume":2500,"label":" ","price":13.98},{"type":"B","date":"2018-03-21T02:00:26.000Z","volume":4500,"label":" ","price":13.94},{"type":"B","date":"2018-03-21T02:00:26.000Z","volume":15500,"label":" ","price":13.92},{"type":"B","date":"2018-03-21T02:00:26.000Z","volume":1000,"label":" ","price":13.92},{"type":"B","date":"2018-03-21T02:00:28.000Z","volume":500,"label":" ","price":13.92},{"type":"A","date":"2018-03-21T02:01:29.000Z","volume":8000,"label":" ","price":13.96},{"type":"A","date":"2018-03-21T02:01:29.000Z","volume":22000,"label":" ","price":13.96},{"type":"A","date":"2018-03-21T02:01:29.000Z","volume":1500,"label":" ","price":13.96},{"type":"B","date":"2018-03-21T02:02:40.000Z","volume":1500,"label":" ","price":13.9},{"type":"B","date":"2018-03-21T02:02:57.000Z","volume":500,"label":" ","price":13.9},{"type":"B","date":"2018-03-21T02:02:57.000Z","volume":1500,"label":" ","price":13.88},{"type":"B","date":"2018-03-21T02:03:14.000Z","volume":1000,"label":" ","price":13.86},{"type":"B","date":"2018-03-21T02:04:24.000Z","volume":2500,"label":" ","price":13.84},{"type":"B","date":"2018-03-21T02:04:24.000Z","volume":1000,"label":" ","price":13.82},{"type":"B","date":"2018-03-21T02:04:24.000Z","volume":4000,"label":" ","price":13.8},{"type":"B","date":"2018-03-21T02:04:24.000Z","volume":20000,"label":" ","price":13.78},{"type":"B","date":"2018-03-21T02:04:24.000Z","volume":2500,"label":" ","price":13.78},{"type":"A","date":"2018-03-21T02:05:14.000Z","volume":7500,"label":" ","price":13.82},{"type":"A","date":"2018-03-21T02:05:14.000Z","volume":4000,"label":" ","price":13.86},{"type":"A","date":"2018-03-21T02:05:35.000Z","volume":4000,"label":" ","price":13.88},{"type":"A","date":"2018-03-21T02:05:37.000Z","volume":500,"label":" ","price":13.9},{"type":"A","date":"2018-03-21T02:05:40.000Z","volume":2000,"label":" ","price":13.94},{"type":"B","date":"2018-03-21T02:06:18.000Z","volume":3500,"label":" ","price":13.92},{"type":"B","date":"2018-03-21T02:06:33.000Z","volume":1500,"label":" ","price":13.92},{"type":"B","date":"2018-03-21T02:06:33.000Z","volume":500,"label":" ","price":13.9},{"type":"B","date":"2018-03-21T02:06:33.000Z","volume":500,"label":" ","price":13.88},{"type":"B","date":"2018-03-21T02:06:33.000Z","volume":10000,"label":" ","price":13.86},{"type":"A","date":"2018-03-21T02:06:38.000Z","volume":4000,"label":" ","price":13.86},{"type":"A","date":"2018-03-21T02:07:33.000Z","volume":1000,"label":" ","price":13.92},{"type":"A","date":"2018-03-21T02:08:03.000Z","volume":1500,"label":" ","price":13.94},{"type":"A","date":"2018-03-21T02:08:03.000Z","volume":500,"label":" ","price":13.96},{"type":"A","date":"2018-03-21T02:08:03.000Z","volume":18000,"label":" ","price":13.98},{"type":"B","date":"2018-03-21T02:09:09.000Z","volume":1000,"label":" ","price":13.92},{"type":"B","date":"2018-03-21T02:09:09.000Z","volume":7000,"label":" ","price":13.9},{"type":"B","date":"2018-03-21T02:09:09.000Z","volume":500,"label":" ","price":13.88},{"type":"B","date":"2018-03-21T02:09:09.000Z","volume":12500,"label":" ","price":13.86},{"type":"A","date":"2018-03-21T02:13:08.000Z","volume":8000,"label":" ","price":13.94},{"type":"B","date":"2018-03-21T02:13:25.000Z","volume":42500,"label":" ","price":13.94},{"type":"B","date":"2018-03-21T02:13:38.000Z","volume":3500,"label":" ","price":13.9},{"type":"U","date":"2018-03-21T02:14:26.000Z","volume":500,"label":" ","price":13.88},{"type":"B","date":"2018-03-21T02:15:29.000Z","volume":1000,"label":" ","price":13.86},{"type":"B","date":"2018-03-21T02:15:31.000Z","volume":1000,"label":" ","price":13.84},{"type":"U","date":"2018-03-21T02:15:31.000Z","volume":1000,"label":" ","price":13.84},{"type":"U","date":"2018-03-21T02:15:53.000Z","volume":1000,"label":" ","price":13.84},{"type":"U","date":"2018-03-21T02:15:53.000Z","volume":2500,"label":" ","price":13.84},{"type":"B","date":"2018-03-21T02:15:54.000Z","volume":1000,"label":" ","price":13.82},{"type":"U","date":"2018-03-21T02:15:54.000Z","volume":1000,"label":" ","price":13.82},{"type":"B","date":"2018-03-21T02:15:55.000Z","volume":2000,"label":" ","price":13.8},{"type":"A","date":"2018-03-21T02:16:02.000Z","volume":1000,"label":" ","price":13.82},{"type":"A","date":"2018-03-21T02:16:02.000Z","volume":5000,"label":" ","price":13.82},{"type":"A","date":"2018-03-21T02:16:02.000Z","volume":4000,"label":" ","price":13.82},{"type":"B","date":"2018-03-21T02:16:15.000Z","volume":23500,"label":" ","price":13.82},{"type":"A","date":"2018-03-21T02:16:18.000Z","volume":2000,"label":" ","price":13.82},{"type":"A","date":"2018-03-21T02:16:19.000Z","volume":500,"label":" ","price":13.82},{"type":"A","date":"2018-03-21T02:16:19.000Z","volume":1500,"label":" ","price":13.82},{"type":"A","date":"2018-03-21T02:16:19.000Z","volume":500,"label":" ","price":13.82},{"type":"A","date":"2018-03-21T02:16:19.000Z","volume":1500,"label":" ","price":13.82},{"type":"A","date":"2018-03-21T02:16:19.000Z","volume":1000,"label":" ","price":13.82},{"type":"A","date":"2018-03-21T02:16:19.000Z","volume":500,"label":" ","price":13.82},{"type":"A","date":"2018-03-21T02:16:19.000Z","volume":500,"label":" ","price":13.82},{"type":"A","date":"2018-03-21T02:16:19.000Z","volume":500,"label":" ","price":13.82},{"type":"A","date":"2018-03-21T02:16:19.000Z","volume":1500,"label":" ","price":13.82},{"type":"A","date":"2018-03-21T02:16:26.000Z","volume":500,"label":" ","price":13.82},{"type":"A","date":"2018-03-21T02:16:26.000Z","volume":500,"label":" ","price":13.82},{"type":"A","date":"2018-03-21T02:16:27.000Z","volume":500,"label":" ","price":13.82},{"type":"A","date":"2018-03-21T02:16:27.000Z","volume":500,"label":" ","price":13.82},{"type":"A","date":"2018-03-21T02:16:27.000Z","volume":500,"label":" ","price":13.82},{"type":"A","date":"2018-03-21T02:16:27.000Z","volume":500,"label":" ","price":13.82},{"type":"U","date":"2018-03-21T02:16:31.000Z","volume":1500,"label":" ","price":13.8},{"type":"A","date":"2018-03-21T02:16:42.000Z","volume":500,"label":" ","price":13.8},{"type":"A","date":"2018-03-21T02:16:43.000Z","volume":1000,"label":" ","price":13.82},{"type":"A","date":"2018-03-21T02:16:51.000Z","volume":500,"label":" ","price":13.82},{"type":"A","date":"2018-03-21T02:17:12.000Z","volume":11000,"label":" ","price":13.82},{"type":"B","date":"2018-03-21T02:18:57.000Z","volume":2000,"label":" ","price":13.8},{"type":"B","date":"2018-03-21T02:18:57.000Z","volume":53000,"label":" ","price":13.78},{"type":"B","date":"2018-03-21T02:19:06.000Z","volume":500,"label":" ","price":13.82},{"type":"B","date":"2018-03-21T02:19:57.000Z","volume":3000,"label":" ","price":13.82},{"type":"B","date":"2018-03-21T02:19:57.000Z","volume":37000,"label":" ","price":13.8},{"type":"B","date":"2018-03-21T02:20:44.000Z","volume":12000,"label":" ","price":13.8},{"type":"B","date":"2018-03-21T02:21:26.000Z","volume":10000,"label":" ","price":13.8},{"type":"B","date":"2018-03-21T02:21:50.000Z","volume":1000,"label":" ","price":13.82},{"type":"B","date":"2018-03-21T02:23:23.000Z","volume":1500,"label":" ","price":13.82},{"type":"B","date":"2018-03-21T02:23:23.000Z","volume":2000,"label":" ","price":13.8},{"type":"B","date":"2018-03-21T02:23:23.000Z","volume":16000,"label":" ","price":13.78},{"type":"B","date":"2018-03-21T02:23:23.000Z","volume":500,"label":" ","price":13.78},{"type":"B","date":"2018-03-21T02:27:33.000Z","volume":500,"label":" ","price":13.78},{"type":"A","date":"2018-03-21T02:27:40.000Z","volume":500,"label":"Y","price":13.78},{"type":"A","date":"2018-03-21T02:27:40.000Z","volume":500,"label":"Y","price":13.78},{"type":"A","date":"2018-03-21T02:27:40.000Z","volume":500,"label":"Y","price":13.78},{"type":"A","date":"2018-03-21T02:27:40.000Z","volume":500,"label":"Y","price":13.78},{"type":"A","date":"2018-03-21T02:27:40.000Z","volume":500,"label":"Y","price":13.78},{"type":"A","date":"2018-03-21T02:27:40.000Z","volume":500,"label":"Y","price":13.78},{"type":"A","date":"2018-03-21T02:27:40.000Z","volume":500,"label":" ","price":13.78},{"type":"B","date":"2018-03-21T02:28:31.000Z","volume":5500,"label":" ","price":13.78},{"type":"B","date":"2018-03-21T02:28:36.000Z","volume":1500,"label":" ","price":13.8},{"type":"B","date":"2018-03-21T02:28:36.000Z","volume":24500,"label":" ","price":13.78},{"type":"B","date":"2018-03-21T02:28:36.000Z","volume":1500,"label":" ","price":13.78},{"type":"A","date":"2018-03-21T02:28:44.000Z","volume":1500,"label":" ","price":13.78},{"type":"A","date":"2018-03-21T02:28:44.000Z","volume":2500,"label":"Y","price":13.78},{"type":"B","date":"2018-03-21T02:30:05.000Z","volume":12000,"label":" ","price":13.8},{"type":"A","date":"2018-03-21T02:30:13.000Z","volume":500,"label":" ","price":13.84},{"type":"B","date":"2018-03-21T02:30:18.000Z","volume":2500,"label":" ","price":13.82},{"type":"B","date":"2018-03-21T02:30:53.000Z","volume":3500,"label":" ","price":13.82},{"type":"A","date":"2018-03-21T02:30:53.000Z","volume":500,"label":" ","price":13.82},{"type":"A","date":"2018-03-21T02:31:00.000Z","volume":500,"label":" ","price":13.82},{"type":"A","date":"2018-03-21T02:31:00.000Z","volume":500,"label":" ","price":13.82},{"type":"A","date":"2018-03-21T02:31:00.000Z","volume":500,"label":" ","price":13.82},{"type":"B","date":"2018-03-21T02:31:01.000Z","volume":1500,"label":"Y","price":13.82},{"type":"A","date":"2018-03-21T02:31:35.000Z","volume":2000,"label":" ","price":13.84},{"type":"B","date":"2018-03-21T02:31:42.000Z","volume":3500,"label":" ","price":13.84},{"type":"A","date":"2018-03-21T02:32:08.000Z","volume":15000,"label":" ","price":13.84},{"type":"B","date":"2018-03-21T02:34:57.000Z","volume":1500,"label":" ","price":13.8},{"type":"B","date":"2018-03-21T02:34:57.000Z","volume":1500,"label":" ","price":13.78},{"type":"B","date":"2018-03-21T02:34:57.000Z","volume":20000,"label":" ","price":13.76},{"type":"A","date":"2018-03-21T02:35:41.000Z","volume":500,"label":" ","price":13.82},{"type":"A","date":"2018-03-21T02:35:41.000Z","volume":500,"label":" ","price":13.82},{"type":"A","date":"2018-03-21T02:35:41.000Z","volume":500,"label":" ","price":13.82},{"type":"A","date":"2018-03-21T02:35:42.000Z","volume":500,"label":" ","price":13.82},{"type":"A","date":"2018-03-21T02:35:42.000Z","volume":500,"label":" ","price":13.82},{"type":"A","date":"2018-03-21T02:35:42.000Z","volume":500,"label":" ","price":13.82},{"type":"A","date":"2018-03-21T02:35:42.000Z","volume":500,"label":" ","price":13.82},{"type":"A","date":"2018-03-21T02:36:10.000Z","volume":15000,"label":" ","price":13.84},{"type":"A","date":"2018-03-21T02:41:17.000Z","volume":8500,"label":" ","price":13.84},{"type":"A","date":"2018-03-21T02:41:17.000Z","volume":2500,"label":" ","price":13.86},{"type":"B","date":"2018-03-21T02:41:28.000Z","volume":1500,"label":" ","price":13.84},{"type":"B","date":"2018-03-21T02:41:28.000Z","volume":4000,"label":" ","price":13.8},{"type":"A","date":"2018-03-21T02:41:33.000Z","volume":500,"label":" ","price":13.8},{"type":"A","date":"2018-03-21T02:41:33.000Z","volume":500,"label":" ","price":13.8},{"type":"A","date":"2018-03-21T02:41:33.000Z","volume":500,"label":" ","price":13.8},{"type":"A","date":"2018-03-21T02:41:33.000Z","volume":1000,"label":" ","price":13.8},{"type":"A","date":"2018-03-21T02:41:33.000Z","volume":1000,"label":" ","price":13.8},{"type":"A","date":"2018-03-21T02:41:33.000Z","volume":1000,"label":" ","price":13.8},{"type":"A","date":"2018-03-21T02:41:33.000Z","volume":500,"label":" ","price":13.8},{"type":"A","date":"2018-03-21T02:41:34.000Z","volume":1500,"label":" ","price":13.8},{"type":"A","date":"2018-03-21T02:41:34.000Z","volume":1000,"label":" ","price":13.8},{"type":"A","date":"2018-03-21T02:41:34.000Z","volume":1000,"label":" ","price":13.8},{"type":"B","date":"2018-03-21T02:42:25.000Z","volume":10000,"label":" ","price":13.8},{"type":"A","date":"2018-03-21T02:42:29.000Z","volume":500,"label":" ","price":13.8},{"type":"A","date":"2018-03-21T02:42:29.000Z","volume":500,"label":" ","price":13.8},{"type":"A","date":"2018-03-21T02:42:29.000Z","volume":500,"label":" ","price":13.8},{"type":"A","date":"2018-03-21T02:42:37.000Z","volume":500,"label":" ","price":13.8},{"type":"A","date":"2018-03-21T02:42:37.000Z","volume":500,"label":" ","price":13.8},{"type":"A","date":"2018-03-21T02:42:45.000Z","volume":500,"label":" ","price":13.8},{"type":"A","date":"2018-03-21T02:42:45.000Z","volume":500,"label":" ","price":13.8},{"type":"A","date":"2018-03-21T02:42:45.000Z","volume":500,"label":" ","price":13.8},{"type":"A","date":"2018-03-21T02:42:45.000Z","volume":6000,"label":" ","price":13.8},{"type":"A","date":"2018-03-21T02:42:53.000Z","volume":500,"label":" ","price":13.82},{"type":"B","date":"2018-03-21T02:43:34.000Z","volume":1500,"label":" ","price":13.82},{"type":"A","date":"2018-03-21T02:43:41.000Z","volume":500,"label":" ","price":13.82},{"type":"A","date":"2018-03-21T02:43:49.000Z","volume":500,"label":" ","price":13.82},{"type":"A","date":"2018-03-21T02:45:20.000Z","volume":9500,"label":" ","price":13.82},{"type":"A","date":"2018-03-21T02:45:20.000Z","volume":24000,"label":" ","price":13.84},{"type":"B","date":"2018-03-21T02:45:20.000Z","volume":500,"label":" ","price":13.84},{"type":"B","date":"2018-03-21T02:45:29.000Z","volume":2000,"label":" ","price":13.84},{"type":"B","date":"2018-03-21T02:47:12.000Z","volume":500,"label":" ","price":13.84},{"type":"B","date":"2018-03-21T02:47:12.000Z","volume":19500,"label":" ","price":13.8},{"type":"B","date":"2018-03-21T02:48:59.000Z","volume":1000,"label":" ","price":13.82},{"type":"B","date":"2018-03-21T02:48:59.000Z","volume":9000,"label":" ","price":13.8},{"type":"B","date":"2018-03-21T02:49:45.000Z","volume":1500,"label":"Y","price":13.8},{"type":"A","date":"2018-03-21T02:49:45.000Z","volume":1500,"label":" ","price":13.8},{"type":"A","date":"2018-03-21T02:49:45.000Z","volume":2000,"label":" ","price":13.8},{"type":"A","date":"2018-03-21T02:52:51.000Z","volume":500,"label":" ","price":13.84},{"type":"A","date":"2018-03-21T02:53:10.000Z","volume":2500,"label":" ","price":13.84},{"type":"A","date":"2018-03-21T02:54:31.000Z","volume":32500,"label":" ","price":13.84},{"type":"A","date":"2018-03-21T02:55:26.000Z","volume":1000,"label":" ","price":13.86},{"type":"B","date":"2018-03-21T02:56:41.000Z","volume":2000,"label":"Y","price":13.84},{"type":"B","date":"2018-03-21T02:56:41.000Z","volume":1500,"label":" ","price":13.84},{"type":"B","date":"2018-03-21T02:56:41.000Z","volume":32500,"label":" ","price":13.8},{"type":"B","date":"2018-03-21T02:56:43.000Z","volume":1000,"label":" ","price":13.82},{"type":"A","date":"2018-03-21T02:56:47.000Z","volume":3500,"label":" ","price":13.82},{"type":"A","date":"2018-03-21T02:56:47.000Z","volume":2000,"label":" ","price":13.84},{"type":"A","date":"2018-03-21T02:57:40.000Z","volume":2000,"label":" ","price":13.86},{"type":"A","date":"2018-03-21T02:59:25.000Z","volume":1500,"label":" ","price":13.86},{"type":"A","date":"2018-03-21T02:59:25.000Z","volume":8500,"label":" ","price":13.88},{"type":"A","date":"2018-03-21T03:05:40.000Z","volume":20000,"label":" ","price":13.86},{"type":"A","date":"2018-03-21T03:05:40.000Z","volume":1500,"label":" ","price":13.86},{"type":"B","date":"2018-03-21T03:07:58.000Z","volume":500,"label":" ","price":13.84},{"type":"A","date":"2018-03-21T03:08:00.000Z","volume":500,"label":" ","price":13.86},{"type":"A","date":"2018-03-21T03:10:24.000Z","volume":500,"label":" ","price":13.86},{"type":"B","date":"2018-03-21T03:10:52.000Z","volume":1000,"label":" ","price":13.84},{"type":"B","date":"2018-03-21T03:14:19.000Z","volume":7000,"label":" ","price":13.82},{"type":"B","date":"2018-03-21T03:14:25.000Z","volume":4000,"label":" ","price":13.8},{"type":"B","date":"2018-03-21T03:14:25.000Z","volume":6000,"label":" ","price":13.78},{"type":"A","date":"2018-03-21T03:14:25.000Z","volume":500,"label":" ","price":13.8},{"type":"A","date":"2018-03-21T03:14:37.000Z","volume":500,"label":" ","price":13.8},{"type":"A","date":"2018-03-21T03:14:37.000Z","volume":500,"label":" ","price":13.8},{"type":"U","date":"2018-03-21T03:15:22.000Z","volume":500,"label":" ","price":13.78},{"type":"A","date":"2018-03-21T03:16:22.000Z","volume":6000,"label":" ","price":13.8},{"type":"B","date":"2018-03-21T03:16:22.000Z","volume":500,"label":" ","price":13.8},{"type":"A","date":"2018-03-21T03:16:24.000Z","volume":500,"label":" ","price":13.84},{"type":"A","date":"2018-03-21T03:17:21.000Z","volume":20000,"label":" ","price":13.84},{"type":"A","date":"2018-03-21T03:17:23.000Z","volume":1500,"label":" ","price":13.84},{"type":"A","date":"2018-03-21T03:17:55.000Z","volume":10000,"label":" ","price":13.84},{"type":"A","date":"2018-03-21T03:17:57.000Z","volume":1000,"label":" ","price":13.86},{"type":"A","date":"2018-03-21T03:18:58.000Z","volume":500,"label":" ","price":13.84},{"type":"A","date":"2018-03-21T03:19:01.000Z","volume":500,"label":" ","price":13.84},{"type":"A","date":"2018-03-21T03:19:06.000Z","volume":500,"label":" ","price":13.84},{"type":"A","date":"2018-03-21T03:20:25.000Z","volume":2500,"label":" ","price":13.86},{"type":"A","date":"2018-03-21T03:20:25.000Z","volume":1500,"label":" ","price":13.88},{"type":"A","date":"2018-03-21T03:20:27.000Z","volume":500,"label":" ","price":13.88},{"type":"B","date":"2018-03-21T03:21:29.000Z","volume":2000,"label":" ","price":13.86},{"type":"A","date":"2018-03-21T03:23:24.000Z","volume":500,"label":" ","price":13.88},{"type":"B","date":"2018-03-21T03:24:25.000Z","volume":2000,"label":" ","price":13.84},{"type":"A","date":"2018-03-21T03:25:59.000Z","volume":11000,"label":" ","price":13.86},{"type":"A","date":"2018-03-21T03:25:59.000Z","volume":13000,"label":" ","price":13.86},{"type":"A","date":"2018-03-21T03:26:01.000Z","volume":500,"label":" ","price":13.88},{"type":"B","date":"2018-03-21T03:27:24.000Z","volume":7000,"label":"Y","price":13.86},{"type":"B","date":"2018-03-21T03:27:24.000Z","volume":500,"label":" ","price":13.86},{"type":"A","date":"2018-03-21T03:32:01.000Z","volume":20000,"label":" ","price":13.86},{"type":"A","date":"2018-03-21T03:32:04.000Z","volume":1500,"label":" ","price":13.86},{"type":"A","date":"2018-03-21T03:32:05.000Z","volume":10000,"label":" ","price":13.86},{"type":"A","date":"2018-03-21T03:32:05.000Z","volume":1000,"label":" ","price":13.86},{"type":"A","date":"2018-03-21T03:32:06.000Z","volume":500,"label":" ","price":13.86},{"type":"A","date":"2018-03-21T03:32:08.000Z","volume":500,"label":" ","price":13.88},{"type":"B","date":"2018-03-21T03:34:30.000Z","volume":7500,"label":" ","price":13.84},{"type":"A","date":"2018-03-21T03:35:01.000Z","volume":2000,"label":" ","price":13.84},{"type":"A","date":"2018-03-21T03:35:01.000Z","volume":2500,"label":" ","price":13.86},{"type":"A","date":"2018-03-21T03:35:01.000Z","volume":35500,"label":" ","price":13.88},{"type":"A","date":"2018-03-21T03:37:58.000Z","volume":5000,"label":" ","price":13.86},{"type":"B","date":"2018-03-21T03:44:53.000Z","volume":3500,"label":" ","price":13.86},{"type":"B","date":"2018-03-21T03:46:46.000Z","volume":11000,"label":" ","price":13.84},{"type":"B","date":"2018-03-21T03:49:16.000Z","volume":11000,"label":" ","price":13.82},{"type":"B","date":"2018-03-21T03:49:16.000Z","volume":10000,"label":"Y","price":13.8},{"type":"B","date":"2018-03-21T03:49:16.000Z","volume":2500,"label":" ","price":13.8},{"type":"A","date":"2018-03-21T03:49:17.000Z","volume":5000,"label":" ","price":13.84},{"type":"A","date":"2018-03-21T03:49:17.000Z","volume":500,"label":" ","price":13.84},{"type":"A","date":"2018-03-21T03:52:44.000Z","volume":11500,"label":" ","price":13.84},{"type":"A","date":"2018-03-21T03:52:44.000Z","volume":1000,"label":" ","price":13.86},{"type":"A","date":"2018-03-21T03:52:44.000Z","volume":1000,"label":" ","price":13.86},{"type":"A","date":"2018-03-21T03:54:18.000Z","volume":40000,"label":" ","price":13.86},{"type":"A","date":"2018-03-21T03:54:18.000Z","volume":1000,"label":" ","price":13.86},{"type":"A","date":"2018-03-21T03:54:21.000Z","volume":3500,"label":" ","price":13.88},{"type":"A","date":"2018-03-21T03:55:09.000Z","volume":3000,"label":" ","price":13.88},{"type":"A","date":"2018-03-21T03:55:10.000Z","volume":500,"label":" ","price":13.88},{"type":"B","date":"2018-03-21T03:56:17.000Z","volume":1500,"label":" ","price":13.86},{"type":"A","date":"2018-03-21T05:04:05.000Z","volume":1000,"label":" ","price":13.9},{"type":"A","date":"2018-03-21T05:04:05.000Z","volume":500,"label":"Y","price":13.9},{"type":"A","date":"2018-03-21T05:04:05.000Z","volume":10000,"label":" ","price":13.9},{"type":"A","date":"2018-03-21T05:04:08.000Z","volume":1000,"label":" ","price":13.9},{"type":"A","date":"2018-03-21T05:04:19.000Z","volume":13500,"label":" ","price":13.9},{"type":"A","date":"2018-03-21T05:04:19.000Z","volume":1500,"label":" ","price":13.92},{"type":"A","date":"2018-03-21T05:04:32.000Z","volume":500,"label":"Y","price":13.96},{"type":"B","date":"2018-03-21T05:05:12.000Z","volume":500,"label":" ","price":13.96},{"type":"B","date":"2018-03-21T05:05:12.000Z","volume":1500,"label":" ","price":13.94},{"type":"A","date":"2018-03-21T05:05:17.000Z","volume":4500,"label":" ","price":13.96},{"type":"A","date":"2018-03-21T05:05:17.000Z","volume":1500,"label":" ","price":13.98},{"type":"B","date":"2018-03-21T05:05:56.000Z","volume":1500,"label":"Y","price":13.92},{"type":"B","date":"2018-03-21T05:05:56.000Z","volume":1000,"label":" ","price":13.92},{"type":"A","date":"2018-03-21T05:05:59.000Z","volume":1000,"label":" ","price":13.92},{"type":"A","date":"2018-03-21T05:06:05.000Z","volume":500,"label":" ","price":13.92},{"type":"A","date":"2018-03-21T05:06:05.000Z","volume":12500,"label":" ","price":13.98},{"type":"B","date":"2018-03-21T05:06:10.000Z","volume":500,"label":" ","price":13.9},{"type":"A","date":"2018-03-21T05:06:18.000Z","volume":32000,"label":" ","price":13.98},{"type":"A","date":"2018-03-21T05:06:18.000Z","volume":8000,"label":" ","price":13.98},{"type":"A","date":"2018-03-21T05:06:32.000Z","volume":3500,"label":" ","price":13.98},{"type":"A","date":"2018-03-21T05:06:32.000Z","volume":2000,"label":" ","price":14},{"type":"B","date":"2018-03-21T05:06:39.000Z","volume":16500,"label":" ","price":13.98},{"type":"B","date":"2018-03-21T05:06:40.000Z","volume":1000,"label":" ","price":13.96},{"type":"A","date":"2018-03-21T05:07:34.000Z","volume":2000,"label":" ","price":13.96},{"type":"B","date":"2018-03-21T05:10:42.000Z","volume":10000,"label":" ","price":13.96},{"type":"B","date":"2018-03-21T05:10:44.000Z","volume":500,"label":" ","price":13.92},{"type":"A","date":"2018-03-21T05:11:29.000Z","volume":3500,"label":" ","price":13.92},{"type":"A","date":"2018-03-21T05:11:29.000Z","volume":500,"label":" ","price":13.96},{"type":"A","date":"2018-03-21T05:11:29.000Z","volume":16000,"label":" ","price":13.98},{"type":"A","date":"2018-03-21T05:11:29.000Z","volume":10000,"label":" ","price":13.98},{"type":"A","date":"2018-03-21T05:15:32.000Z","volume":8000,"label":" ","price":13.98},{"type":"B","date":"2018-03-21T05:15:33.000Z","volume":500,"label":" ","price":13.98},{"type":"A","date":"2018-03-21T05:17:24.000Z","volume":500,"label":"Y","price":13.98},{"type":"A","date":"2018-03-21T05:25:23.000Z","volume":500,"label":" ","price":13.98},{"type":"B","date":"2018-03-21T05:28:38.000Z","volume":8500,"label":" ","price":13.9},{"type":"B","date":"2018-03-21T05:30:38.000Z","volume":2000,"label":"Y","price":13.88},{"type":"B","date":"2018-03-21T05:30:38.000Z","volume":3000,"label":" ","price":13.88},{"type":"B","date":"2018-03-21T05:36:28.000Z","volume":2000,"label":" ","price":13.86},{"type":"B","date":"2018-03-21T05:36:28.000Z","volume":9000,"label":" ","price":13.84},{"type":"A","date":"2018-03-21T05:36:59.000Z","volume":7500,"label":" ","price":13.86},{"type":"B","date":"2018-03-21T05:38:04.000Z","volume":2500,"label":" ","price":13.82},{"type":"A","date":"2018-03-21T05:38:05.000Z","volume":2000,"label":" ","price":13.82},{"type":"B","date":"2018-03-21T05:43:50.000Z","volume":34500,"label":" ","price":13.8},{"type":"B","date":"2018-03-21T05:43:50.000Z","volume":500,"label":" ","price":13.78},{"type":"B","date":"2018-03-21T05:48:24.000Z","volume":2000,"label":" ","price":13.8},{"type":"B","date":"2018-03-21T05:48:24.000Z","volume":2000,"label":" ","price":13.78},{"type":"B","date":"2018-03-21T05:48:24.000Z","volume":13000,"label":" ","price":13.76},{"type":"B","date":"2018-03-21T05:52:08.000Z","volume":1000,"label":" ","price":13.78},{"type":"B","date":"2018-03-21T05:52:15.000Z","volume":1000,"label":" ","price":13.76},{"type":"A","date":"2018-03-21T05:52:16.000Z","volume":7000,"label":" ","price":13.8},{"type":"A","date":"2018-03-21T05:52:16.000Z","volume":8500,"label":" ","price":13.8},{"type":"A","date":"2018-03-21T05:52:16.000Z","volume":4000,"label":" ","price":13.8},{"type":"A","date":"2018-03-21T05:52:16.000Z","volume":1000,"label":" ","price":13.8},{"type":"U","date":"2018-03-21T05:52:16.000Z","volume":16500,"label":" ","price":13.8},{"type":"U","date":"2018-03-21T05:52:16.000Z","volume":6000,"label":" ","price":13.8},{"type":"U","date":"2018-03-21T05:52:16.000Z","volume":7500,"label":" ","price":13.8},{"type":"A","date":"2018-03-21T05:52:17.000Z","volume":4500,"label":" ","price":13.82},{"type":"A","date":"2018-03-21T05:52:23.000Z","volume":1500,"label":" ","price":13.82},{"type":"A","date":"2018-03-21T05:52:23.000Z","volume":2500,"label":" ","price":13.82},{"type":"A","date":"2018-03-21T05:52:25.000Z","volume":500,"label":" ","price":13.84},{"type":"A","date":"2018-03-21T05:52:25.000Z","volume":6500,"label":" ","price":13.84},{"type":"A","date":"2018-03-21T05:52:28.000Z","volume":500,"label":" ","price":13.86},{"type":"B","date":"2018-03-21T05:53:04.000Z","volume":5000,"label":" ","price":13.82},{"type":"B","date":"2018-03-21T05:53:04.000Z","volume":5500,"label":" ","price":13.8},{"type":"B","date":"2018-03-21T05:53:04.000Z","volume":500,"label":" ","price":13.78},{"type":"A","date":"2018-03-21T05:53:11.000Z","volume":1000,"label":" ","price":13.8},{"type":"A","date":"2018-03-21T05:53:11.000Z","volume":1000,"label":" ","price":13.8},{"type":"A","date":"2018-03-21T05:53:11.000Z","volume":500,"label":" ","price":13.8},{"type":"A","date":"2018-03-21T05:53:12.000Z","volume":2500,"label":" ","price":13.8},{"type":"A","date":"2018-03-21T05:53:12.000Z","volume":2000,"label":" ","price":13.8},{"type":"A","date":"2018-03-21T05:53:12.000Z","volume":1000,"label":" ","price":13.8},{"type":"A","date":"2018-03-21T05:53:12.000Z","volume":1500,"label":" ","price":13.8},{"type":"A","date":"2018-03-21T05:53:12.000Z","volume":2000,"label":" ","price":13.8},{"type":"A","date":"2018-03-21T05:53:12.000Z","volume":3000,"label":" ","price":13.8},{"type":"A","date":"2018-03-21T05:53:12.000Z","volume":1000,"label":" ","price":13.8},{"type":"B","date":"2018-03-21T05:53:19.000Z","volume":2000,"label":" ","price":13.76},{"type":"A","date":"2018-03-21T05:53:19.000Z","volume":500,"label":" ","price":13.8},{"type":"A","date":"2018-03-21T05:53:19.000Z","volume":500,"label":" ","price":13.8},{"type":"A","date":"2018-03-21T05:53:19.000Z","volume":500,"label":" ","price":13.8},{"type":"A","date":"2018-03-21T05:53:19.000Z","volume":500,"label":" ","price":13.8},{"type":"A","date":"2018-03-21T05:53:19.000Z","volume":500,"label":" ","price":13.8},{"type":"A","date":"2018-03-21T05:53:19.000Z","volume":500,"label":" ","price":13.8},{"type":"A","date":"2018-03-21T05:53:19.000Z","volume":500,"label":" ","price":13.8},{"type":"A","date":"2018-03-21T05:53:19.000Z","volume":500,"label":" ","price":13.8},{"type":"A","date":"2018-03-21T05:53:27.000Z","volume":500,"label":" ","price":13.8},{"type":"A","date":"2018-03-21T05:53:39.000Z","volume":32000,"label":" ","price":13.8},{"type":"A","date":"2018-03-21T05:56:31.000Z","volume":500,"label":" ","price":13.8},{"type":"A","date":"2018-03-21T05:56:31.000Z","volume":500,"label":" ","price":13.8},{"type":"A","date":"2018-03-21T05:56:31.000Z","volume":500,"label":" ","price":13.8},{"type":"A","date":"2018-03-21T05:56:31.000Z","volume":1000,"label":" ","price":13.8},{"type":"A","date":"2018-03-21T05:56:31.000Z","volume":1000,"label":" ","price":13.8},{"type":"A","date":"2018-03-21T05:56:32.000Z","volume":500,"label":" ","price":13.8},{"type":"A","date":"2018-03-21T05:56:32.000Z","volume":1000,"label":" ","price":13.8},{"type":"A","date":"2018-03-21T05:56:32.000Z","volume":1000,"label":" ","price":13.8},{"type":"A","date":"2018-03-21T05:56:32.000Z","volume":1000,"label":" ","price":13.8},{"type":"A","date":"2018-03-21T05:56:48.000Z","volume":500,"label":" ","price":13.8},{"type":"A","date":"2018-03-21T05:57:37.000Z","volume":40000,"label":" ","price":13.8},{"type":"A","date":"2018-03-21T05:57:39.000Z","volume":500,"label":" ","price":13.8},{"type":"A","date":"2018-03-21T05:57:45.000Z","volume":1500,"label":" ","price":13.78},{"type":"A","date":"2018-03-21T05:57:45.000Z","volume":3500,"label":" ","price":13.8},{"type":"A","date":"2018-03-21T05:57:45.000Z","volume":500,"label":" ","price":13.8},{"type":"A","date":"2018-03-21T05:57:52.000Z","volume":1000,"label":" ","price":13.8},{"type":"A","date":"2018-03-21T05:57:52.000Z","volume":500,"label":" ","price":13.8},{"type":"A","date":"2018-03-21T05:57:52.000Z","volume":500,"label":" ","price":13.8},{"type":"A","date":"2018-03-21T05:57:52.000Z","volume":500,"label":" ","price":13.8},{"type":"A","date":"2018-03-21T05:57:52.000Z","volume":500,"label":" ","price":13.8},{"type":"A","date":"2018-03-21T05:57:52.000Z","volume":1500,"label":" ","price":13.8},{"type":"A","date":"2018-03-21T05:57:52.000Z","volume":500,"label":" ","price":13.8},{"type":"A","date":"2018-03-21T05:57:53.000Z","volume":1000,"label":" ","price":13.8},{"type":"A","date":"2018-03-21T05:57:53.000Z","volume":1500,"label":" ","price":13.8},{"type":"A","date":"2018-03-21T05:57:53.000Z","volume":1500,"label":" ","price":13.8},{"type":"A","date":"2018-03-21T05:57:54.000Z","volume":500,"label":" ","price":13.8},{"type":"A","date":"2018-03-21T05:58:00.000Z","volume":500,"label":" ","price":13.8},{"type":"A","date":"2018-03-21T05:58:01.000Z","volume":500,"label":" ","price":13.8},{"type":"A","date":"2018-03-21T05:58:01.000Z","volume":500,"label":" ","price":13.8},{"type":"A","date":"2018-03-21T05:58:01.000Z","volume":500,"label":" ","price":13.8},{"type":"A","date":"2018-03-21T05:58:01.000Z","volume":500,"label":" ","price":13.8},{"type":"A","date":"2018-03-21T05:58:02.000Z","volume":500,"label":" ","price":13.8},{"type":"A","date":"2018-03-21T05:58:02.000Z","volume":500,"label":" ","price":13.8},{"type":"A","date":"2018-03-21T05:58:16.000Z","volume":500,"label":" ","price":13.8},{"type":"A","date":"2018-03-21T05:58:58.000Z","volume":1000,"label":" ","price":13.8},{"type":"B","date":"2018-03-21T05:59:18.000Z","volume":500,"label":" ","price":13.76},{"type":"B","date":"2018-03-21T06:00:17.000Z","volume":1000,"label":" ","price":13.76},{"type":"B","date":"2018-03-21T06:02:11.000Z","volume":13000,"label":" ","price":13.78},{"type":"A","date":"2018-03-21T06:02:20.000Z","volume":500,"label":" ","price":13.8},{"type":"A","date":"2018-03-21T06:02:20.000Z","volume":500,"label":" ","price":13.8},{"type":"A","date":"2018-03-21T06:02:20.000Z","volume":500,"label":" ","price":13.8},{"type":"A","date":"2018-03-21T06:02:20.000Z","volume":500,"label":" ","price":13.8},{"type":"A","date":"2018-03-21T06:02:20.000Z","volume":500,"label":" ","price":13.8},{"type":"A","date":"2018-03-21T06:02:21.000Z","volume":500,"label":" ","price":13.8},{"type":"A","date":"2018-03-21T06:02:36.000Z","volume":500,"label":" ","price":13.8},{"type":"A","date":"2018-03-21T06:02:36.000Z","volume":500,"label":" ","price":13.8},{"type":"B","date":"2018-03-21T06:03:28.000Z","volume":4500,"label":" ","price":13.76},{"type":"A","date":"2018-03-21T06:03:33.000Z","volume":500,"label":"Y","price":13.76},{"type":"A","date":"2018-03-21T06:03:33.000Z","volume":500,"label":"Y","price":13.76},{"type":"B","date":"2018-03-21T06:09:35.000Z","volume":2500,"label":" ","price":13.74},{"type":"B","date":"2018-03-21T06:09:35.000Z","volume":1500,"label":" ","price":13.74},{"type":"B","date":"2018-03-21T06:09:35.000Z","volume":1500,"label":" ","price":13.72},{"type":"B","date":"2018-03-21T06:09:40.000Z","volume":2500,"label":" ","price":13.72},{"type":"A","date":"2018-03-21T06:09:42.000Z","volume":500,"label":" ","price":13.72},{"type":"A","date":"2018-03-21T06:09:42.000Z","volume":500,"label":" ","price":13.72},{"type":"A","date":"2018-03-21T06:09:42.000Z","volume":500,"label":" ","price":13.72},{"type":"A","date":"2018-03-21T06:09:42.000Z","volume":500,"label":" ","price":13.72},{"type":"B","date":"2018-03-21T06:09:49.000Z","volume":10000,"label":" ","price":13.7},{"type":"B","date":"2018-03-21T06:09:49.000Z","volume":2000,"label":" ","price":13.7},{"type":"A","date":"2018-03-21T06:09:50.000Z","volume":500,"label":" ","price":13.72},{"type":"A","date":"2018-03-21T06:09:51.000Z","volume":500,"label":" ","price":13.72},{"type":"U","date":"2018-03-21T06:09:51.000Z","volume":500,"label":" ","price":13.72},{"type":"A","date":"2018-03-21T06:09:54.000Z","volume":500,"label":" ","price":13.76},{"type":"A","date":"2018-03-21T06:09:58.000Z","volume":500,"label":"Y","price":13.76},{"type":"A","date":"2018-03-21T06:09:58.000Z","volume":500,"label":"Y","price":13.76},{"type":"A","date":"2018-03-21T06:09:58.000Z","volume":500,"label":"Y","price":13.76},{"type":"A","date":"2018-03-21T06:09:58.000Z","volume":500,"label":"Y","price":13.76},{"type":"A","date":"2018-03-21T06:10:06.000Z","volume":500,"label":"Y","price":13.76},{"type":"B","date":"2018-03-21T06:11:16.000Z","volume":20000,"label":" ","price":13.68},{"type":"B","date":"2018-03-21T06:11:16.000Z","volume":4000,"label":" ","price":13.68},{"type":"A","date":"2018-03-21T06:11:26.000Z","volume":500,"label":" ","price":13.7},{"type":"A","date":"2018-03-21T06:11:26.000Z","volume":500,"label":" ","price":13.7},{"type":"A","date":"2018-03-21T06:11:26.000Z","volume":500,"label":" ","price":13.7},{"type":"A","date":"2018-03-21T06:11:26.000Z","volume":1000,"label":" ","price":13.7},{"type":"A","date":"2018-03-21T06:11:26.000Z","volume":1000,"label":" ","price":13.7},{"type":"A","date":"2018-03-21T06:11:26.000Z","volume":500,"label":" ","price":13.7},{"type":"A","date":"2018-03-21T06:11:27.000Z","volume":500,"label":" ","price":13.7},{"type":"A","date":"2018-03-21T06:11:34.000Z","volume":500,"label":" ","price":13.7},{"type":"A","date":"2018-03-21T06:11:34.000Z","volume":500,"label":" ","price":13.7},{"type":"U","date":"2018-03-21T06:11:44.000Z","volume":1000,"label":" ","price":13.68},{"type":"B","date":"2018-03-21T06:13:34.000Z","volume":1000,"label":" ","price":13.62},{"type":"A","date":"2018-03-21T06:13:42.000Z","volume":500,"label":" ","price":13.66},{"type":"A","date":"2018-03-21T06:13:42.000Z","volume":500,"label":" ","price":13.66},{"type":"B","date":"2018-03-21T06:13:45.000Z","volume":1000,"label":" ","price":13.6},{"type":"A","date":"2018-03-21T06:13:48.000Z","volume":3000,"label":" ","price":13.64},{"type":"A","date":"2018-03-21T06:13:48.000Z","volume":12000,"label":" ","price":13.66},{"type":"A","date":"2018-03-21T06:13:50.000Z","volume":1000,"label":" ","price":13.66},{"type":"A","date":"2018-03-21T06:13:58.000Z","volume":500,"label":" ","price":13.66},{"type":"A","date":"2018-03-21T06:13:58.000Z","volume":1000,"label":" ","price":13.66},{"type":"A","date":"2018-03-21T06:13:58.000Z","volume":500,"label":" ","price":13.66},{"type":"A","date":"2018-03-21T06:13:58.000Z","volume":500,"label":" ","price":13.66},{"type":"A","date":"2018-03-21T06:13:58.000Z","volume":500,"label":" ","price":13.66},{"type":"A","date":"2018-03-21T06:13:58.000Z","volume":500,"label":" ","price":13.66},{"type":"A","date":"2018-03-21T06:14:00.000Z","volume":500,"label":" ","price":13.66},{"type":"A","date":"2018-03-21T06:14:06.000Z","volume":500,"label":" ","price":13.66},{"type":"B","date":"2018-03-21T06:17:15.000Z","volume":2500,"label":" ","price":13.58},{"type":"A","date":"2018-03-21T06:17:27.000Z","volume":500,"label":" ","price":13.58},{"type":"A","date":"2018-03-21T06:18:57.000Z","volume":500,"label":" ","price":13.56},{"type":"B","date":"2018-03-21T06:19:30.000Z","volume":1500,"label":" ","price":13.56},{"type":"A","date":"2018-03-21T06:19:43.000Z","volume":1000,"label":" ","price":13.58},{"type":"A","date":"2018-03-21T06:19:51.000Z","volume":500,"label":" ","price":13.58},{"type":"A","date":"2018-03-21T06:19:52.000Z","volume":500,"label":" ","price":13.58},{"type":"A","date":"2018-03-21T06:20:10.000Z","volume":500,"label":" ","price":13.58},{"type":"A","date":"2018-03-21T06:20:10.000Z","volume":39500,"label":" ","price":13.6},{"type":"A","date":"2018-03-21T06:20:12.000Z","volume":1000,"label":" ","price":13.6},{"type":"A","date":"2018-03-21T06:20:15.000Z","volume":2500,"label":" ","price":13.64},{"type":"A","date":"2018-03-21T06:20:31.000Z","volume":500,"label":" ","price":13.66},{"type":"A","date":"2018-03-21T06:20:31.000Z","volume":500,"label":" ","price":13.66},{"type":"A","date":"2018-03-21T06:20:47.000Z","volume":500,"label":" ","price":13.66},{"type":"A","date":"2018-03-21T06:20:56.000Z","volume":2000,"label":" ","price":13.66},{"type":"B","date":"2018-03-21T06:21:05.000Z","volume":15000,"label":" ","price":13.66},{"type":"B","date":"2018-03-21T06:21:05.000Z","volume":5000,"label":" ","price":13.66},{"type":"A","date":"2018-03-21T06:21:19.000Z","volume":500,"label":" ","price":13.66},{"type":"A","date":"2018-03-21T06:21:19.000Z","volume":500,"label":" ","price":13.66},{"type":"A","date":"2018-03-21T06:21:19.000Z","volume":1000,"label":" ","price":13.66},{"type":"A","date":"2018-03-21T06:21:19.000Z","volume":1000,"label":" ","price":13.66},{"type":"A","date":"2018-03-21T06:21:19.000Z","volume":500,"label":" ","price":13.66},{"type":"A","date":"2018-03-21T06:21:19.000Z","volume":500,"label":" ","price":13.66},{"type":"A","date":"2018-03-21T06:21:19.000Z","volume":500,"label":" ","price":13.66},{"type":"A","date":"2018-03-21T06:21:19.000Z","volume":500,"label":" ","price":13.66},{"type":"A","date":"2018-03-21T06:21:27.000Z","volume":500,"label":" ","price":13.66},{"type":"B","date":"2018-03-21T06:22:20.000Z","volume":500,"label":" ","price":13.6},{"type":"U","date":"2018-03-21T06:22:22.000Z","volume":500,"label":" ","price":13.6},{"type":"A","date":"2018-03-21T06:23:21.000Z","volume":19000,"label":" ","price":13.62},{"type":"A","date":"2018-03-21T06:23:23.000Z","volume":1500,"label":" ","price":13.64},{"type":"A","date":"2018-03-21T06:23:28.000Z","volume":500,"label":" ","price":13.64},{"type":"A","date":"2018-03-21T06:23:28.000Z","volume":500,"label":" ","price":13.64},{"type":"A","date":"2018-03-21T06:23:36.000Z","volume":500,"label":"Y","price":13.68},{"type":"A","date":"2018-03-21T06:23:36.000Z","volume":500,"label":"Y","price":13.68},{"type":"A","date":"2018-03-21T06:23:36.000Z","volume":500,"label":"Y","price":13.68},{"type":"A","date":"2018-03-21T06:23:44.000Z","volume":500,"label":"Y","price":13.68},{"type":"A","date":"2018-03-21T06:26:45.000Z","volume":3000,"label":"Y","price":13.68},{"type":"A","date":"2018-03-21T06:26:45.000Z","volume":3000,"label":" ","price":13.68},{"type":"A","date":"2018-03-21T06:26:48.000Z","volume":500,"label":" ","price":13.68},{"type":"A","date":"2018-03-21T06:26:51.000Z","volume":2000,"label":" ","price":13.68},{"type":"A","date":"2018-03-21T06:26:54.000Z","volume":500,"label":" ","price":13.74},{"type":"A","date":"2018-03-21T06:26:56.000Z","volume":500,"label":" ","price":13.74},{"type":"A","date":"2018-03-21T06:26:56.000Z","volume":500,"label":" ","price":13.74},{"type":"A","date":"2018-03-21T06:26:56.000Z","volume":500,"label":" ","price":13.74},{"type":"A","date":"2018-03-21T06:27:05.000Z","volume":500,"label":" ","price":13.74},{"type":"U","date":"2018-03-21T06:27:48.000Z","volume":1000,"label":" ","price":13.68},{"type":"A","date":"2018-03-21T06:27:54.000Z","volume":1000,"label":" ","price":13.68},{"type":"A","date":"2018-03-21T06:27:54.000Z","volume":3000,"label":" ","price":13.7},{"type":"A","date":"2018-03-21T06:27:56.000Z","volume":500,"label":" ","price":13.72},{"type":"A","date":"2018-03-21T06:28:08.000Z","volume":500,"label":" ","price":13.72},{"type":"A","date":"2018-03-21T06:28:09.000Z","volume":500,"label":" ","price":13.72},{"type":"A","date":"2018-03-21T06:28:19.000Z","volume":15000,"label":" ","price":13.72},{"type":"A","date":"2018-03-21T06:28:19.000Z","volume":24000,"label":" ","price":13.72},{"type":"A","date":"2018-03-21T06:28:19.000Z","volume":1000,"label":" ","price":13.72},{"type":"A","date":"2018-03-21T06:28:19.000Z","volume":1000,"label":" ","price":13.72},{"type":"A","date":"2018-03-21T06:28:21.000Z","volume":2500,"label":" ","price":13.74},{"type":"A","date":"2018-03-21T06:28:33.000Z","volume":500,"label":" ","price":13.74},{"type":"A","date":"2018-03-21T06:28:33.000Z","volume":1000,"label":" ","price":13.74},{"type":"A","date":"2018-03-21T06:28:33.000Z","volume":1000,"label":" ","price":13.74},{"type":"A","date":"2018-03-21T06:28:33.000Z","volume":500,"label":" ","price":13.74},{"type":"A","date":"2018-03-21T06:28:33.000Z","volume":500,"label":" ","price":13.74},{"type":"A","date":"2018-03-21T06:28:33.000Z","volume":500,"label":" ","price":13.74},{"type":"A","date":"2018-03-21T06:28:34.000Z","volume":1500,"label":" ","price":13.74},{"type":"A","date":"2018-03-21T06:28:34.000Z","volume":1000,"label":" ","price":13.74},{"type":"A","date":"2018-03-21T06:28:34.000Z","volume":500,"label":" ","price":13.74},{"type":"U","date":"2018-03-21T06:28:34.000Z","volume":1500,"label":" ","price":13.74},{"type":"A","date":"2018-03-21T06:28:34.000Z","volume":500,"label":" ","price":13.76},{"type":"A","date":"2018-03-21T06:28:36.000Z","volume":500,"label":" ","price":13.76},{"type":"B","date":"2018-03-21T06:28:44.000Z","volume":6500,"label":" ","price":13.62},{"type":"B","date":"2018-03-21T06:28:44.000Z","volume":21500,"label":" ","price":13.6},{"type":"A","date":"2018-03-21T06:28:44.000Z","volume":500,"label":" ","price":13.6},{"type":"A","date":"2018-03-21T06:28:49.000Z","volume":500,"label":" ","price":13.6},{"type":"A","date":"2018-03-21T06:28:49.000Z","volume":500,"label":" ","price":13.6},{"type":"A","date":"2018-03-21T06:28:50.000Z","volume":500,"label":" ","price":13.6},{"type":"A","date":"2018-03-21T06:28:50.000Z","volume":500,"label":" ","price":13.6},{"type":"A","date":"2018-03-21T06:28:53.000Z","volume":5500,"label":" ","price":13.6},{"type":"A","date":"2018-03-21T06:29:06.000Z","volume":500,"label":" ","price":13.72},{"type":"A","date":"2018-03-21T06:29:06.000Z","volume":500,"label":" ","price":13.72},{"type":"A","date":"2018-03-21T06:29:06.000Z","volume":500,"label":" ","price":13.72},{"type":"A","date":"2018-03-21T06:29:06.000Z","volume":500,"label":" ","price":13.72},{"type":"A","date":"2018-03-21T06:29:07.000Z","volume":500,"label":" ","price":13.72},{"type":"A","date":"2018-03-21T06:30:28.000Z","volume":15000,"label":" ","price":13.66},{"type":"A","date":"2018-03-21T06:30:29.000Z","volume":1000,"label":" ","price":13.66},{"type":"A","date":"2018-03-21T06:30:41.000Z","volume":500,"label":" ","price":13.66},{"type":"A","date":"2018-03-21T06:30:41.000Z","volume":500,"label":" ","price":13.66},{"type":"A","date":"2018-03-21T06:30:42.000Z","volume":500,"label":" ","price":13.66},{"type":"A","date":"2018-03-21T06:30:42.000Z","volume":500,"label":" ","price":13.66},{"type":"A","date":"2018-03-21T06:30:42.000Z","volume":500,"label":" ","price":13.66},{"type":"A","date":"2018-03-21T06:30:44.000Z","volume":500,"label":" ","price":13.66},{"type":"A","date":"2018-03-21T06:30:49.000Z","volume":500,"label":" ","price":13.66},{"type":"B","date":"2018-03-21T06:31:33.000Z","volume":500,"label":" ","price":13.6},{"type":"A","date":"2018-03-21T06:32:41.000Z","volume":4000,"label":" ","price":13.6},{"type":"B","date":"2018-03-21T06:32:42.000Z","volume":29000,"label":" ","price":13.6},{"type":"A","date":"2018-03-21T06:32:58.000Z","volume":1000,"label":" ","price":13.68},{"type":"A","date":"2018-03-21T06:32:58.000Z","volume":500,"label":" ","price":13.68},{"type":"A","date":"2018-03-21T06:32:58.000Z","volume":1500,"label":" ","price":13.68},{"type":"U","date":"2018-03-21T06:32:58.000Z","volume":500,"label":" ","price":13.68},{"type":"U","date":"2018-03-21T06:32:58.000Z","volume":500,"label":" ","price":13.68},{"type":"U","date":"2018-03-21T06:32:58.000Z","volume":500,"label":" ","price":13.68},{"type":"B","date":"2018-03-21T06:32:58.000Z","volume":1000,"label":" ","price":13.68},{"type":"B","date":"2018-03-21T06:32:58.000Z","volume":2000,"label":" ","price":13.68},{"type":"A","date":"2018-03-21T06:33:05.000Z","volume":500,"label":" ","price":13.72},{"type":"A","date":"2018-03-21T06:33:05.000Z","volume":500,"label":" ","price":13.72},{"type":"A","date":"2018-03-21T06:33:06.000Z","volume":500,"label":" ","price":13.72},{"type":"B","date":"2018-03-21T06:34:21.000Z","volume":8500,"label":" ","price":13.58},{"type":"B","date":"2018-03-21T06:34:21.000Z","volume":11000,"label":" ","price":13.56},{"type":"B","date":"2018-03-21T06:34:21.000Z","volume":1000,"label":" ","price":13.58},{"type":"B","date":"2018-03-21T06:34:21.000Z","volume":1000,"label":" ","price":13.54},{"type":"A","date":"2018-03-21T06:34:33.000Z","volume":500,"label":" ","price":13.58},{"type":"A","date":"2018-03-21T06:34:33.000Z","volume":500,"label":" ","price":13.58},{"type":"A","date":"2018-03-21T06:34:33.000Z","volume":500,"label":" ","price":13.58},{"type":"A","date":"2018-03-21T06:34:33.000Z","volume":500,"label":" ","price":13.58},{"type":"A","date":"2018-03-21T06:34:33.000Z","volume":500,"label":" ","price":13.58},{"type":"A","date":"2018-03-21T06:34:33.000Z","volume":500,"label":" ","price":13.58},{"type":"B","date":"2018-03-21T06:34:34.000Z","volume":1000,"label":" ","price":13.58},{"type":"B","date":"2018-03-21T06:34:34.000Z","volume":1000,"label":" ","price":13.58},{"type":"A","date":"2018-03-21T06:34:41.000Z","volume":500,"label":" ","price":13.6},{"type":"A","date":"2018-03-21T06:34:41.000Z","volume":500,"label":" ","price":13.6},{"type":"B","date":"2018-03-21T06:35:31.000Z","volume":11500,"label":" ","price":13.5},{"type":"B","date":"2018-03-21T06:35:31.000Z","volume":1000,"label":" ","price":13.42},{"type":"B","date":"2018-03-21T06:35:31.000Z","volume":500,"label":" ","price":13.4},{"type":"A","date":"2018-03-21T06:35:31.000Z","volume":7000,"label":" ","price":13.42},{"type":"A","date":"2018-03-21T06:35:44.000Z","volume":6500,"label":" ","price":13.46},{"type":"A","date":"2018-03-21T06:35:46.000Z","volume":500,"label":" ","price":13.54},{"type":"U","date":"2018-03-21T06:35:54.000Z","volume":500,"label":" ","price":13.54},{"type":"U","date":"2018-03-21T06:35:54.000Z","volume":500,"label":" ","price":13.54},{"type":"U","date":"2018-03-21T06:35:54.000Z","volume":500,"label":" ","price":13.54},{"type":"A","date":"2018-03-21T06:35:55.000Z","volume":500,"label":" ","price":13.54},{"type":"A","date":"2018-03-21T06:35:56.000Z","volume":500,"label":" ","price":13.56},{"type":"A","date":"2018-03-21T06:38:10.000Z","volume":3000,"label":" ","price":13.54},{"type":"A","date":"2018-03-21T06:38:26.000Z","volume":500,"label":" ","price":13.54},{"type":"B","date":"2018-03-21T06:38:39.000Z","volume":1000,"label":"Y","price":13.46},{"type":"A","date":"2018-03-21T06:38:40.000Z","volume":500,"label":" ","price":13.46},{"type":"A","date":"2018-03-21T06:38:43.000Z","volume":500,"label":"Y","price":13.46},{"type":"A","date":"2018-03-21T06:38:43.000Z","volume":3000,"label":" ","price":13.46},{"type":"A","date":"2018-03-21T06:38:58.000Z","volume":500,"label":" ","price":13.54},{"type":"A","date":"2018-03-21T06:38:58.000Z","volume":500,"label":" ","price":13.54},{"type":"B","date":"2018-03-21T06:39:06.000Z","volume":3000,"label":" ","price":13.46},{"type":"A","date":"2018-03-21T06:39:07.000Z","volume":500,"label":" ","price":13.46},{"type":"A","date":"2018-03-21T06:39:08.000Z","volume":4000,"label":" ","price":13.46},{"type":"A","date":"2018-03-21T06:39:08.000Z","volume":500,"label":" ","price":13.5},{"type":"A","date":"2018-03-21T06:39:08.000Z","volume":500,"label":" ","price":13.56},{"type":"A","date":"2018-03-21T06:39:23.000Z","volume":500,"label":" ","price":13.56},{"type":"A","date":"2018-03-21T06:39:23.000Z","volume":500,"label":" ","price":13.56},{"type":"A","date":"2018-03-21T06:39:55.000Z","volume":500,"label":" ","price":13.58},{"type":"A","date":"2018-03-21T06:40:07.000Z","volume":500,"label":" ","price":13.62},{"type":"B","date":"2018-03-21T06:42:54.000Z","volume":500,"label":" ","price":13.54},{"type":"B","date":"2018-03-21T06:43:15.000Z","volume":5000,"label":" ","price":13.5},{"type":"B","date":"2018-03-21T06:43:15.000Z","volume":1000,"label":" ","price":13.5},{"type":"A","date":"2018-03-21T06:43:24.000Z","volume":500,"label":" ","price":13.54},{"type":"A","date":"2018-03-21T06:43:24.000Z","volume":500,"label":" ","price":13.54},{"type":"A","date":"2018-03-21T06:43:24.000Z","volume":500,"label":" ","price":13.54},{"type":"A","date":"2018-03-21T06:43:25.000Z","volume":500,"label":" ","price":13.54},{"type":"A","date":"2018-03-21T06:43:25.000Z","volume":500,"label":" ","price":13.54},{"type":"A","date":"2018-03-21T06:43:25.000Z","volume":500,"label":" ","price":13.54},{"type":"A","date":"2018-03-21T06:43:27.000Z","volume":500,"label":" ","price":13.54},{"type":"A","date":"2018-03-21T06:43:32.000Z","volume":500,"label":" ","price":13.54},{"type":"B","date":"2018-03-21T06:45:13.000Z","volume":1000,"label":" ","price":13.46},{"type":"B","date":"2018-03-21T06:45:13.000Z","volume":500,"label":" ","price":13.44},{"type":"A","date":"2018-03-21T06:45:31.000Z","volume":500,"label":"Y","price":13.46},{"type":"A","date":"2018-03-21T06:45:32.000Z","volume":500,"label":"Y","price":13.46},{"type":"A","date":"2018-03-21T06:45:45.000Z","volume":3000,"label":" ","price":13.46},{"type":"A","date":"2018-03-21T06:45:46.000Z","volume":500,"label":" ","price":13.52},{"type":"A","date":"2018-03-21T06:45:56.000Z","volume":500,"label":" ","price":13.52},{"type":"B","date":"2018-03-21T06:47:51.000Z","volume":6000,"label":" ","price":13.4},{"type":"A","date":"2018-03-21T06:47:53.000Z","volume":500,"label":" ","price":13.46},{"type":"A","date":"2018-03-21T06:47:57.000Z","volume":500,"label":"Y","price":13.46},{"type":"A","date":"2018-03-21T06:48:20.000Z","volume":1500,"label":" ","price":13.46},{"type":"A","date":"2018-03-21T06:50:06.000Z","volume":5500,"label":" ","price":13.5},{"type":"A","date":"2018-03-21T06:50:06.000Z","volume":4500,"label":" ","price":13.5},{"type":"A","date":"2018-03-21T06:50:07.000Z","volume":1000,"label":" ","price":13.52},{"type":"U","date":"2018-03-21T06:50:12.000Z","volume":500,"label":" ","price":13.52},{"type":"U","date":"2018-03-21T06:50:12.000Z","volume":500,"label":" ","price":13.52},{"type":"U","date":"2018-03-21T06:50:13.000Z","volume":500,"label":" ","price":13.52},{"type":"A","date":"2018-03-21T06:50:13.000Z","volume":500,"label":" ","price":13.52},{"type":"A","date":"2018-03-21T06:50:13.000Z","volume":500,"label":" ","price":13.52},{"type":"A","date":"2018-03-21T06:50:20.000Z","volume":500,"label":" ","price":13.54},{"type":"U","date":"2018-03-21T06:50:46.000Z","volume":1500,"label":" ","price":13.52},{"type":"A","date":"2018-03-21T06:50:47.000Z","volume":500,"label":" ","price":13.54},{"type":"A","date":"2018-03-21T06:51:01.000Z","volume":500,"label":" ","price":13.54},{"type":"A","date":"2018-03-21T06:51:17.000Z","volume":500,"label":" ","price":13.54},{"type":"A","date":"2018-03-21T06:51:17.000Z","volume":500,"label":" ","price":13.54},{"type":"A","date":"2018-03-21T06:53:02.000Z","volume":4000,"label":" ","price":13.54},{"type":"A","date":"2018-03-21T06:53:03.000Z","volume":500,"label":" ","price":13.62},{"type":"A","date":"2018-03-21T06:53:17.000Z","volume":500,"label":" ","price":13.62},{"type":"A","date":"2018-03-21T06:53:17.000Z","volume":500,"label":" ","price":13.62},{"type":"A","date":"2018-03-21T06:53:38.000Z","volume":2000,"label":" ","price":13.58},{"type":"A","date":"2018-03-21T06:53:38.000Z","volume":28000,"label":" ","price":13.6},{"type":"A","date":"2018-03-21T06:53:39.000Z","volume":2500,"label":" ","price":13.6},{"type":"A","date":"2018-03-21T06:53:48.000Z","volume":1000,"label":" ","price":13.62},{"type":"A","date":"2018-03-21T06:53:48.000Z","volume":500,"label":" ","price":13.62},{"type":"A","date":"2018-03-21T06:53:49.000Z","volume":500,"label":" ","price":13.62},{"type":"A","date":"2018-03-21T06:53:49.000Z","volume":500,"label":" ","price":13.6},{"type":"A","date":"2018-03-21T06:53:49.000Z","volume":500,"label":" ","price":13.6},{"type":"A","date":"2018-03-21T06:53:49.000Z","volume":500,"label":" ","price":13.6},{"type":"A","date":"2018-03-21T06:53:49.000Z","volume":500,"label":" ","price":13.62},{"type":"A","date":"2018-03-21T06:53:49.000Z","volume":500,"label":" ","price":13.62},{"type":"A","date":"2018-03-21T06:53:49.000Z","volume":500,"label":" ","price":13.62},{"type":"A","date":"2018-03-21T06:53:49.000Z","volume":1000,"label":" ","price":13.62},{"type":"A","date":"2018-03-21T06:53:49.000Z","volume":1500,"label":" ","price":13.62},{"type":"A","date":"2018-03-21T06:53:50.000Z","volume":500,"label":" ","price":13.62},{"type":"A","date":"2018-03-21T06:53:57.000Z","volume":500,"label":" ","price":13.62},{"type":"A","date":"2018-03-21T06:54:10.000Z","volume":1000,"label":" ","price":13.62},{"type":"A","date":"2018-03-21T06:54:10.000Z","volume":5000,"label":" ","price":13.62},{"type":"A","date":"2018-03-21T06:54:10.000Z","volume":500,"label":" ","price":13.62},{"type":"A","date":"2018-03-21T06:54:13.000Z","volume":500,"label":" ","price":13.62},{"type":"A","date":"2018-03-21T06:54:13.000Z","volume":500,"label":" ","price":13.62},{"type":"A","date":"2018-03-21T06:54:15.000Z","volume":500,"label":" ","price":13.62},{"type":"A","date":"2018-03-21T06:54:21.000Z","volume":500,"label":" ","price":13.62},{"type":"A","date":"2018-03-21T06:54:50.000Z","volume":3500,"label":" ","price":13.6},{"type":"A","date":"2018-03-21T06:55:04.000Z","volume":10000,"label":" ","price":13.6},{"type":"A","date":"2018-03-21T06:55:06.000Z","volume":1000,"label":" ","price":13.6},{"type":"A","date":"2018-03-21T06:55:10.000Z","volume":500,"label":" ","price":13.6},{"type":"A","date":"2018-03-21T06:55:18.000Z","volume":500,"label":" ","price":13.6},{"type":"A","date":"2018-03-21T06:55:18.000Z","volume":500,"label":" ","price":13.6},{"type":"A","date":"2018-03-21T06:55:18.000Z","volume":500,"label":" ","price":13.6},{"type":"A","date":"2018-03-21T06:55:18.000Z","volume":500,"label":" ","price":13.6},{"type":"A","date":"2018-03-21T06:55:33.000Z","volume":500,"label":" ","price":13.58},{"type":"A","date":"2018-03-21T06:55:34.000Z","volume":500,"label":" ","price":13.6},{"type":"A","date":"2018-03-21T06:55:34.000Z","volume":500,"label":" ","price":13.6},{"type":"A","date":"2018-03-21T06:55:42.000Z","volume":500,"label":" ","price":13.6},{"type":"A","date":"2018-03-21T06:59:11.000Z","volume":500,"label":" ","price":13.6},{"type":"B","date":"2018-03-21T07:03:16.000Z","volume":1000,"label":"Y","price":13.56},{"type":"B","date":"2018-03-21T07:03:16.000Z","volume":4500,"label":"Y","price":13.54},{"type":"B","date":"2018-03-21T07:03:16.000Z","volume":500,"label":" ","price":13.54},{"type":"B","date":"2018-03-21T07:03:16.000Z","volume":1500,"label":" ","price":13.52},{"type":"A","date":"2018-03-21T07:03:22.000Z","volume":9500,"label":" ","price":13.54},{"type":"A","date":"2018-03-21T07:03:22.000Z","volume":2500,"label":" ","price":13.6},{"type":"A","date":"2018-03-21T07:03:23.000Z","volume":1000,"label":" ","price":13.62},{"type":"A","date":"2018-03-21T07:03:32.000Z","volume":500,"label":" ","price":13.62},{"type":"A","date":"2018-03-21T07:03:32.000Z","volume":500,"label":" ","price":13.62},{"type":"B","date":"2018-03-21T07:03:33.000Z","volume":500,"label":" ","price":13.62},{"type":"B","date":"2018-03-21T07:03:33.000Z","volume":1000,"label":" ","price":13.62},{"type":"A","date":"2018-03-21T07:03:33.000Z","volume":500,"label":" ","price":13.64},{"type":"B","date":"2018-03-21T07:03:38.000Z","volume":1000,"label":" ","price":13.62},{"type":"B","date":"2018-03-21T07:03:38.000Z","volume":8500,"label":" ","price":13.6},{"type":"B","date":"2018-03-21T07:03:40.000Z","volume":1000,"label":" ","price":13.56},{"type":"A","date":"2018-03-21T07:03:40.000Z","volume":500,"label":" ","price":13.56},{"type":"B","date":"2018-03-21T07:03:41.000Z","volume":500,"label":" ","price":13.54},{"type":"A","date":"2018-03-21T07:03:48.000Z","volume":500,"label":" ","price":13.56},{"type":"A","date":"2018-03-21T07:03:48.000Z","volume":500,"label":" ","price":13.56},{"type":"A","date":"2018-03-21T07:03:48.000Z","volume":500,"label":" ","price":13.56},{"type":"A","date":"2018-03-21T07:03:48.000Z","volume":500,"label":" ","price":13.56},{"type":"A","date":"2018-03-21T07:03:48.000Z","volume":500,"label":" ","price":13.56},{"type":"A","date":"2018-03-21T07:03:50.000Z","volume":500,"label":" ","price":13.6},{"type":"B","date":"2018-03-21T07:04:05.000Z","volume":1000,"label":"Y","price":13.56},{"type":"B","date":"2018-03-21T07:04:05.000Z","volume":2000,"label":" ","price":13.56},{"type":"B","date":"2018-03-21T07:10:36.000Z","volume":1000,"label":" ","price":13.5},{"type":"A","date":"2018-03-21T07:10:38.000Z","volume":500,"label":" ","price":13.5},{"type":"B","date":"2018-03-21T07:10:55.000Z","volume":1000,"label":" ","price":13.48},{"type":"A","date":"2018-03-21T07:13:11.000Z","volume":2000,"label":" ","price":13.5},{"type":"B","date":"2018-03-21T07:13:12.000Z","volume":19000,"label":" ","price":13.5},{"type":"B","date":"2018-03-21T07:13:13.000Z","volume":10000,"label":" ","price":13.5},{"type":"A","date":"2018-03-21T07:13:13.000Z","volume":1500,"label":" ","price":13.56},{"type":"B","date":"2018-03-21T07:13:23.000Z","volume":4000,"label":" ","price":13.5},{"type":"A","date":"2018-03-21T07:13:25.000Z","volume":1000,"label":" ","price":13.5},{"type":"A","date":"2018-03-21T07:13:25.000Z","volume":500,"label":" ","price":13.56},{"type":"A","date":"2018-03-21T07:13:25.000Z","volume":500,"label":" ","price":13.56},{"type":"A","date":"2018-03-21T07:13:25.000Z","volume":500,"label":" ","price":13.56},{"type":"A","date":"2018-03-21T07:13:25.000Z","volume":500,"label":" ","price":13.56},{"type":"A","date":"2018-03-21T07:13:25.000Z","volume":1000,"label":" ","price":13.56},{"type":"A","date":"2018-03-21T07:13:25.000Z","volume":500,"label":" ","price":13.56},{"type":"A","date":"2018-03-21T07:13:25.000Z","volume":1000,"label":" ","price":13.56},{"type":"A","date":"2018-03-21T07:13:25.000Z","volume":1000,"label":" ","price":13.56},{"type":"A","date":"2018-03-21T07:13:25.000Z","volume":1000,"label":" ","price":13.56},{"type":"B","date":"2018-03-21T07:14:13.000Z","volume":22000,"label":" ","price":13.48},{"type":"A","date":"2018-03-21T07:14:19.000Z","volume":500,"label":" ","price":13.54},{"type":"A","date":"2018-03-21T07:14:19.000Z","volume":500,"label":" ","price":13.54},{"type":"A","date":"2018-03-21T07:14:19.000Z","volume":500,"label":" ","price":13.54},{"type":"A","date":"2018-03-21T07:14:19.000Z","volume":1000,"label":" ","price":13.54},{"type":"A","date":"2018-03-21T07:14:19.000Z","volume":500,"label":" ","price":13.54},{"type":"A","date":"2018-03-21T07:14:19.000Z","volume":500,"label":" ","price":13.54},{"type":"A","date":"2018-03-21T07:14:19.000Z","volume":500,"label":" ","price":13.54},{"type":"A","date":"2018-03-21T07:14:27.000Z","volume":500,"label":" ","price":13.54},{"type":"A","date":"2018-03-21T07:14:27.000Z","volume":500,"label":" ","price":13.54},{"type":"B","date":"2018-03-21T07:15:58.000Z","volume":1500,"label":" ","price":13.46},{"type":"B","date":"2018-03-21T07:15:58.000Z","volume":3500,"label":" ","price":13.44},{"type":"A","date":"2018-03-21T07:16:03.000Z","volume":500,"label":" ","price":13.54},{"type":"A","date":"2018-03-21T07:16:03.000Z","volume":500,"label":" ","price":13.54},{"type":"A","date":"2018-03-21T07:16:03.000Z","volume":500,"label":" ","price":13.54},{"type":"A","date":"2018-03-21T07:16:03.000Z","volume":500,"label":" ","price":13.54},{"type":"A","date":"2018-03-21T07:16:11.000Z","volume":500,"label":" ","price":13.54},{"type":"A","date":"2018-03-21T07:16:11.000Z","volume":500,"label":" ","price":13.54},{"type":"A","date":"2018-03-21T07:17:04.000Z","volume":30000,"label":" ","price":13.52},{"type":"A","date":"2018-03-21T07:17:05.000Z","volume":1500,"label":" ","price":13.54},{"type":"A","date":"2018-03-21T07:17:15.000Z","volume":500,"label":" ","price":13.54},{"type":"A","date":"2018-03-21T07:17:15.000Z","volume":1000,"label":" ","price":13.54},{"type":"A","date":"2018-03-21T07:17:15.000Z","volume":1000,"label":" ","price":13.54},{"type":"A","date":"2018-03-21T07:17:15.000Z","volume":500,"label":" ","price":13.54},{"type":"A","date":"2018-03-21T07:17:15.000Z","volume":500,"label":" ","price":13.54},{"type":"A","date":"2018-03-21T07:17:15.000Z","volume":1000,"label":" ","price":13.54},{"type":"A","date":"2018-03-21T07:17:15.000Z","volume":500,"label":" ","price":13.54},{"type":"A","date":"2018-03-21T07:17:17.000Z","volume":500,"label":" ","price":13.56},{"type":"A","date":"2018-03-21T07:17:23.000Z","volume":500,"label":" ","price":13.54},{"type":"A","date":"2018-03-21T07:17:23.000Z","volume":500,"label":" ","price":13.54},{"type":"A","date":"2018-03-21T07:17:25.000Z","volume":500,"label":" ","price":13.54},{"type":"A","date":"2018-03-21T07:17:31.000Z","volume":500,"label":" ","price":13.54},{"type":"A","date":"2018-03-21T07:19:12.000Z","volume":5000,"label":" ","price":13.54},{"type":"A","date":"2018-03-21T07:19:23.000Z","volume":500,"label":" ","price":13.54},{"type":"A","date":"2018-03-21T07:19:23.000Z","volume":500,"label":" ","price":13.54},{"type":"A","date":"2018-03-21T07:19:25.000Z","volume":500,"label":" ","price":13.54},{"type":"A","date":"2018-03-21T07:19:31.000Z","volume":500,"label":" ","price":13.54},{"type":"B","date":"2018-03-21T07:22:31.000Z","volume":30000,"label":" ","price":13.46},{"type":"A","date":"2018-03-21T07:22:32.000Z","volume":2500,"label":" ","price":13.54},{"type":"A","date":"2018-03-21T07:22:36.000Z","volume":500,"label":" ","price":13.54},{"type":"A","date":"2018-03-21T07:22:36.000Z","volume":1000,"label":" ","price":13.54},{"type":"A","date":"2018-03-21T07:22:36.000Z","volume":1000,"label":" ","price":13.54},{"type":"A","date":"2018-03-21T07:22:36.000Z","volume":500,"label":" ","price":13.54},{"type":"A","date":"2018-03-21T07:22:36.000Z","volume":1000,"label":" ","price":13.54},{"type":"A","date":"2018-03-21T07:22:36.000Z","volume":500,"label":" ","price":13.54},{"type":"A","date":"2018-03-21T07:22:36.000Z","volume":1000,"label":" ","price":13.54},{"type":"A","date":"2018-03-21T07:22:36.000Z","volume":500,"label":" ","price":13.54},{"type":"A","date":"2018-03-21T07:22:37.000Z","volume":500,"label":" ","price":13.54},{"type":"A","date":"2018-03-21T07:22:44.000Z","volume":500,"label":" ","price":13.54},{"type":"A","date":"2018-03-21T07:22:44.000Z","volume":500,"label":" ","price":13.54},{"type":"A","date":"2018-03-21T07:22:44.000Z","volume":500,"label":" ","price":13.54},{"type":"A","date":"2018-03-21T07:22:44.000Z","volume":500,"label":" ","price":13.54},{"type":"A","date":"2018-03-21T07:22:44.000Z","volume":500,"label":" ","price":13.54},{"type":"A","date":"2018-03-21T07:27:33.000Z","volume":1500,"label":" ","price":13.56},{"type":"A","date":"2018-03-21T07:27:35.000Z","volume":500,"label":" ","price":13.56},{"type":"A","date":"2018-03-21T07:28:49.000Z","volume":2000,"label":" ","price":13.56},{"type":"A","date":"2018-03-21T07:29:01.000Z","volume":500,"label":" ","price":13.56},{"type":"A","date":"2018-03-21T07:29:09.000Z","volume":500,"label":" ","price":13.56},{"type":"A","date":"2018-03-21T07:30:01.000Z","volume":5000,"label":" ","price":13.54},{"type":"A","date":"2018-03-21T07:30:03.000Z","volume":25000,"label":" ","price":13.54},{"type":"A","date":"2018-03-21T07:30:04.000Z","volume":2500,"label":" ","price":13.54},{"type":"A","date":"2018-03-21T07:30:13.000Z","volume":500,"label":" ","price":13.54},{"type":"A","date":"2018-03-21T07:30:13.000Z","volume":500,"label":" ","price":13.54},{"type":"A","date":"2018-03-21T07:30:13.000Z","volume":500,"label":" ","price":13.54},{"type":"A","date":"2018-03-21T07:30:13.000Z","volume":500,"label":" ","price":13.54},{"type":"A","date":"2018-03-21T07:30:13.000Z","volume":1000,"label":" ","price":13.54},{"type":"A","date":"2018-03-21T07:30:13.000Z","volume":500,"label":" ","price":13.54},{"type":"A","date":"2018-03-21T07:30:13.000Z","volume":1000,"label":" ","price":13.54},{"type":"A","date":"2018-03-21T07:30:13.000Z","volume":500,"label":" ","price":13.54},{"type":"A","date":"2018-03-21T07:30:13.000Z","volume":1000,"label":" ","price":13.54},{"type":"A","date":"2018-03-21T07:30:14.000Z","volume":500,"label":" ","price":13.54},{"type":"A","date":"2018-03-21T07:30:19.000Z","volume":1500,"label":" ","price":13.54},{"type":"A","date":"2018-03-21T07:30:21.000Z","volume":500,"label":" ","price":13.54},{"type":"A","date":"2018-03-21T07:30:21.000Z","volume":500,"label":" ","price":13.54},{"type":"A","date":"2018-03-21T07:30:21.000Z","volume":500,"label":" ","price":13.54},{"type":"A","date":"2018-03-21T07:30:21.000Z","volume":500,"label":" ","price":13.54},{"type":"A","date":"2018-03-21T07:30:21.000Z","volume":500,"label":" ","price":13.54},{"type":"A","date":"2018-03-21T07:30:21.000Z","volume":500,"label":" ","price":13.54},{"type":"A","date":"2018-03-21T07:30:29.000Z","volume":500,"label":" ","price":13.54},{"type":"A","date":"2018-03-21T07:31:52.000Z","volume":2000,"label":" ","price":13.54},{"type":"A","date":"2018-03-21T07:31:54.000Z","volume":500,"label":" ","price":13.54},{"type":"A","date":"2018-03-21T07:32:05.000Z","volume":500,"label":" ","price":13.54},{"type":"A","date":"2018-03-21T07:33:22.000Z","volume":2000,"label":" ","price":13.54},{"type":"A","date":"2018-03-21T07:33:34.000Z","volume":500,"label":" ","price":13.54},{"type":"A","date":"2018-03-21T07:34:48.000Z","volume":1500,"label":" ","price":13.54},{"type":"A","date":"2018-03-21T07:36:10.000Z","volume":2000,"label":" ","price":13.54},{"type":"A","date":"2018-03-21T07:36:10.000Z","volume":500,"label":" ","price":13.54},{"type":"A","date":"2018-03-21T07:36:14.000Z","volume":500,"label":" ","price":13.54},{"type":"B","date":"2018-03-21T07:36:14.000Z","volume":500,"label":" ","price":13.54},{"type":"B","date":"2018-03-21T07:36:20.000Z","volume":1000,"label":"Y","price":13.48},{"type":"B","date":"2018-03-21T07:36:20.000Z","volume":12500,"label":" ","price":13.48},{"type":"A","date":"2018-03-21T07:36:30.000Z","volume":500,"label":" ","price":13.48},{"type":"A","date":"2018-03-21T07:36:30.000Z","volume":500,"label":" ","price":13.48},{"type":"A","date":"2018-03-21T07:36:30.000Z","volume":500,"label":" ","price":13.48},{"type":"A","date":"2018-03-21T07:36:38.000Z","volume":500,"label":" ","price":13.52},{"type":"A","date":"2018-03-21T07:42:15.000Z","volume":2500,"label":" ","price":13.52},{"type":"A","date":"2018-03-21T07:42:16.000Z","volume":500,"label":" ","price":13.52},{"type":"A","date":"2018-03-21T07:44:02.000Z","volume":500,"label":" ","price":13.52},{"type":"A","date":"2018-03-21T07:45:09.000Z","volume":2000,"label":" ","price":13.52},{"type":"A","date":"2018-03-21T07:45:35.000Z","volume":500,"label":" ","price":13.52},{"type":"A","date":"2018-03-21T07:45:43.000Z","volume":12500,"label":" ","price":13.52},{"type":"A","date":"2018-03-21T07:45:44.000Z","volume":1500,"label":" ","price":13.56},{"type":"A","date":"2018-03-21T07:45:52.000Z","volume":500,"label":" ","price":13.56},{"type":"A","date":"2018-03-21T07:45:52.000Z","volume":500,"label":" ","price":13.56},{"type":"A","date":"2018-03-21T07:45:52.000Z","volume":500,"label":" ","price":13.56},{"type":"A","date":"2018-03-21T07:45:52.000Z","volume":500,"label":" ","price":13.56},{"type":"A","date":"2018-03-21T07:45:52.000Z","volume":500,"label":" ","price":13.56},{"type":"A","date":"2018-03-21T07:45:52.000Z","volume":500,"label":" ","price":13.56},{"type":"A","date":"2018-03-21T07:45:52.000Z","volume":500,"label":" ","price":13.56},{"type":"A","date":"2018-03-21T07:45:52.000Z","volume":500,"label":" ","price":13.56},{"type":"A","date":"2018-03-21T07:46:00.000Z","volume":500,"label":" ","price":13.56},{"type":"A","date":"2018-03-21T07:46:08.000Z","volume":500,"label":" ","price":13.56},{"type":"A","date":"2018-03-21T07:46:39.000Z","volume":1500,"label":" ","price":13.56},{"type":"B","date":"2018-03-21T07:46:40.000Z","volume":53500,"label":" ","price":13.52},{"type":"B","date":"2018-03-21T07:46:40.000Z","volume":6500,"label":" ","price":13.5},{"type":"A","date":"2018-03-21T07:46:41.000Z","volume":2000,"label":" ","price":13.54},{"type":"A","date":"2018-03-21T07:46:48.000Z","volume":500,"label":" ","price":13.54},{"type":"A","date":"2018-03-21T07:46:48.000Z","volume":1000,"label":" ","price":13.54},{"type":"A","date":"2018-03-21T07:46:48.000Z","volume":1000,"label":" ","price":13.54},{"type":"A","date":"2018-03-21T07:46:48.000Z","volume":2500,"label":" ","price":13.54},{"type":"A","date":"2018-03-21T07:46:48.000Z","volume":1500,"label":" ","price":13.54},{"type":"A","date":"2018-03-21T07:46:48.000Z","volume":2000,"label":" ","price":13.54},{"type":"A","date":"2018-03-21T07:46:48.000Z","volume":2000,"label":" ","price":13.54},{"type":"A","date":"2018-03-21T07:46:48.000Z","volume":500,"label":" ","price":13.54},{"type":"A","date":"2018-03-21T07:46:48.000Z","volume":500,"label":" ","price":13.54},{"type":"B","date":"2018-03-21T07:46:48.000Z","volume":1000,"label":" ","price":13.54},{"type":"B","date":"2018-03-21T07:46:48.000Z","volume":1000,"label":" ","price":13.54},{"type":"A","date":"2018-03-21T07:46:49.000Z","volume":1000,"label":" ","price":13.54},{"type":"A","date":"2018-03-21T07:46:56.000Z","volume":500,"label":" ","price":13.56},{"type":"A","date":"2018-03-21T07:46:56.000Z","volume":500,"label":" ","price":13.56},{"type":"A","date":"2018-03-21T07:46:56.000Z","volume":500,"label":" ","price":13.56},{"type":"A","date":"2018-03-21T07:46:56.000Z","volume":500,"label":" ","price":13.56},{"type":"A","date":"2018-03-21T07:47:04.000Z","volume":500,"label":" ","price":13.56},{"type":"A","date":"2018-03-21T07:47:04.000Z","volume":500,"label":" ","price":13.56},{"type":"A","date":"2018-03-21T07:47:04.000Z","volume":500,"label":" ","price":13.56},{"type":"B","date":"2018-03-21T07:48:13.000Z","volume":8000,"label":" ","price":13.5},{"type":"B","date":"2018-03-21T07:48:13.000Z","volume":4500,"label":" ","price":13.5},{"type":"A","date":"2018-03-21T07:48:16.000Z","volume":500,"label":" ","price":13.5},{"type":"A","date":"2018-03-21T07:48:16.000Z","volume":500,"label":" ","price":13.5},{"type":"A","date":"2018-03-21T07:48:16.000Z","volume":500,"label":" ","price":13.5},{"type":"A","date":"2018-03-21T07:48:16.000Z","volume":500,"label":" ","price":13.5},{"type":"A","date":"2018-03-21T07:48:16.000Z","volume":500,"label":" ","price":13.5},{"type":"A","date":"2018-03-21T07:48:17.000Z","volume":500,"label":" ","price":13.5},{"type":"A","date":"2018-03-21T07:48:47.000Z","volume":5000,"label":" ","price":13.5},{"type":"A","date":"2018-03-21T07:48:49.000Z","volume":500,"label":" ","price":13.5},{"type":"A","date":"2018-03-21T07:48:56.000Z","volume":500,"label":" ","price":13.5},{"type":"A","date":"2018-03-21T07:48:56.000Z","volume":500,"label":" ","price":13.5},{"type":"A","date":"2018-03-21T07:48:56.000Z","volume":500,"label":" ","price":13.5},{"type":"A","date":"2018-03-21T07:49:30.000Z","volume":1500,"label":" ","price":13.5},{"type":"B","date":"2018-03-21T07:51:22.000Z","volume":25500,"label":" ","price":13.46},{"type":"B","date":"2018-03-21T07:51:43.000Z","volume":5000,"label":" ","price":13.44},{"type":"B","date":"2018-03-21T07:51:43.000Z","volume":2000,"label":" ","price":13.44},{"type":"B","date":"2018-03-21T07:51:43.000Z","volume":1000,"label":" ","price":13.44},{"type":"A","date":"2018-03-21T07:53:44.000Z","volume":1000,"label":" ","price":13.44},{"type":"A","date":"2018-03-21T07:54:47.000Z","volume":6000,"label":" ","price":13.44},{"type":"B","date":"2018-03-21T07:55:16.000Z","volume":1500,"label":" ","price":13.42},{"type":"B","date":"2018-03-21T07:56:14.000Z","volume":19500,"label":" ","price":13.42},{"type":"B","date":"2018-03-21T07:56:14.000Z","volume":4500,"label":" ","price":13.4},{"type":"A","date":"2018-03-21T07:56:14.000Z","volume":1000,"label":" ","price":13.44},{"type":"B","date":"2018-03-21T07:56:56.000Z","volume":7000,"label":"Y","price":13.4},{"type":"B","date":"2018-03-21T07:56:56.000Z","volume":3000,"label":" ","price":13.4},{"type":"A","date":"2018-03-21T07:56:57.000Z","volume":1000,"label":" ","price":13.44},{"type":"B","date":"2018-03-21T07:57:02.000Z","volume":6000,"label":" ","price":13.4},{"type":"B","date":"2018-03-21T07:57:20.000Z","volume":2000,"label":" ","price":13.38},{"type":"B","date":"2018-03-21T07:57:20.000Z","volume":3000,"label":" ","price":13.38},{"type":"B","date":"2018-03-21T07:57:37.000Z","volume":3000,"label":" ","price":13.36},{"type":"A","date":"2018-03-21T07:59:03.000Z","volume":500,"label":" ","price":13.44},{"type":"A","date":"2018-03-21T07:59:06.000Z","volume":500,"label":" ","price":13.44},{"type":"A","date":"2018-03-21T07:59:24.000Z","volume":1000,"label":" ","price":13.44},{"type":"A","date":"2018-03-21T07:59:30.000Z","volume":9000,"label":" ","price":13.44},{"type":"A","date":"2018-03-21T07:59:30.000Z","volume":2000,"label":" ","price":13.44},{"type":"A","date":"2018-03-21T07:59:30.000Z","volume":500,"label":" ","price":13.44},{"type":"A","date":"2018-03-21T07:59:56.000Z","volume":2500,"label":" ","price":13.44},{"type":"A","date":"2018-03-21T07:59:57.000Z","volume":500,"label":" ","price":13.44},{"type":"U","date":"2018-03-21T08:08:46.000Z","volume":25500,"label":"U","price":13.58}]