[{"type":"U","date":"2018-04-10T01:20:00.000Z","volume":4000,"label":"U","price":1.89},{"type":"A","date":"2018-04-10T02:01:32.000Z","volume":2000,"label":" ","price":1.9},{"type":"A","date":"2018-04-10T02:01:32.000Z","volume":20000,"label":" ","price":1.91},{"type":"A","date":"2018-04-10T02:01:32.000Z","volume":14000,"label":" ","price":1.92},{"type":"A","date":"2018-04-10T02:02:09.000Z","volume":6000,"label":" ","price":1.91},{"type":"A","date":"2018-04-10T02:05:36.000Z","volume":12000,"label":" ","price":1.92},{"type":"B","date":"2018-04-10T02:15:11.000Z","volume":4000,"label":" ","price":1.89},{"type":"B","date":"2018-04-10T02:20:17.000Z","volume":2000,"label":" ","price":1.89},{"type":"B","date":"2018-04-10T02:25:33.000Z","volume":2000,"label":" ","price":1.89},{"type":"A","date":"2018-04-10T02:26:41.000Z","volume":2000,"label":" ","price":1.9},{"type":"A","date":"2018-04-10T02:26:55.000Z","volume":6000,"label":" ","price":1.9},{"type":"A","date":"2018-04-10T02:27:02.000Z","volume":4000,"label":" ","price":1.9},{"type":"U","date":"2018-04-10T02:27:08.000Z","volume":10000,"label":" ","price":1.9},{"type":"B","date":"2018-04-10T02:29:24.000Z","volume":6000,"label":" ","price":1.89},{"type":"B","date":"2018-04-10T02:29:24.000Z","volume":14000,"label":" ","price":1.89},{"type":"B","date":"2018-04-10T02:30:13.000Z","volume":4000,"label":" ","price":1.88},{"type":"B","date":"2018-04-10T02:30:13.000Z","volume":2000,"label":" ","price":1.88},{"type":"B","date":"2018-04-10T02:30:17.000Z","volume":4000,"label":" ","price":1.86},{"type":"B","date":"2018-04-10T02:34:31.000Z","volume":2000,"label":" ","price":1.86},{"type":"B","date":"2018-04-10T02:35:14.000Z","volume":2000,"label":" ","price":1.86},{"type":"B","date":"2018-04-10T02:37:48.000Z","volume":2000,"label":" ","price":1.86},{"type":"A","date":"2018-04-10T02:40:00.000Z","volume":16000,"label":" ","price":1.87},{"type":"B","date":"2018-04-10T02:40:13.000Z","volume":2000,"label":" ","price":1.86},{"type":"A","date":"2018-04-10T02:43:41.000Z","volume":2000,"label":" ","price":1.88},{"type":"A","date":"2018-04-10T02:46:36.000Z","volume":4000,"label":" ","price":1.88},{"type":"A","date":"2018-04-10T02:47:56.000Z","volume":4000,"label":" ","price":1.89},{"type":"B","date":"2018-04-10T02:48:07.000Z","volume":2000,"label":" ","price":1.89},{"type":"B","date":"2018-04-10T02:48:07.000Z","volume":10000,"label":" ","price":1.89},{"type":"B","date":"2018-04-10T02:50:10.000Z","volume":2000,"label":" ","price":1.87},{"type":"B","date":"2018-04-10T02:55:17.000Z","volume":2000,"label":" ","price":1.86},{"type":"B","date":"2018-04-10T03:05:13.000Z","volume":2000,"label":" ","price":1.87},{"type":"B","date":"2018-04-10T03:06:48.000Z","volume":2000,"label":" ","price":1.87},{"type":"A","date":"2018-04-10T03:14:12.000Z","volume":2000,"label":" ","price":1.88},{"type":"B","date":"2018-04-10T03:15:15.000Z","volume":2000,"label":" ","price":1.86},{"type":"A","date":"2018-04-10T03:33:43.000Z","volume":2000,"label":" ","price":1.88},{"type":"A","date":"2018-04-10T03:35:27.000Z","volume":10000,"label":" ","price":1.89},{"type":"U","date":"2018-04-10T03:35:48.000Z","volume":2000,"label":" ","price":1.87},{"type":"A","date":"2018-04-10T03:36:45.000Z","volume":4000,"label":" ","price":1.88},{"type":"A","date":"2018-04-10T03:36:45.000Z","volume":6000,"label":" ","price":1.89},{"type":"B","date":"2018-04-10T03:40:19.000Z","volume":2000,"label":" ","price":1.88},{"type":"B","date":"2018-04-10T03:40:34.000Z","volume":2000,"label":" ","price":1.88},{"type":"B","date":"2018-04-10T03:45:17.000Z","volume":2000,"label":" ","price":1.88},{"type":"B","date":"2018-04-10T05:00:10.000Z","volume":2000,"label":" ","price":1.88},{"type":"A","date":"2018-04-10T05:11:16.000Z","volume":2000,"label":" ","price":1.89},{"type":"A","date":"2018-04-10T05:30:17.000Z","volume":2000,"label":"Y","price":1.91},{"type":"A","date":"2018-04-10T05:48:18.000Z","volume":2000,"label":"Y","price":1.91},{"type":"B","date":"2018-04-10T05:50:17.000Z","volume":2000,"label":" ","price":1.89},{"type":"B","date":"2018-04-10T05:56:29.000Z","volume":36000,"label":" ","price":1.89},{"type":"B","date":"2018-04-10T05:56:30.000Z","volume":6000,"label":" ","price":1.88},{"type":"B","date":"2018-04-10T05:56:32.000Z","volume":2000,"label":" ","price":1.88},{"type":"B","date":"2018-04-10T05:56:32.000Z","volume":2000,"label":" ","price":1.88},{"type":"B","date":"2018-04-10T05:56:32.000Z","volume":2000,"label":" ","price":1.88},{"type":"B","date":"2018-04-10T06:00:20.000Z","volume":2000,"label":" ","price":1.88},{"type":"B","date":"2018-04-10T06:05:26.000Z","volume":2000,"label":" ","price":1.88},{"type":"A","date":"2018-04-10T06:13:49.000Z","volume":2000,"label":" ","price":1.89},{"type":"B","date":"2018-04-10T06:17:56.000Z","volume":16000,"label":" ","price":1.88},{"type":"B","date":"2018-04-10T06:18:02.000Z","volume":2000,"label":" ","price":1.88},{"type":"B","date":"2018-04-10T06:22:28.000Z","volume":4000,"label":" ","price":1.88},{"type":"B","date":"2018-04-10T06:25:19.000Z","volume":4000,"label":" ","price":1.88},{"type":"A","date":"2018-04-10T06:39:49.000Z","volume":2000,"label":" ","price":1.89},{"type":"A","date":"2018-04-10T06:43:00.000Z","volume":2000,"label":" ","price":1.89},{"type":"B","date":"2018-04-10T06:44:03.000Z","volume":4000,"label":" ","price":1.88},{"type":"B","date":"2018-04-10T06:44:17.000Z","volume":2000,"label":" ","price":1.88},{"type":"B","date":"2018-04-10T06:45:18.000Z","volume":2000,"label":" ","price":1.88},{"type":"A","date":"2018-04-10T06:46:20.000Z","volume":2000,"label":" ","price":1.89},{"type":"A","date":"2018-04-10T06:47:03.000Z","volume":2000,"label":" ","price":1.89},{"type":"A","date":"2018-04-10T06:50:08.000Z","volume":2000,"label":" ","price":1.89},{"type":"B","date":"2018-04-10T06:50:16.000Z","volume":2000,"label":" ","price":1.88},{"type":"A","date":"2018-04-10T06:53:13.000Z","volume":2000,"label":" ","price":1.89},{"type":"A","date":"2018-04-10T06:54:17.000Z","volume":2000,"label":" ","price":1.89},{"type":"B","date":"2018-04-10T06:54:18.000Z","volume":4000,"label":" ","price":1.88},{"type":"B","date":"2018-04-10T06:54:32.000Z","volume":2000,"label":" ","price":1.88},{"type":"B","date":"2018-04-10T06:55:18.000Z","volume":2000,"label":" ","price":1.88},{"type":"B","date":"2018-04-10T07:01:02.000Z","volume":8000,"label":" ","price":1.88},{"type":"A","date":"2018-04-10T07:02:20.000Z","volume":2000,"label":" ","price":1.89},{"type":"B","date":"2018-04-10T07:03:38.000Z","volume":4000,"label":" ","price":1.88},{"type":"B","date":"2018-04-10T07:03:47.000Z","volume":2000,"label":" ","price":1.88},{"type":"B","date":"2018-04-10T07:05:14.000Z","volume":2000,"label":"Y","price":1.88},{"type":"B","date":"2018-04-10T07:05:16.000Z","volume":4000,"label":" ","price":1.88},{"type":"B","date":"2018-04-10T07:10:18.000Z","volume":2000,"label":" ","price":1.88},{"type":"B","date":"2018-04-10T07:17:20.000Z","volume":4000,"label":" ","price":1.88},{"type":"A","date":"2018-04-10T07:25:21.000Z","volume":2000,"label":" ","price":1.89},{"type":"B","date":"2018-04-10T07:26:29.000Z","volume":8000,"label":" ","price":1.88},{"type":"B","date":"2018-04-10T07:26:32.000Z","volume":2000,"label":" ","price":1.88},{"type":"B","date":"2018-04-10T07:30:18.000Z","volume":2000,"label":" ","price":1.88},{"type":"A","date":"2018-04-10T07:30:51.000Z","volume":2000,"label":" ","price":1.89},{"type":"B","date":"2018-04-10T07:35:23.000Z","volume":2000,"label":" ","price":1.88},{"type":"A","date":"2018-04-10T07:41:13.000Z","volume":94000,"label":" ","price":1.89},{"type":"B","date":"2018-04-10T07:41:13.000Z","volume":2000,"label":" ","price":1.89},{"type":"B","date":"2018-04-10T07:41:13.000Z","volume":2000,"label":" ","price":1.89},{"type":"B","date":"2018-04-10T07:41:13.000Z","volume":2000,"label":" ","price":1.89},{"type":"B","date":"2018-04-10T07:41:13.000Z","volume":2000,"label":" ","price":1.89},{"type":"B","date":"2018-04-10T07:41:13.000Z","volume":2000,"label":" ","price":1.89},{"type":"B","date":"2018-04-10T07:41:14.000Z","volume":6000,"label":" ","price":1.89},{"type":"B","date":"2018-04-10T07:45:19.000Z","volume":4000,"label":" ","price":1.89},{"type":"A","date":"2018-04-10T07:52:52.000Z","volume":2000,"label":"Y","price":1.91},{"type":"B","date":"2018-04-10T07:55:22.000Z","volume":2000,"label":" ","price":1.9},{"type":"B","date":"2018-04-10T07:59:16.000Z","volume":2000,"label":" ","price":1.9},{"type":"A","date":"2018-04-10T07:59:22.000Z","volume":2000,"label":"Y","price":1.91},{"type":"U","date":"2018-04-10T08:08:54.000Z","volume":18000,"label":"U","price":1.9}]