[{"type":"B","date":"2018-04-17T01:33:42.000Z","volume":2000,"label":" ","price":2.17},{"type":"B","date":"2018-04-17T01:44:51.000Z","volume":500,"label":" ","price":2.18},{"type":"B","date":"2018-04-17T02:10:12.000Z","volume":8500,"label":" ","price":2.17},{"type":"B","date":"2018-04-17T02:10:15.000Z","volume":500,"label":" ","price":2.16},{"type":"B","date":"2018-04-17T02:11:15.000Z","volume":500,"label":" ","price":2.16},{"type":"A","date":"2018-04-17T02:14:05.000Z","volume":100000,"label":" ","price":2.17},{"type":"A","date":"2018-04-17T02:14:07.000Z","volume":1000,"label":" ","price":2.17},{"type":"B","date":"2018-04-17T02:14:09.000Z","volume":500,"label":" ","price":2.17},{"type":"B","date":"2018-04-17T02:14:11.000Z","volume":4500,"label":" ","price":2.16},{"type":"A","date":"2018-04-17T02:14:26.000Z","volume":4000,"label":" ","price":2.17},{"type":"A","date":"2018-04-17T02:14:44.000Z","volume":500,"label":" ","price":2.17},{"type":"A","date":"2018-04-17T02:15:34.000Z","volume":9000,"label":" ","price":2.18},{"type":"B","date":"2018-04-17T02:23:15.000Z","volume":500,"label":" ","price":2.16},{"type":"B","date":"2018-04-17T02:31:41.000Z","volume":2000,"label":" ","price":2.16},{"type":"B","date":"2018-04-17T02:46:42.000Z","volume":2500,"label":" ","price":2.16},{"type":"B","date":"2018-04-17T02:47:15.000Z","volume":500,"label":" ","price":2.16},{"type":"A","date":"2018-04-17T03:01:23.000Z","volume":26500,"label":" ","price":2.18},{"type":"B","date":"2018-04-17T03:11:15.000Z","volume":500,"label":" ","price":2.18},{"type":"B","date":"2018-04-17T03:19:27.000Z","volume":78000,"label":" ","price":2.18},{"type":"B","date":"2018-04-17T03:19:29.000Z","volume":6000,"label":" ","price":2.16},{"type":"B","date":"2018-04-17T03:19:34.000Z","volume":4500,"label":" ","price":2.16},{"type":"A","date":"2018-04-17T03:19:37.000Z","volume":8500,"label":" ","price":2.18},{"type":"B","date":"2018-04-17T03:19:38.000Z","volume":500,"label":" ","price":2.16},{"type":"B","date":"2018-04-17T03:26:44.000Z","volume":2000,"label":" ","price":2.16},{"type":"A","date":"2018-04-17T03:28:30.000Z","volume":500,"label":" ","price":2.18},{"type":"B","date":"2018-04-17T03:30:38.000Z","volume":2000,"label":" ","price":2.16},{"type":"B","date":"2018-04-17T03:36:15.000Z","volume":2000,"label":" ","price":2.16},{"type":"A","date":"2018-04-17T03:36:37.000Z","volume":500,"label":" ","price":2.18},{"type":"B","date":"2018-04-17T03:41:15.000Z","volume":500,"label":" ","price":2.16},{"type":"B","date":"2018-04-17T03:41:30.000Z","volume":149500,"label":" ","price":2.16},{"type":"B","date":"2018-04-17T03:41:30.000Z","volume":8000,"label":" ","price":2.16},{"type":"A","date":"2018-04-17T03:44:49.000Z","volume":3000,"label":" ","price":2.17},{"type":"A","date":"2018-04-17T03:45:08.000Z","volume":2000,"label":" ","price":2.17},{"type":"A","date":"2018-04-17T03:45:26.000Z","volume":500,"label":" ","price":2.17},{"type":"B","date":"2018-04-17T03:59:27.000Z","volume":500,"label":" ","price":2.17},{"type":"B","date":"2018-04-17T05:00:07.000Z","volume":3500,"label":" ","price":2.16},{"type":"B","date":"2018-04-17T05:05:00.000Z","volume":500,"label":" ","price":2.16},{"type":"B","date":"2018-04-17T05:09:39.000Z","volume":2000,"label":" ","price":2.16},{"type":"B","date":"2018-04-17T05:16:22.000Z","volume":2000,"label":" ","price":2.16},{"type":"B","date":"2018-04-17T05:16:25.000Z","volume":500,"label":" ","price":2.16},{"type":"B","date":"2018-04-17T05:17:04.000Z","volume":3000,"label":" ","price":2.16},{"type":"B","date":"2018-04-17T05:19:49.000Z","volume":2000,"label":" ","price":2.16},{"type":"B","date":"2018-04-17T05:29:00.000Z","volume":500,"label":" ","price":2.16},{"type":"B","date":"2018-04-17T05:31:05.000Z","volume":2000,"label":" ","price":2.16},{"type":"B","date":"2018-04-17T05:40:12.000Z","volume":2000,"label":" ","price":2.16},{"type":"B","date":"2018-04-17T05:40:14.000Z","volume":500,"label":" ","price":2.16},{"type":"B","date":"2018-04-17T05:45:27.000Z","volume":500,"label":" ","price":2.16},{"type":"B","date":"2018-04-17T05:46:15.000Z","volume":2000,"label":" ","price":2.16},{"type":"B","date":"2018-04-17T05:48:26.000Z","volume":2000,"label":" ","price":2.16},{"type":"B","date":"2018-04-17T05:49:31.000Z","volume":2000,"label":" ","price":2.16},{"type":"B","date":"2018-04-17T05:53:00.000Z","volume":500,"label":" ","price":2.16},{"type":"B","date":"2018-04-17T05:55:27.000Z","volume":500,"label":" ","price":2.16},{"type":"B","date":"2018-04-17T06:05:54.000Z","volume":4500,"label":" ","price":2.16},{"type":"B","date":"2018-04-17T06:05:56.000Z","volume":500,"label":" ","price":2.16},{"type":"B","date":"2018-04-17T06:15:21.000Z","volume":1000,"label":" ","price":2.16},{"type":"B","date":"2018-04-17T06:21:58.000Z","volume":3000,"label":" ","price":2.16},{"type":"B","date":"2018-04-17T06:23:00.000Z","volume":500,"label":" ","price":2.16},{"type":"B","date":"2018-04-17T06:35:12.000Z","volume":500,"label":" ","price":2.17},{"type":"B","date":"2018-04-17T06:37:58.000Z","volume":3000,"label":" ","price":2.17},{"type":"B","date":"2018-04-17T06:37:58.000Z","volume":500,"label":" ","price":2.17},{"type":"B","date":"2018-04-17T06:38:02.000Z","volume":2000,"label":" ","price":2.17},{"type":"B","date":"2018-04-17T06:38:07.000Z","volume":2000,"label":" ","price":2.17},{"type":"B","date":"2018-04-17T06:47:00.000Z","volume":500,"label":" ","price":2.17},{"type":"B","date":"2018-04-17T06:54:54.000Z","volume":5000,"label":" ","price":2.17},{"type":"B","date":"2018-04-17T06:54:54.000Z","volume":500,"label":" ","price":2.17},{"type":"B","date":"2018-04-17T06:56:58.000Z","volume":4500,"label":" ","price":2.17},{"type":"B","date":"2018-04-17T06:56:58.000Z","volume":4500,"label":" ","price":2.17},{"type":"B","date":"2018-04-17T06:56:59.000Z","volume":500,"label":" ","price":2.16},{"type":"B","date":"2018-04-17T06:58:37.000Z","volume":2000,"label":" ","price":2.16},{"type":"A","date":"2018-04-17T07:02:47.000Z","volume":7500,"label":" ","price":2.17},{"type":"B","date":"2018-04-17T07:02:49.000Z","volume":500,"label":" ","price":2.16},{"type":"B","date":"2018-04-17T07:03:46.000Z","volume":200000,"label":" ","price":2.16},{"type":"B","date":"2018-04-17T07:03:46.000Z","volume":2500,"label":" ","price":2.16},{"type":"B","date":"2018-04-17T07:03:48.000Z","volume":3000,"label":" ","price":2.15},{"type":"B","date":"2018-04-17T07:03:49.000Z","volume":10500,"label":" ","price":2.15},{"type":"A","date":"2018-04-17T07:03:54.000Z","volume":2000,"label":" ","price":2.16},{"type":"A","date":"2018-04-17T07:03:54.000Z","volume":500,"label":" ","price":2.16},{"type":"B","date":"2018-04-17T07:03:55.000Z","volume":500,"label":" ","price":2.16},{"type":"A","date":"2018-04-17T07:07:50.000Z","volume":2000,"label":" ","price":2.16},{"type":"B","date":"2018-04-17T07:08:00.000Z","volume":101500,"label":" ","price":2.15},{"type":"B","date":"2018-04-17T07:08:02.000Z","volume":5000,"label":" ","price":2.14},{"type":"A","date":"2018-04-17T07:08:09.000Z","volume":13500,"label":" ","price":2.15},{"type":"B","date":"2018-04-17T07:08:11.000Z","volume":1000,"label":" ","price":2.14},{"type":"A","date":"2018-04-17T07:08:27.000Z","volume":15500,"label":" ","price":2.15},{"type":"A","date":"2018-04-17T07:08:27.000Z","volume":8000,"label":" ","price":2.15},{"type":"B","date":"2018-04-17T07:08:29.000Z","volume":1000,"label":" ","price":2.14},{"type":"B","date":"2018-04-17T07:11:00.000Z","volume":500,"label":" ","price":2.14},{"type":"A","date":"2018-04-17T07:14:11.000Z","volume":12500,"label":" ","price":2.15},{"type":"B","date":"2018-04-17T07:14:11.000Z","volume":500,"label":" ","price":2.15},{"type":"A","date":"2018-04-17T07:28:26.000Z","volume":8000,"label":" ","price":2.16},{"type":"A","date":"2018-04-17T07:28:26.000Z","volume":58500,"label":" ","price":2.17},{"type":"A","date":"2018-04-17T07:28:26.000Z","volume":33500,"label":" ","price":2.18},{"type":"B","date":"2018-04-17T07:28:26.000Z","volume":1000,"label":" ","price":2.15},{"type":"A","date":"2018-04-17T07:28:38.000Z","volume":100000,"label":" ","price":2.18},{"type":"B","date":"2018-04-17T07:28:38.000Z","volume":4000,"label":" ","price":2.15},{"type":"A","date":"2018-04-17T07:30:14.000Z","volume":70000,"label":" ","price":2.19},{"type":"B","date":"2018-04-17T07:30:14.000Z","volume":1000,"label":" ","price":2.15},{"type":"B","date":"2018-04-17T07:35:00.000Z","volume":500,"label":" ","price":2.15},{"type":"B","date":"2018-04-17T07:36:35.000Z","volume":3000,"label":" ","price":2.15},{"type":"B","date":"2018-04-17T07:36:38.000Z","volume":500,"label":" ","price":2.15},{"type":"B","date":"2018-04-17T07:41:44.000Z","volume":2000,"label":" ","price":2.15},{"type":"A","date":"2018-04-17T07:41:47.000Z","volume":6000,"label":" ","price":2.17},{"type":"A","date":"2018-04-17T07:41:47.000Z","volume":94000,"label":" ","price":2.18},{"type":"B","date":"2018-04-17T07:41:51.000Z","volume":5000,"label":" ","price":2.15},{"type":"B","date":"2018-04-17T07:45:34.000Z","volume":50000,"label":" ","price":2.15},{"type":"B","date":"2018-04-17T07:45:34.000Z","volume":3000,"label":" ","price":2.15},{"type":"B","date":"2018-04-17T07:48:14.000Z","volume":2000,"label":" ","price":2.15},{"type":"A","date":"2018-04-17T07:50:19.000Z","volume":12500,"label":" ","price":2.17},{"type":"A","date":"2018-04-17T07:50:19.000Z","volume":7500,"label":" ","price":2.18},{"type":"A","date":"2018-04-17T07:50:19.000Z","volume":80000,"label":" ","price":2.19},{"type":"B","date":"2018-04-17T07:50:19.000Z","volume":3500,"label":" ","price":2.15},{"type":"B","date":"2018-04-17T07:57:00.000Z","volume":2000,"label":" ","price":2.15},{"type":"B","date":"2018-04-17T07:57:59.000Z","volume":2500,"label":" ","price":2.15},{"type":"B","date":"2018-04-17T07:58:01.000Z","volume":500,"label":" ","price":2.15},{"type":"A","date":"2018-04-17T07:58:43.000Z","volume":10000,"label":" ","price":2.17},{"type":"B","date":"2018-04-17T07:59:31.000Z","volume":3000,"label":" ","price":2.15}]