[{"type":"A","date":"2018-03-19T03:32:46.000Z","volume":62000,"price":2.15,"category":"ubbull"},{"type":"A","date":"2018-03-19T03:30:21.000Z","volume":130000,"price":2.16,"category":"ubbull"},{"type":"A","date":"2018-03-19T03:30:19.000Z","volume":84000,"price":2.08,"category":"ubbull"},{"type":"A","date":"2018-03-19T03:32:46.000Z","volume":38000,"price":2.14,"category":"bbull"},{"type":"A","date":"2018-03-19T03:30:21.000Z","volume":52000,"price":2.16,"category":"bbull"},{"type":"A","date":"2018-03-19T03:30:21.000Z","volume":30000,"price":2.15,"category":"bbull"},{"type":"A","date":"2018-03-19T03:30:21.000Z","volume":44000,"price":2.12,"category":"bbull"},{"type":"A","date":"2018-03-19T03:30:21.000Z","volume":34000,"price":2.1,"category":"bbull"},{"type":"A","date":"2018-03-19T03:30:19.000Z","volume":38000,"price":2.1,"category":"bbull"},{"type":"A","date":"2018-03-19T07:59:10.000Z","volume":2000,"price":2.12,"category":"rbull"},{"type":"A","date":"2018-03-19T07:40:42.000Z","volume":2000,"price":2.12,"category":"rbull"},{"type":"A","date":"2018-03-19T06:38:38.000Z","volume":2000,"price":2.13,"category":"rbull"},{"type":"A","date":"2018-03-19T03:59:38.000Z","volume":2000,"price":2.14,"category":"rbull"},{"type":"A","date":"2018-03-19T03:20:36.000Z","volume":2000,"price":2.08,"category":"rbull"},{"type":"A","date":"2018-03-19T03:05:59.000Z","volume":2000,"price":2.08,"category":"rbull"},{"type":"A","date":"2018-03-19T02:48:35.000Z","volume":2000,"price":2.08,"category":"rbull"},{"type":"A","date":"2018-03-19T02:21:04.000Z","volume":2000,"price":2.09,"category":"rbull"},{"type":"A","date":"2018-03-19T01:40:31.000Z","volume":2000,"price":2.1,"category":"rbull"},{"type":"B","date":"2018-03-19T07:18:12.000Z","volume":4000,"price":2.12,"category":"rbear"},{"type":"B","date":"2018-03-19T06:38:27.000Z","volume":2000,"price":2.11,"category":"rbear"},{"type":"B","date":"2018-03-19T03:49:17.000Z","volume":2000,"price":2.11,"category":"rbear"},{"type":"B","date":"2018-03-19T07:15:13.000Z","volume":42000,"price":2.13,"category":"bbear"},{"type":"B","date":"2018-03-19T02:25:54.000Z","volume":60000,"price":2.08,"category":"bbear"}]