[{"type":"A","date":"2018-03-16T07:59:43.000Z","volume":38000,"price":8.41,"category":"ubbull"},{"type":"A","date":"2018-03-16T07:59:42.000Z","volume":40000,"price":8.41,"category":"ubbull"},{"type":"A","date":"2018-03-16T07:59:39.000Z","volume":44000,"price":8.41,"category":"ubbull"},{"type":"A","date":"2018-03-16T07:59:38.000Z","volume":102000,"price":8.41,"category":"ubbull"},{"type":"A","date":"2018-03-16T07:59:38.000Z","volume":38000,"price":8.41,"category":"ubbull"},{"type":"A","date":"2018-03-16T07:59:35.000Z","volume":44000,"price":8.41,"category":"ubbull"},{"type":"A","date":"2018-03-16T07:59:24.000Z","volume":40000,"price":8.4,"category":"ubbull"},{"type":"A","date":"2018-03-16T07:59:15.000Z","volume":54000,"price":8.4,"category":"ubbull"},{"type":"A","date":"2018-03-16T07:59:10.000Z","volume":64000,"price":8.4,"category":"ubbull"},{"type":"A","date":"2018-03-16T07:59:01.000Z","volume":46000,"price":8.4,"category":"ubbull"},{"type":"A","date":"2018-03-16T07:56:18.000Z","volume":344000,"price":8.4,"category":"ubbull"},{"type":"A","date":"2018-03-16T07:47:48.000Z","volume":72000,"price":8.41,"category":"ubbull"},{"type":"A","date":"2018-03-16T07:44:54.000Z","volume":92000,"price":8.41,"category":"ubbull"},{"type":"A","date":"2018-03-16T07:44:23.000Z","volume":108000,"price":8.41,"category":"ubbull"},{"type":"A","date":"2018-03-16T07:44:23.000Z","volume":58000,"price":8.41,"category":"ubbull"},{"type":"A","date":"2018-03-16T07:41:02.000Z","volume":42000,"price":8.39,"category":"ubbull"},{"type":"A","date":"2018-03-16T07:41:02.000Z","volume":48000,"price":8.39,"category":"ubbull"},{"type":"A","date":"2018-03-16T07:39:24.000Z","volume":126000,"price":8.41,"category":"ubbull"},{"type":"A","date":"2018-03-16T07:32:52.000Z","volume":50000,"price":8.42,"category":"ubbull"},{"type":"A","date":"2018-03-16T07:32:48.000Z","volume":50000,"price":8.42,"category":"ubbull"},{"type":"A","date":"2018-03-16T07:31:40.000Z","volume":46000,"price":8.42,"category":"ubbull"},{"type":"A","date":"2018-03-16T07:30:16.000Z","volume":40000,"price":8.42,"category":"ubbull"},{"type":"A","date":"2018-03-16T07:29:43.000Z","volume":44000,"price":8.42,"category":"ubbull"},{"type":"A","date":"2018-03-16T07:29:43.000Z","volume":84000,"price":8.41,"category":"ubbull"},{"type":"A","date":"2018-03-16T07:29:18.000Z","volume":56000,"price":8.4,"category":"ubbull"},{"type":"A","date":"2018-03-16T07:29:05.000Z","volume":104000,"price":8.39,"category":"ubbull"},{"type":"A","date":"2018-03-16T07:23:18.000Z","volume":110000,"price":8.4,"category":"ubbull"},{"type":"A","date":"2018-03-16T07:23:18.000Z","volume":300000,"price":8.4,"category":"ubbull"},{"type":"A","date":"2018-03-16T07:22:48.000Z","volume":100000,"price":8.4,"category":"ubbull"},{"type":"A","date":"2018-03-16T07:21:18.000Z","volume":58000,"price":8.38,"category":"ubbull"},{"type":"A","date":"2018-03-16T07:21:18.000Z","volume":300000,"price":8.38,"category":"ubbull"},{"type":"A","date":"2018-03-16T07:19:53.000Z","volume":82000,"price":8.37,"category":"ubbull"},{"type":"A","date":"2018-03-16T07:17:21.000Z","volume":50000,"price":8.36,"category":"ubbull"},{"type":"A","date":"2018-03-16T07:15:33.000Z","volume":106000,"price":8.36,"category":"ubbull"},{"type":"A","date":"2018-03-16T07:15:33.000Z","volume":54000,"price":8.36,"category":"ubbull"},{"type":"A","date":"2018-03-16T07:14:43.000Z","volume":40000,"price":8.35,"category":"ubbull"},{"type":"A","date":"2018-03-16T07:14:43.000Z","volume":106000,"price":8.34,"category":"ubbull"},{"type":"A","date":"2018-03-16T07:13:09.000Z","volume":62000,"price":8.36,"category":"ubbull"},{"type":"A","date":"2018-03-16T07:08:35.000Z","volume":98000,"price":8.37,"category":"ubbull"},{"type":"A","date":"2018-03-16T07:08:35.000Z","volume":52000,"price":8.36,"category":"ubbull"},{"type":"A","date":"2018-03-16T06:57:56.000Z","volume":38000,"price":8.37,"category":"ubbull"},{"type":"A","date":"2018-03-16T06:49:25.000Z","volume":40000,"price":8.4,"category":"ubbull"},{"type":"A","date":"2018-03-16T06:45:44.000Z","volume":48000,"price":8.42,"category":"ubbull"},{"type":"A","date":"2018-03-16T06:28:49.000Z","volume":66000,"price":8.43,"category":"ubbull"},{"type":"A","date":"2018-03-16T06:28:49.000Z","volume":76000,"price":8.43,"category":"ubbull"},{"type":"A","date":"2018-03-16T06:28:49.000Z","volume":100000,"price":8.43,"category":"ubbull"},{"type":"A","date":"2018-03-16T06:19:54.000Z","volume":46000,"price":8.41,"category":"ubbull"},{"type":"A","date":"2018-03-16T05:58:27.000Z","volume":122000,"price":8.47,"category":"ubbull"},{"type":"A","date":"2018-03-16T05:58:27.000Z","volume":94000,"price":8.47,"category":"ubbull"},{"type":"A","date":"2018-03-16T05:32:57.000Z","volume":48000,"price":8.47,"category":"ubbull"},{"type":"A","date":"2018-03-16T05:32:23.000Z","volume":92000,"price":8.46,"category":"ubbull"},{"type":"A","date":"2018-03-16T05:31:37.000Z","volume":126000,"price":8.46,"category":"ubbull"},{"type":"A","date":"2018-03-16T05:27:01.000Z","volume":44000,"price":8.47,"category":"ubbull"},{"type":"A","date":"2018-03-16T05:26:21.000Z","volume":38000,"price":8.48,"category":"ubbull"},{"type":"A","date":"2018-03-16T05:23:42.000Z","volume":62000,"price":8.49,"category":"ubbull"},{"type":"A","date":"2018-03-16T05:21:48.000Z","volume":108000,"price":8.49,"category":"ubbull"},{"type":"A","date":"2018-03-16T05:21:20.000Z","volume":44000,"price":8.49,"category":"ubbull"},{"type":"A","date":"2018-03-16T05:20:24.000Z","volume":62000,"price":8.49,"category":"ubbull"},{"type":"A","date":"2018-03-16T05:18:33.000Z","volume":78000,"price":8.49,"category":"ubbull"},{"type":"A","date":"2018-03-16T05:18:15.000Z","volume":96000,"price":8.48,"category":"ubbull"},{"type":"A","date":"2018-03-16T05:16:50.000Z","volume":84000,"price":8.46,"category":"ubbull"},{"type":"A","date":"2018-03-16T05:16:43.000Z","volume":50000,"price":8.47,"category":"ubbull"},{"type":"A","date":"2018-03-16T05:14:21.000Z","volume":72000,"price":8.47,"category":"ubbull"},{"type":"A","date":"2018-03-16T05:11:57.000Z","volume":58000,"price":8.46,"category":"ubbull"},{"type":"A","date":"2018-03-16T05:10:29.000Z","volume":42000,"price":8.46,"category":"ubbull"},{"type":"A","date":"2018-03-16T05:07:54.000Z","volume":290000,"price":8.45,"category":"ubbull"},{"type":"A","date":"2018-03-16T05:00:49.000Z","volume":82000,"price":8.43,"category":"ubbull"},{"type":"A","date":"2018-03-16T05:00:49.000Z","volume":44000,"price":8.43,"category":"ubbull"},{"type":"A","date":"2018-03-16T05:00:42.000Z","volume":40000,"price":8.43,"category":"ubbull"},{"type":"A","date":"2018-03-16T03:59:12.000Z","volume":184000,"price":8.41,"category":"ubbull"},{"type":"A","date":"2018-03-16T03:48:02.000Z","volume":50000,"price":8.42,"category":"ubbull"},{"type":"A","date":"2018-03-16T03:47:16.000Z","volume":84000,"price":8.41,"category":"ubbull"},{"type":"A","date":"2018-03-16T03:28:06.000Z","volume":204000,"price":8.44,"category":"ubbull"},{"type":"A","date":"2018-03-16T03:20:49.000Z","volume":50000,"price":8.45,"category":"ubbull"},{"type":"A","date":"2018-03-16T03:14:38.000Z","volume":76000,"price":8.46,"category":"ubbull"},{"type":"A","date":"2018-03-16T02:50:19.000Z","volume":94000,"price":8.48,"category":"ubbull"},{"type":"A","date":"2018-03-16T02:49:25.000Z","volume":318000,"price":8.47,"category":"ubbull"},{"type":"A","date":"2018-03-16T02:49:25.000Z","volume":80000,"price":8.47,"category":"ubbull"},{"type":"A","date":"2018-03-16T02:44:48.000Z","volume":48000,"price":8.5,"category":"ubbull"},{"type":"A","date":"2018-03-16T02:44:38.000Z","volume":38000,"price":8.5,"category":"ubbull"},{"type":"A","date":"2018-03-16T02:39:49.000Z","volume":42000,"price":8.52,"category":"ubbull"},{"type":"A","date":"2018-03-16T02:39:36.000Z","volume":102000,"price":8.53,"category":"ubbull"},{"type":"A","date":"2018-03-16T02:39:32.000Z","volume":50000,"price":8.52,"category":"ubbull"},{"type":"A","date":"2018-03-16T02:39:13.000Z","volume":1498000,"price":8.5,"category":"ubbull"},{"type":"A","date":"2018-03-16T02:39:13.000Z","volume":412000,"price":8.5,"category":"ubbull"},{"type":"A","date":"2018-03-16T02:38:46.000Z","volume":400000,"price":8.5,"category":"ubbull"},{"type":"A","date":"2018-03-16T02:38:38.000Z","volume":90000,"price":8.49,"category":"ubbull"},{"type":"A","date":"2018-03-16T02:38:38.000Z","volume":150000,"price":8.49,"category":"ubbull"},{"type":"A","date":"2018-03-16T02:38:38.000Z","volume":50000,"price":8.49,"category":"ubbull"},{"type":"A","date":"2018-03-16T02:38:17.000Z","volume":100000,"price":8.48,"category":"ubbull"},{"type":"A","date":"2018-03-16T02:38:17.000Z","volume":44000,"price":8.48,"category":"ubbull"},{"type":"A","date":"2018-03-16T02:37:57.000Z","volume":40000,"price":8.48,"category":"ubbull"},{"type":"A","date":"2018-03-16T02:37:53.000Z","volume":50000,"price":8.48,"category":"ubbull"},{"type":"A","date":"2018-03-16T02:37:13.000Z","volume":94000,"price":8.47,"category":"ubbull"},{"type":"A","date":"2018-03-16T02:37:11.000Z","volume":478000,"price":8.46,"category":"ubbull"},{"type":"A","date":"2018-03-16T02:36:57.000Z","volume":96000,"price":8.45,"category":"ubbull"},{"type":"A","date":"2018-03-16T02:31:29.000Z","volume":44000,"price":8.45,"category":"ubbull"},{"type":"A","date":"2018-03-16T02:30:55.000Z","volume":48000,"price":8.45,"category":"ubbull"},{"type":"A","date":"2018-03-16T02:29:55.000Z","volume":44000,"price":8.45,"category":"ubbull"},{"type":"A","date":"2018-03-16T02:28:17.000Z","volume":94000,"price":8.45,"category":"ubbull"},{"type":"A","date":"2018-03-16T02:28:17.000Z","volume":80000,"price":8.45,"category":"ubbull"},{"type":"A","date":"2018-03-16T02:26:12.000Z","volume":48000,"price":8.45,"category":"ubbull"},{"type":"A","date":"2018-03-16T02:26:04.000Z","volume":176000,"price":8.45,"category":"ubbull"},{"type":"A","date":"2018-03-16T02:25:55.000Z","volume":400000,"price":8.45,"category":"ubbull"},{"type":"A","date":"2018-03-16T02:25:31.000Z","volume":100000,"price":8.45,"category":"ubbull"},{"type":"A","date":"2018-03-16T02:25:11.000Z","volume":126000,"price":8.44,"category":"ubbull"},{"type":"A","date":"2018-03-16T02:25:02.000Z","volume":42000,"price":8.43,"category":"ubbull"},{"type":"A","date":"2018-03-16T02:23:29.000Z","volume":50000,"price":8.42,"category":"ubbull"},{"type":"A","date":"2018-03-16T02:19:18.000Z","volume":44000,"price":8.44,"category":"ubbull"},{"type":"A","date":"2018-03-16T02:18:14.000Z","volume":50000,"price":8.44,"category":"ubbull"},{"type":"A","date":"2018-03-16T02:17:57.000Z","volume":44000,"price":8.43,"category":"ubbull"},{"type":"A","date":"2018-03-16T02:15:01.000Z","volume":468000,"price":8.42,"category":"ubbull"},{"type":"A","date":"2018-03-16T02:12:05.000Z","volume":130000,"price":8.41,"category":"ubbull"},{"type":"A","date":"2018-03-16T02:09:30.000Z","volume":44000,"price":8.41,"category":"ubbull"},{"type":"A","date":"2018-03-16T02:09:18.000Z","volume":100000,"price":8.41,"category":"ubbull"},{"type":"A","date":"2018-03-16T02:08:07.000Z","volume":126000,"price":8.4,"category":"ubbull"},{"type":"A","date":"2018-03-16T02:05:49.000Z","volume":46000,"price":8.4,"category":"ubbull"},{"type":"A","date":"2018-03-16T02:05:20.000Z","volume":100000,"price":8.41,"category":"ubbull"},{"type":"A","date":"2018-03-16T02:04:12.000Z","volume":38000,"price":8.41,"category":"ubbull"},{"type":"A","date":"2018-03-16T01:52:27.000Z","volume":70000,"price":8.45,"category":"ubbull"},{"type":"A","date":"2018-03-16T01:52:27.000Z","volume":100000,"price":8.45,"category":"ubbull"},{"type":"A","date":"2018-03-16T01:51:58.000Z","volume":50000,"price":8.44,"category":"ubbull"},{"type":"A","date":"2018-03-16T01:51:57.000Z","volume":50000,"price":8.44,"category":"ubbull"},{"type":"A","date":"2018-03-16T01:51:38.000Z","volume":50000,"price":8.43,"category":"ubbull"},{"type":"A","date":"2018-03-16T01:50:18.000Z","volume":176000,"price":8.43,"category":"ubbull"},{"type":"A","date":"2018-03-16T01:49:26.000Z","volume":50000,"price":8.43,"category":"ubbull"},{"type":"A","date":"2018-03-16T01:46:28.000Z","volume":118000,"price":8.42,"category":"ubbull"},{"type":"A","date":"2018-03-16T01:44:25.000Z","volume":94000,"price":8.42,"category":"ubbull"},{"type":"A","date":"2018-03-16T01:44:25.000Z","volume":38000,"price":8.41,"category":"ubbull"},{"type":"A","date":"2018-03-16T01:43:25.000Z","volume":62000,"price":8.4,"category":"ubbull"},{"type":"A","date":"2018-03-16T01:40:00.000Z","volume":46000,"price":8.39,"category":"ubbull"},{"type":"A","date":"2018-03-16T01:37:55.000Z","volume":46000,"price":8.38,"category":"ubbull"},{"type":"A","date":"2018-03-16T01:36:13.000Z","volume":50000,"price":8.38,"category":"ubbull"},{"type":"A","date":"2018-03-16T01:34:58.000Z","volume":200000,"price":8.37,"category":"ubbull"},{"type":"A","date":"2018-03-16T01:32:50.000Z","volume":46000,"price":8.37,"category":"ubbull"},{"type":"A","date":"2018-03-16T01:30:41.000Z","volume":48000,"price":8.35,"category":"ubbull"},{"type":"A","date":"2018-03-16T07:59:57.000Z","volume":14000,"price":8.41,"category":"bbull"},{"type":"A","date":"2018-03-16T07:59:54.000Z","volume":32000,"price":8.41,"category":"bbull"},{"type":"A","date":"2018-03-16T07:59:54.000Z","volume":36000,"price":8.41,"category":"bbull"},{"type":"A","date":"2018-03-16T07:59:30.000Z","volume":20000,"price":8.4,"category":"bbull"},{"type":"A","date":"2018-03-16T07:59:30.000Z","volume":22000,"price":8.4,"category":"bbull"},{"type":"A","date":"2018-03-16T07:59:28.000Z","volume":16000,"price":8.4,"category":"bbull"},{"type":"A","date":"2018-03-16T07:59:28.000Z","volume":22000,"price":8.4,"category":"bbull"},{"type":"A","date":"2018-03-16T07:58:58.000Z","volume":22000,"price":8.39,"category":"bbull"},{"type":"A","date":"2018-03-16T07:58:28.000Z","volume":32000,"price":8.39,"category":"bbull"},{"type":"A","date":"2018-03-16T07:57:46.000Z","volume":16000,"price":8.38,"category":"bbull"},{"type":"A","date":"2018-03-16T07:57:46.000Z","volume":36000,"price":8.38,"category":"bbull"},{"type":"A","date":"2018-03-16T07:56:22.000Z","volume":24000,"price":8.4,"category":"bbull"},{"type":"A","date":"2018-03-16T07:55:56.000Z","volume":16000,"price":8.39,"category":"bbull"},{"type":"A","date":"2018-03-16T07:55:25.000Z","volume":16000,"price":8.39,"category":"bbull"},{"type":"A","date":"2018-03-16T07:54:45.000Z","volume":16000,"price":8.4,"category":"bbull"},{"type":"A","date":"2018-03-16T07:54:17.000Z","volume":16000,"price":8.41,"category":"bbull"},{"type":"A","date":"2018-03-16T07:53:22.000Z","volume":16000,"price":8.41,"category":"bbull"},{"type":"A","date":"2018-03-16T07:47:48.000Z","volume":22000,"price":8.41,"category":"bbull"},{"type":"A","date":"2018-03-16T07:47:48.000Z","volume":18000,"price":8.41,"category":"bbull"},{"type":"A","date":"2018-03-16T07:45:26.000Z","volume":34000,"price":8.41,"category":"bbull"},{"type":"A","date":"2018-03-16T07:41:05.000Z","volume":18000,"price":8.4,"category":"bbull"},{"type":"A","date":"2018-03-16T07:39:24.000Z","volume":20000,"price":8.41,"category":"bbull"},{"type":"A","date":"2018-03-16T07:39:22.000Z","volume":24000,"price":8.41,"category":"bbull"},{"type":"A","date":"2018-03-16T07:39:21.000Z","volume":24000,"price":8.41,"category":"bbull"},{"type":"A","date":"2018-03-16T07:39:21.000Z","volume":20000,"price":8.41,"category":"bbull"},{"type":"A","date":"2018-03-16T07:39:19.000Z","volume":20000,"price":8.41,"category":"bbull"},{"type":"A","date":"2018-03-16T07:32:58.000Z","volume":20000,"price":8.42,"category":"bbull"},{"type":"A","date":"2018-03-16T07:29:18.000Z","volume":24000,"price":8.4,"category":"bbull"},{"type":"A","date":"2018-03-16T07:29:05.000Z","volume":16000,"price":8.39,"category":"bbull"},{"type":"A","date":"2018-03-16T07:25:46.000Z","volume":14000,"price":8.39,"category":"bbull"},{"type":"A","date":"2018-03-16T07:23:18.000Z","volume":14000,"price":8.4,"category":"bbull"},{"type":"A","date":"2018-03-16T07:22:49.000Z","volume":20000,"price":8.4,"category":"bbull"},{"type":"A","date":"2018-03-16T07:21:53.000Z","volume":16000,"price":8.39,"category":"bbull"},{"type":"A","date":"2018-03-16T07:21:18.000Z","volume":26000,"price":8.38,"category":"bbull"},{"type":"A","date":"2018-03-16T07:17:21.000Z","volume":22000,"price":8.36,"category":"bbull"},{"type":"A","date":"2018-03-16T07:16:33.000Z","volume":14000,"price":8.36,"category":"bbull"},{"type":"A","date":"2018-03-16T07:16:32.000Z","volume":32000,"price":8.36,"category":"bbull"},{"type":"A","date":"2018-03-16T07:15:35.000Z","volume":18000,"price":8.37,"category":"bbull"},{"type":"A","date":"2018-03-16T07:15:33.000Z","volume":22000,"price":8.36,"category":"bbull"},{"type":"A","date":"2018-03-16T07:14:43.000Z","volume":18000,"price":8.34,"category":"bbull"},{"type":"A","date":"2018-03-16T07:13:32.000Z","volume":24000,"price":8.35,"category":"bbull"},{"type":"A","date":"2018-03-16T07:13:10.000Z","volume":30000,"price":8.36,"category":"bbull"},{"type":"A","date":"2018-03-16T07:12:34.000Z","volume":18000,"price":8.36,"category":"bbull"},{"type":"A","date":"2018-03-16T07:12:11.000Z","volume":18000,"price":8.36,"category":"bbull"},{"type":"A","date":"2018-03-16T07:08:14.000Z","volume":18000,"price":8.36,"category":"bbull"},{"type":"A","date":"2018-03-16T07:07:12.000Z","volume":16000,"price":8.37,"category":"bbull"},{"type":"A","date":"2018-03-16T06:56:51.000Z","volume":28000,"price":8.37,"category":"bbull"},{"type":"A","date":"2018-03-16T06:52:16.000Z","volume":20000,"price":8.39,"category":"bbull"},{"type":"A","date":"2018-03-16T06:46:41.000Z","volume":28000,"price":8.41,"category":"bbull"},{"type":"A","date":"2018-03-16T06:46:00.000Z","volume":24000,"price":8.42,"category":"bbull"},{"type":"A","date":"2018-03-16T06:44:37.000Z","volume":14000,"price":8.44,"category":"bbull"},{"type":"A","date":"2018-03-16T06:41:05.000Z","volume":18000,"price":8.43,"category":"bbull"},{"type":"A","date":"2018-03-16T06:40:01.000Z","volume":16000,"price":8.43,"category":"bbull"},{"type":"A","date":"2018-03-16T06:35:48.000Z","volume":30000,"price":8.43,"category":"bbull"},{"type":"A","date":"2018-03-16T06:30:14.000Z","volume":24000,"price":8.43,"category":"bbull"},{"type":"A","date":"2018-03-16T06:28:19.000Z","volume":30000,"price":8.43,"category":"bbull"},{"type":"A","date":"2018-03-16T06:27:56.000Z","volume":20000,"price":8.42,"category":"bbull"},{"type":"A","date":"2018-03-16T06:23:28.000Z","volume":30000,"price":8.42,"category":"bbull"},{"type":"A","date":"2018-03-16T06:17:35.000Z","volume":18000,"price":8.42,"category":"bbull"},{"type":"A","date":"2018-03-16T06:16:34.000Z","volume":22000,"price":8.41,"category":"bbull"},{"type":"A","date":"2018-03-16T06:07:27.000Z","volume":16000,"price":8.44,"category":"bbull"},{"type":"A","date":"2018-03-16T06:06:17.000Z","volume":18000,"price":8.44,"category":"bbull"},{"type":"A","date":"2018-03-16T05:58:54.000Z","volume":14000,"price":8.47,"category":"bbull"},{"type":"A","date":"2018-03-16T05:58:27.000Z","volume":16000,"price":8.47,"category":"bbull"},{"type":"A","date":"2018-03-16T05:51:07.000Z","volume":16000,"price":8.46,"category":"bbull"},{"type":"A","date":"2018-03-16T05:50:49.000Z","volume":24000,"price":8.46,"category":"bbull"},{"type":"A","date":"2018-03-16T05:48:05.000Z","volume":20000,"price":8.47,"category":"bbull"},{"type":"A","date":"2018-03-16T05:42:03.000Z","volume":20000,"price":8.47,"category":"bbull"},{"type":"A","date":"2018-03-16T05:40:57.000Z","volume":26000,"price":8.47,"category":"bbull"},{"type":"A","date":"2018-03-16T05:39:47.000Z","volume":20000,"price":8.47,"category":"bbull"},{"type":"A","date":"2018-03-16T05:38:54.000Z","volume":32000,"price":8.47,"category":"bbull"},{"type":"A","date":"2018-03-16T05:35:46.000Z","volume":22000,"price":8.47,"category":"bbull"},{"type":"A","date":"2018-03-16T05:35:30.000Z","volume":22000,"price":8.47,"category":"bbull"},{"type":"A","date":"2018-03-16T05:33:25.000Z","volume":14000,"price":8.47,"category":"bbull"},{"type":"A","date":"2018-03-16T05:32:23.000Z","volume":14000,"price":8.46,"category":"bbull"},{"type":"A","date":"2018-03-16T05:31:38.000Z","volume":16000,"price":8.47,"category":"bbull"},{"type":"A","date":"2018-03-16T05:21:12.000Z","volume":32000,"price":8.49,"category":"bbull"},{"type":"A","date":"2018-03-16T05:19:20.000Z","volume":28000,"price":8.49,"category":"bbull"},{"type":"A","date":"2018-03-16T05:19:07.000Z","volume":26000,"price":8.49,"category":"bbull"},{"type":"A","date":"2018-03-16T05:17:58.000Z","volume":14000,"price":8.48,"category":"bbull"},{"type":"A","date":"2018-03-16T05:16:43.000Z","volume":26000,"price":8.47,"category":"bbull"},{"type":"A","date":"2018-03-16T05:16:30.000Z","volume":24000,"price":8.47,"category":"bbull"},{"type":"A","date":"2018-03-16T05:16:29.000Z","volume":18000,"price":8.47,"category":"bbull"},{"type":"A","date":"2018-03-16T05:15:15.000Z","volume":20000,"price":8.47,"category":"bbull"},{"type":"A","date":"2018-03-16T05:11:58.000Z","volume":32000,"price":8.46,"category":"bbull"},{"type":"A","date":"2018-03-16T05:10:46.000Z","volume":22000,"price":8.46,"category":"bbull"},{"type":"A","date":"2018-03-16T05:10:32.000Z","volume":14000,"price":8.46,"category":"bbull"},{"type":"A","date":"2018-03-16T05:03:18.000Z","volume":26000,"price":8.45,"category":"bbull"},{"type":"A","date":"2018-03-16T05:02:22.000Z","volume":16000,"price":8.44,"category":"bbull"},{"type":"A","date":"2018-03-16T05:00:03.000Z","volume":20000,"price":8.42,"category":"bbull"},{"type":"A","date":"2018-03-16T05:00:03.000Z","volume":28000,"price":8.42,"category":"bbull"},{"type":"A","date":"2018-03-16T03:42:04.000Z","volume":30000,"price":8.4,"category":"bbull"},{"type":"A","date":"2018-03-16T03:37:20.000Z","volume":36000,"price":8.4,"category":"bbull"},{"type":"A","date":"2018-03-16T03:37:20.000Z","volume":30000,"price":8.4,"category":"bbull"},{"type":"A","date":"2018-03-16T03:36:20.000Z","volume":20000,"price":8.4,"category":"bbull"},{"type":"A","date":"2018-03-16T03:36:13.000Z","volume":30000,"price":8.4,"category":"bbull"},{"type":"A","date":"2018-03-16T03:21:58.000Z","volume":28000,"price":8.45,"category":"bbull"},{"type":"A","date":"2018-03-16T03:18:57.000Z","volume":16000,"price":8.45,"category":"bbull"},{"type":"A","date":"2018-03-16T03:18:57.000Z","volume":24000,"price":8.45,"category":"bbull"},{"type":"A","date":"2018-03-16T03:18:09.000Z","volume":18000,"price":8.46,"category":"bbull"},{"type":"A","date":"2018-03-16T03:17:25.000Z","volume":16000,"price":8.46,"category":"bbull"},{"type":"A","date":"2018-03-16T03:14:38.000Z","volume":16000,"price":8.46,"category":"bbull"},{"type":"A","date":"2018-03-16T03:14:38.000Z","volume":14000,"price":8.46,"category":"bbull"},{"type":"A","date":"2018-03-16T03:00:10.000Z","volume":18000,"price":8.48,"category":"bbull"},{"type":"A","date":"2018-03-16T02:57:00.000Z","volume":36000,"price":8.48,"category":"bbull"},{"type":"A","date":"2018-03-16T02:54:16.000Z","volume":14000,"price":8.48,"category":"bbull"},{"type":"A","date":"2018-03-16T02:54:11.000Z","volume":20000,"price":8.48,"category":"bbull"},{"type":"A","date":"2018-03-16T02:51:28.000Z","volume":30000,"price":8.49,"category":"bbull"},{"type":"A","date":"2018-03-16T02:51:27.000Z","volume":34000,"price":8.49,"category":"bbull"},{"type":"A","date":"2018-03-16T02:49:09.000Z","volume":20000,"price":8.47,"category":"bbull"},{"type":"A","date":"2018-03-16T02:47:05.000Z","volume":18000,"price":8.49,"category":"bbull"},{"type":"A","date":"2018-03-16T02:46:38.000Z","volume":20000,"price":8.49,"category":"bbull"},{"type":"A","date":"2018-03-16T02:42:24.000Z","volume":18000,"price":8.5,"category":"bbull"},{"type":"A","date":"2018-03-16T02:41:00.000Z","volume":20000,"price":8.52,"category":"bbull"},{"type":"A","date":"2018-03-16T02:40:40.000Z","volume":34000,"price":8.52,"category":"bbull"},{"type":"A","date":"2018-03-16T02:40:18.000Z","volume":36000,"price":8.53,"category":"bbull"},{"type":"A","date":"2018-03-16T02:40:18.000Z","volume":18000,"price":8.52,"category":"bbull"},{"type":"A","date":"2018-03-16T02:39:32.000Z","volume":28000,"price":8.52,"category":"bbull"},{"type":"A","date":"2018-03-16T02:38:49.000Z","volume":20000,"price":8.5,"category":"bbull"},{"type":"A","date":"2018-03-16T02:38:37.000Z","volume":30000,"price":8.49,"category":"bbull"},{"type":"A","date":"2018-03-16T02:36:16.000Z","volume":34000,"price":8.45,"category":"bbull"},{"type":"A","date":"2018-03-16T02:35:17.000Z","volume":22000,"price":8.46,"category":"bbull"},{"type":"A","date":"2018-03-16T02:26:19.000Z","volume":18000,"price":8.46,"category":"bbull"},{"type":"A","date":"2018-03-16T02:25:56.000Z","volume":20000,"price":8.45,"category":"bbull"},{"type":"A","date":"2018-03-16T02:25:02.000Z","volume":30000,"price":8.43,"category":"bbull"},{"type":"A","date":"2018-03-16T02:22:10.000Z","volume":14000,"price":8.43,"category":"bbull"},{"type":"A","date":"2018-03-16T02:19:07.000Z","volume":20000,"price":8.44,"category":"bbull"},{"type":"A","date":"2018-03-16T02:19:01.000Z","volume":20000,"price":8.44,"category":"bbull"},{"type":"A","date":"2018-03-16T02:17:57.000Z","volume":24000,"price":8.43,"category":"bbull"},{"type":"A","date":"2018-03-16T02:15:18.000Z","volume":20000,"price":8.43,"category":"bbull"},{"type":"A","date":"2018-03-16T02:12:53.000Z","volume":16000,"price":8.41,"category":"bbull"},{"type":"A","date":"2018-03-16T02:10:06.000Z","volume":20000,"price":8.41,"category":"bbull"},{"type":"A","date":"2018-03-16T02:04:12.000Z","volume":24000,"price":8.42,"category":"bbull"},{"type":"A","date":"2018-03-16T02:03:53.000Z","volume":20000,"price":8.4,"category":"bbull"},{"type":"A","date":"2018-03-16T02:03:42.000Z","volume":14000,"price":8.4,"category":"bbull"},{"type":"A","date":"2018-03-16T02:03:19.000Z","volume":24000,"price":8.38,"category":"bbull"},{"type":"A","date":"2018-03-16T02:03:11.000Z","volume":26000,"price":8.37,"category":"bbull"},{"type":"A","date":"2018-03-16T02:02:47.000Z","volume":36000,"price":8.37,"category":"bbull"},{"type":"A","date":"2018-03-16T02:02:38.000Z","volume":14000,"price":8.37,"category":"bbull"},{"type":"A","date":"2018-03-16T02:00:02.000Z","volume":14000,"price":8.41,"category":"bbull"},{"type":"A","date":"2018-03-16T01:56:06.000Z","volume":24000,"price":8.43,"category":"bbull"},{"type":"A","date":"2018-03-16T01:54:05.000Z","volume":16000,"price":8.46,"category":"bbull"},{"type":"A","date":"2018-03-16T01:53:13.000Z","volume":22000,"price":8.46,"category":"bbull"},{"type":"A","date":"2018-03-16T01:52:27.000Z","volume":22000,"price":8.45,"category":"bbull"},{"type":"A","date":"2018-03-16T01:52:27.000Z","volume":16000,"price":8.45,"category":"bbull"},{"type":"A","date":"2018-03-16T01:52:10.000Z","volume":34000,"price":8.44,"category":"bbull"},{"type":"A","date":"2018-03-16T01:51:46.000Z","volume":26000,"price":8.43,"category":"bbull"},{"type":"A","date":"2018-03-16T01:51:33.000Z","volume":14000,"price":8.43,"category":"bbull"},{"type":"A","date":"2018-03-16T01:50:51.000Z","volume":20000,"price":8.43,"category":"bbull"},{"type":"A","date":"2018-03-16T01:50:20.000Z","volume":14000,"price":8.43,"category":"bbull"},{"type":"A","date":"2018-03-16T01:49:20.000Z","volume":14000,"price":8.43,"category":"bbull"},{"type":"A","date":"2018-03-16T01:48:07.000Z","volume":22000,"price":8.42,"category":"bbull"},{"type":"A","date":"2018-03-16T01:47:41.000Z","volume":26000,"price":8.42,"category":"bbull"},{"type":"A","date":"2018-03-16T01:46:29.000Z","volume":22000,"price":8.42,"category":"bbull"},{"type":"A","date":"2018-03-16T01:45:01.000Z","volume":20000,"price":8.43,"category":"bbull"},{"type":"A","date":"2018-03-16T01:44:38.000Z","volume":16000,"price":8.42,"category":"bbull"},{"type":"A","date":"2018-03-16T01:44:25.000Z","volume":14000,"price":8.42,"category":"bbull"},{"type":"A","date":"2018-03-16T01:44:25.000Z","volume":18000,"price":8.41,"category":"bbull"},{"type":"A","date":"2018-03-16T01:44:14.000Z","volume":34000,"price":8.41,"category":"bbull"},{"type":"A","date":"2018-03-16T01:43:56.000Z","volume":18000,"price":8.41,"category":"bbull"},{"type":"A","date":"2018-03-16T01:43:28.000Z","volume":20000,"price":8.41,"category":"bbull"},{"type":"A","date":"2018-03-16T01:43:25.000Z","volume":14000,"price":8.4,"category":"bbull"},{"type":"A","date":"2018-03-16T01:42:24.000Z","volume":16000,"price":8.38,"category":"bbull"},{"type":"A","date":"2018-03-16T01:40:51.000Z","volume":20000,"price":8.39,"category":"bbull"},{"type":"A","date":"2018-03-16T01:40:02.000Z","volume":18000,"price":8.4,"category":"bbull"},{"type":"A","date":"2018-03-16T01:40:00.000Z","volume":18000,"price":8.39,"category":"bbull"},{"type":"A","date":"2018-03-16T01:37:56.000Z","volume":18000,"price":8.39,"category":"bbull"},{"type":"A","date":"2018-03-16T01:37:55.000Z","volume":36000,"price":8.38,"category":"bbull"},{"type":"A","date":"2018-03-16T01:35:07.000Z","volume":22000,"price":8.38,"category":"bbull"},{"type":"A","date":"2018-03-16T01:34:59.000Z","volume":16000,"price":8.38,"category":"bbull"},{"type":"A","date":"2018-03-16T01:34:58.000Z","volume":14000,"price":8.38,"category":"bbull"},{"type":"A","date":"2018-03-16T01:32:50.000Z","volume":14000,"price":8.37,"category":"bbull"},{"type":"A","date":"2018-03-16T07:59:57.000Z","volume":2000,"price":8.41,"category":"rbull"},{"type":"A","date":"2018-03-16T07:59:54.000Z","volume":2000,"price":8.41,"category":"rbull"},{"type":"A","date":"2018-03-16T07:59:46.000Z","volume":2000,"price":8.4,"category":"rbull"},{"type":"A","date":"2018-03-16T07:59:46.000Z","volume":2000,"price":8.4,"category":"rbull"},{"type":"A","date":"2018-03-16T07:59:45.000Z","volume":2000,"price":8.41,"category":"rbull"},{"type":"A","date":"2018-03-16T07:59:44.000Z","volume":2000,"price":8.41,"category":"rbull"},{"type":"A","date":"2018-03-16T07:59:44.000Z","volume":2000,"price":8.4,"category":"rbull"},{"type":"A","date":"2018-03-16T07:59:44.000Z","volume":2000,"price":8.4,"category":"rbull"},{"type":"A","date":"2018-03-16T07:59:42.000Z","volume":2000,"price":8.41,"category":"rbull"},{"type":"A","date":"2018-03-16T07:59:40.000Z","volume":2000,"price":8.41,"category":"rbull"},{"type":"A","date":"2018-03-16T07:59:39.000Z","volume":2000,"price":8.41,"category":"rbull"},{"type":"A","date":"2018-03-16T07:59:38.000Z","volume":2000,"price":8.41,"category":"rbull"},{"type":"A","date":"2018-03-16T07:59:35.000Z","volume":2000,"price":8.41,"category":"rbull"},{"type":"A","date":"2018-03-16T07:59:33.000Z","volume":2000,"price":8.41,"category":"rbull"},{"type":"A","date":"2018-03-16T07:59:18.000Z","volume":2000,"price":8.4,"category":"rbull"},{"type":"A","date":"2018-03-16T07:59:16.000Z","volume":2000,"price":8.4,"category":"rbull"},{"type":"A","date":"2018-03-16T07:59:16.000Z","volume":2000,"price":8.4,"category":"rbull"},{"type":"A","date":"2018-03-16T07:59:16.000Z","volume":2000,"price":8.4,"category":"rbull"},{"type":"A","date":"2018-03-16T07:59:16.000Z","volume":2000,"price":8.4,"category":"rbull"},{"type":"A","date":"2018-03-16T07:59:15.000Z","volume":2000,"price":8.4,"category":"rbull"},{"type":"A","date":"2018-03-16T07:59:15.000Z","volume":2000,"price":8.39,"category":"rbull"},{"type":"A","date":"2018-03-16T07:59:15.000Z","volume":2000,"price":8.4,"category":"rbull"},{"type":"A","date":"2018-03-16T07:59:15.000Z","volume":2000,"price":8.4,"category":"rbull"},{"type":"A","date":"2018-03-16T07:59:13.000Z","volume":2000,"price":8.4,"category":"rbull"},{"type":"A","date":"2018-03-16T07:59:12.000Z","volume":2000,"price":8.4,"category":"rbull"},{"type":"A","date":"2018-03-16T07:59:07.000Z","volume":2000,"price":8.39,"category":"rbull"},{"type":"A","date":"2018-03-16T07:59:06.000Z","volume":2000,"price":8.4,"category":"rbull"},{"type":"A","date":"2018-03-16T07:59:04.000Z","volume":2000,"price":8.39,"category":"rbull"},{"type":"A","date":"2018-03-16T07:59:03.000Z","volume":2000,"price":8.39,"category":"rbull"},{"type":"A","date":"2018-03-16T07:59:02.000Z","volume":2000,"price":8.4,"category":"rbull"},{"type":"A","date":"2018-03-16T07:59:02.000Z","volume":2000,"price":8.39,"category":"rbull"},{"type":"A","date":"2018-03-16T07:59:02.000Z","volume":2000,"price":8.39,"category":"rbull"},{"type":"A","date":"2018-03-16T07:59:01.000Z","volume":2000,"price":8.39,"category":"rbull"},{"type":"A","date":"2018-03-16T07:59:01.000Z","volume":2000,"price":8.39,"category":"rbull"},{"type":"A","date":"2018-03-16T07:58:59.000Z","volume":2000,"price":8.39,"category":"rbull"},{"type":"A","date":"2018-03-16T07:58:58.000Z","volume":2000,"price":8.39,"category":"rbull"},{"type":"A","date":"2018-03-16T07:58:58.000Z","volume":2000,"price":8.39,"category":"rbull"},{"type":"A","date":"2018-03-16T07:58:47.000Z","volume":2000,"price":8.39,"category":"rbull"},{"type":"A","date":"2018-03-16T07:58:47.000Z","volume":2000,"price":8.39,"category":"rbull"},{"type":"A","date":"2018-03-16T07:58:45.000Z","volume":2000,"price":8.39,"category":"rbull"},{"type":"A","date":"2018-03-16T07:58:37.000Z","volume":2000,"price":8.39,"category":"rbull"},{"type":"A","date":"2018-03-16T07:58:37.000Z","volume":2000,"price":8.39,"category":"rbull"},{"type":"A","date":"2018-03-16T07:58:27.000Z","volume":2000,"price":8.39,"category":"rbull"},{"type":"A","date":"2018-03-16T07:58:26.000Z","volume":2000,"price":8.39,"category":"rbull"},{"type":"A","date":"2018-03-16T07:58:24.000Z","volume":2000,"price":8.39,"category":"rbull"},{"type":"A","date":"2018-03-16T07:58:19.000Z","volume":2000,"price":8.39,"category":"rbull"},{"type":"A","date":"2018-03-16T07:58:16.000Z","volume":2000,"price":8.39,"category":"rbull"},{"type":"A","date":"2018-03-16T07:58:13.000Z","volume":2000,"price":8.39,"category":"rbull"},{"type":"A","date":"2018-03-16T07:58:08.000Z","volume":2000,"price":8.39,"category":"rbull"},{"type":"A","date":"2018-03-16T07:56:22.000Z","volume":2000,"price":8.39,"category":"rbull"},{"type":"A","date":"2018-03-16T07:55:06.000Z","volume":2000,"price":8.4,"category":"rbull"},{"type":"A","date":"2018-03-16T07:54:39.000Z","volume":2000,"price":8.41,"category":"rbull"},{"type":"A","date":"2018-03-16T07:54:32.000Z","volume":2000,"price":8.41,"category":"rbull"},{"type":"A","date":"2018-03-16T07:54:17.000Z","volume":2000,"price":8.41,"category":"rbull"},{"type":"A","date":"2018-03-16T07:54:17.000Z","volume":2000,"price":8.41,"category":"rbull"},{"type":"A","date":"2018-03-16T07:54:15.000Z","volume":2000,"price":8.41,"category":"rbull"},{"type":"A","date":"2018-03-16T07:54:01.000Z","volume":2000,"price":8.41,"category":"rbull"},{"type":"A","date":"2018-03-16T07:53:44.000Z","volume":2000,"price":8.41,"category":"rbull"},{"type":"A","date":"2018-03-16T07:53:44.000Z","volume":2000,"price":8.41,"category":"rbull"},{"type":"A","date":"2018-03-16T07:53:40.000Z","volume":2000,"price":8.41,"category":"rbull"},{"type":"A","date":"2018-03-16T07:53:28.000Z","volume":2000,"price":8.41,"category":"rbull"},{"type":"A","date":"2018-03-16T07:53:22.000Z","volume":2000,"price":8.41,"category":"rbull"},{"type":"A","date":"2018-03-16T07:53:14.000Z","volume":2000,"price":8.41,"category":"rbull"},{"type":"A","date":"2018-03-16T07:53:11.000Z","volume":2000,"price":8.41,"category":"rbull"},{"type":"A","date":"2018-03-16T07:53:02.000Z","volume":2000,"price":8.41,"category":"rbull"},{"type":"A","date":"2018-03-16T07:52:55.000Z","volume":2000,"price":8.41,"category":"rbull"},{"type":"A","date":"2018-03-16T07:52:39.000Z","volume":2000,"price":8.41,"category":"rbull"},{"type":"A","date":"2018-03-16T07:52:26.000Z","volume":2000,"price":8.41,"category":"rbull"},{"type":"A","date":"2018-03-16T07:52:25.000Z","volume":2000,"price":8.41,"category":"rbull"},{"type":"A","date":"2018-03-16T07:52:13.000Z","volume":2000,"price":8.41,"category":"rbull"},{"type":"A","date":"2018-03-16T07:51:52.000Z","volume":2000,"price":8.41,"category":"rbull"},{"type":"A","date":"2018-03-16T07:51:49.000Z","volume":2000,"price":8.41,"category":"rbull"},{"type":"A","date":"2018-03-16T07:51:38.000Z","volume":2000,"price":8.41,"category":"rbull"},{"type":"A","date":"2018-03-16T07:51:25.000Z","volume":2000,"price":8.41,"category":"rbull"},{"type":"A","date":"2018-03-16T07:51:12.000Z","volume":2000,"price":8.41,"category":"rbull"},{"type":"A","date":"2018-03-16T07:51:02.000Z","volume":2000,"price":8.41,"category":"rbull"},{"type":"A","date":"2018-03-16T07:50:49.000Z","volume":2000,"price":8.41,"category":"rbull"},{"type":"A","date":"2018-03-16T07:50:36.000Z","volume":2000,"price":8.41,"category":"rbull"},{"type":"A","date":"2018-03-16T07:50:35.000Z","volume":2000,"price":8.41,"category":"rbull"},{"type":"A","date":"2018-03-16T07:50:24.000Z","volume":2000,"price":8.41,"category":"rbull"},{"type":"A","date":"2018-03-16T07:50:22.000Z","volume":2000,"price":8.41,"category":"rbull"},{"type":"A","date":"2018-03-16T07:50:05.000Z","volume":2000,"price":8.41,"category":"rbull"},{"type":"A","date":"2018-03-16T07:50:00.000Z","volume":2000,"price":8.41,"category":"rbull"},{"type":"A","date":"2018-03-16T07:49:59.000Z","volume":2000,"price":8.41,"category":"rbull"},{"type":"A","date":"2018-03-16T07:49:44.000Z","volume":2000,"price":8.41,"category":"rbull"},{"type":"A","date":"2018-03-16T07:49:32.000Z","volume":2000,"price":8.41,"category":"rbull"},{"type":"A","date":"2018-03-16T07:49:25.000Z","volume":2000,"price":8.41,"category":"rbull"},{"type":"A","date":"2018-03-16T07:49:23.000Z","volume":2000,"price":8.41,"category":"rbull"},{"type":"A","date":"2018-03-16T07:49:18.000Z","volume":2000,"price":8.41,"category":"rbull"},{"type":"A","date":"2018-03-16T07:48:08.000Z","volume":2000,"price":8.42,"category":"rbull"},{"type":"A","date":"2018-03-16T07:47:59.000Z","volume":2000,"price":8.42,"category":"rbull"},{"type":"A","date":"2018-03-16T07:47:50.000Z","volume":2000,"price":8.42,"category":"rbull"},{"type":"A","date":"2018-03-16T07:47:48.000Z","volume":2000,"price":8.41,"category":"rbull"},{"type":"A","date":"2018-03-16T07:47:48.000Z","volume":2000,"price":8.41,"category":"rbull"},{"type":"A","date":"2018-03-16T07:47:48.000Z","volume":2000,"price":8.41,"category":"rbull"},{"type":"A","date":"2018-03-16T07:47:48.000Z","volume":2000,"price":8.41,"category":"rbull"},{"type":"A","date":"2018-03-16T07:47:48.000Z","volume":2000,"price":8.41,"category":"rbull"},{"type":"A","date":"2018-03-16T07:47:43.000Z","volume":2000,"price":8.41,"category":"rbull"},{"type":"A","date":"2018-03-16T07:47:41.000Z","volume":2000,"price":8.41,"category":"rbull"},{"type":"A","date":"2018-03-16T07:47:24.000Z","volume":2000,"price":8.41,"category":"rbull"},{"type":"A","date":"2018-03-16T07:47:24.000Z","volume":2000,"price":8.41,"category":"rbull"},{"type":"A","date":"2018-03-16T07:47:04.000Z","volume":2000,"price":8.41,"category":"rbull"},{"type":"A","date":"2018-03-16T07:46:55.000Z","volume":2000,"price":8.41,"category":"rbull"},{"type":"A","date":"2018-03-16T07:46:53.000Z","volume":2000,"price":8.41,"category":"rbull"},{"type":"A","date":"2018-03-16T07:46:37.000Z","volume":2000,"price":8.41,"category":"rbull"},{"type":"A","date":"2018-03-16T07:46:21.000Z","volume":2000,"price":8.41,"category":"rbull"},{"type":"A","date":"2018-03-16T07:46:19.000Z","volume":2000,"price":8.41,"category":"rbull"},{"type":"A","date":"2018-03-16T07:46:07.000Z","volume":2000,"price":8.41,"category":"rbull"},{"type":"A","date":"2018-03-16T07:45:58.000Z","volume":2000,"price":8.41,"category":"rbull"},{"type":"A","date":"2018-03-16T07:45:42.000Z","volume":2000,"price":8.41,"category":"rbull"},{"type":"A","date":"2018-03-16T07:45:31.000Z","volume":2000,"price":8.41,"category":"rbull"},{"type":"A","date":"2018-03-16T07:45:26.000Z","volume":2000,"price":8.41,"category":"rbull"},{"type":"A","date":"2018-03-16T07:44:23.000Z","volume":2000,"price":8.41,"category":"rbull"},{"type":"A","date":"2018-03-16T07:43:51.000Z","volume":2000,"price":8.41,"category":"rbull"},{"type":"A","date":"2018-03-16T07:43:42.000Z","volume":2000,"price":8.41,"category":"rbull"},{"type":"A","date":"2018-03-16T07:43:26.000Z","volume":2000,"price":8.41,"category":"rbull"},{"type":"A","date":"2018-03-16T07:43:16.000Z","volume":2000,"price":8.41,"category":"rbull"},{"type":"A","date":"2018-03-16T07:43:10.000Z","volume":2000,"price":8.41,"category":"rbull"},{"type":"A","date":"2018-03-16T07:42:54.000Z","volume":2000,"price":8.41,"category":"rbull"},{"type":"A","date":"2018-03-16T07:42:38.000Z","volume":2000,"price":8.41,"category":"rbull"},{"type":"A","date":"2018-03-16T07:42:38.000Z","volume":2000,"price":8.41,"category":"rbull"},{"type":"A","date":"2018-03-16T07:42:23.000Z","volume":2000,"price":8.41,"category":"rbull"},{"type":"A","date":"2018-03-16T07:42:07.000Z","volume":2000,"price":8.41,"category":"rbull"},{"type":"A","date":"2018-03-16T07:40:58.000Z","volume":2000,"price":8.39,"category":"rbull"},{"type":"A","date":"2018-03-16T07:40:31.000Z","volume":2000,"price":8.42,"category":"rbull"},{"type":"A","date":"2018-03-16T07:40:12.000Z","volume":2000,"price":8.42,"category":"rbull"},{"type":"A","date":"2018-03-16T07:40:07.000Z","volume":2000,"price":8.42,"category":"rbull"},{"type":"A","date":"2018-03-16T07:39:52.000Z","volume":2000,"price":8.42,"category":"rbull"},{"type":"A","date":"2018-03-16T07:39:35.000Z","volume":2000,"price":8.42,"category":"rbull"},{"type":"A","date":"2018-03-16T07:39:24.000Z","volume":2000,"price":8.42,"category":"rbull"},{"type":"A","date":"2018-03-16T07:39:24.000Z","volume":2000,"price":8.42,"category":"rbull"},{"type":"A","date":"2018-03-16T07:39:03.000Z","volume":2000,"price":8.41,"category":"rbull"},{"type":"A","date":"2018-03-16T07:38:58.000Z","volume":2000,"price":8.41,"category":"rbull"},{"type":"A","date":"2018-03-16T07:38:48.000Z","volume":2000,"price":8.41,"category":"rbull"},{"type":"A","date":"2018-03-16T07:38:40.000Z","volume":2000,"price":8.41,"category":"rbull"},{"type":"A","date":"2018-03-16T07:38:20.000Z","volume":2000,"price":8.41,"category":"rbull"},{"type":"A","date":"2018-03-16T07:38:16.000Z","volume":2000,"price":8.41,"category":"rbull"},{"type":"A","date":"2018-03-16T07:38:00.000Z","volume":2000,"price":8.41,"category":"rbull"},{"type":"A","date":"2018-03-16T07:38:00.000Z","volume":2000,"price":8.41,"category":"rbull"},{"type":"A","date":"2018-03-16T07:37:46.000Z","volume":2000,"price":8.41,"category":"rbull"},{"type":"A","date":"2018-03-16T07:37:44.000Z","volume":2000,"price":8.41,"category":"rbull"},{"type":"A","date":"2018-03-16T07:36:52.000Z","volume":2000,"price":8.42,"category":"rbull"},{"type":"A","date":"2018-03-16T07:36:23.000Z","volume":2000,"price":8.42,"category":"rbull"},{"type":"A","date":"2018-03-16T07:36:22.000Z","volume":2000,"price":8.42,"category":"rbull"},{"type":"A","date":"2018-03-16T07:35:51.000Z","volume":2000,"price":8.42,"category":"rbull"},{"type":"A","date":"2018-03-16T07:35:51.000Z","volume":2000,"price":8.42,"category":"rbull"},{"type":"A","date":"2018-03-16T07:34:43.000Z","volume":2000,"price":8.42,"category":"rbull"},{"type":"A","date":"2018-03-16T07:34:20.000Z","volume":2000,"price":8.42,"category":"rbull"},{"type":"A","date":"2018-03-16T07:34:12.000Z","volume":2000,"price":8.42,"category":"rbull"},{"type":"A","date":"2018-03-16T07:33:10.000Z","volume":2000,"price":8.42,"category":"rbull"},{"type":"A","date":"2018-03-16T07:33:10.000Z","volume":2000,"price":8.42,"category":"rbull"},{"type":"A","date":"2018-03-16T07:30:08.000Z","volume":2000,"price":8.42,"category":"rbull"},{"type":"A","date":"2018-03-16T07:30:05.000Z","volume":2000,"price":8.42,"category":"rbull"},{"type":"A","date":"2018-03-16T07:30:05.000Z","volume":2000,"price":8.42,"category":"rbull"},{"type":"A","date":"2018-03-16T07:29:53.000Z","volume":2000,"price":8.42,"category":"rbull"},{"type":"A","date":"2018-03-16T07:29:18.000Z","volume":2000,"price":8.4,"category":"rbull"},{"type":"A","date":"2018-03-16T07:29:05.000Z","volume":2000,"price":8.4,"category":"rbull"},{"type":"A","date":"2018-03-16T07:22:04.000Z","volume":2000,"price":8.39,"category":"rbull"},{"type":"A","date":"2018-03-16T07:21:57.000Z","volume":2000,"price":8.39,"category":"rbull"},{"type":"A","date":"2018-03-16T07:21:53.000Z","volume":2000,"price":8.39,"category":"rbull"},{"type":"A","date":"2018-03-16T07:21:53.000Z","volume":2000,"price":8.39,"category":"rbull"},{"type":"A","date":"2018-03-16T07:21:18.000Z","volume":2000,"price":8.38,"category":"rbull"},{"type":"A","date":"2018-03-16T07:14:30.000Z","volume":2000,"price":8.35,"category":"rbull"},{"type":"A","date":"2018-03-16T07:13:32.000Z","volume":2000,"price":8.35,"category":"rbull"},{"type":"A","date":"2018-03-16T07:13:14.000Z","volume":2000,"price":8.36,"category":"rbull"},{"type":"A","date":"2018-03-16T07:11:45.000Z","volume":2000,"price":8.36,"category":"rbull"},{"type":"A","date":"2018-03-16T07:04:48.000Z","volume":2000,"price":8.38,"category":"rbull"},{"type":"A","date":"2018-03-16T07:03:10.000Z","volume":2000,"price":8.38,"category":"rbull"},{"type":"A","date":"2018-03-16T07:02:30.000Z","volume":2000,"price":8.38,"category":"rbull"},{"type":"A","date":"2018-03-16T07:02:08.000Z","volume":2000,"price":8.38,"category":"rbull"},{"type":"A","date":"2018-03-16T06:59:58.000Z","volume":2000,"price":8.38,"category":"rbull"},{"type":"A","date":"2018-03-16T06:53:09.000Z","volume":2000,"price":8.39,"category":"rbull"},{"type":"A","date":"2018-03-16T06:52:16.000Z","volume":2000,"price":8.39,"category":"rbull"},{"type":"A","date":"2018-03-16T06:52:16.000Z","volume":2000,"price":8.39,"category":"rbull"},{"type":"A","date":"2018-03-16T06:51:01.000Z","volume":2000,"price":8.39,"category":"rbull"},{"type":"A","date":"2018-03-16T06:47:28.000Z","volume":2000,"price":8.4,"category":"rbull"},{"type":"A","date":"2018-03-16T06:47:09.000Z","volume":2000,"price":8.41,"category":"rbull"},{"type":"A","date":"2018-03-16T06:46:03.000Z","volume":2000,"price":8.42,"category":"rbull"},{"type":"A","date":"2018-03-16T06:40:06.000Z","volume":2000,"price":8.43,"category":"rbull"},{"type":"A","date":"2018-03-16T06:38:39.000Z","volume":2000,"price":8.43,"category":"rbull"},{"type":"A","date":"2018-03-16T06:36:26.000Z","volume":2000,"price":8.44,"category":"rbull"},{"type":"A","date":"2018-03-16T06:32:12.000Z","volume":2000,"price":8.43,"category":"rbull"},{"type":"A","date":"2018-03-16T06:31:56.000Z","volume":2000,"price":8.43,"category":"rbull"},{"type":"A","date":"2018-03-16T06:22:01.000Z","volume":2000,"price":8.42,"category":"rbull"},{"type":"A","date":"2018-03-16T06:21:51.000Z","volume":2000,"price":8.42,"category":"rbull"},{"type":"A","date":"2018-03-16T06:21:36.000Z","volume":2000,"price":8.42,"category":"rbull"},{"type":"A","date":"2018-03-16T06:20:57.000Z","volume":2000,"price":8.41,"category":"rbull"},{"type":"A","date":"2018-03-16T06:20:57.000Z","volume":2000,"price":8.41,"category":"rbull"},{"type":"A","date":"2018-03-16T06:19:55.000Z","volume":2000,"price":8.41,"category":"rbull"},{"type":"A","date":"2018-03-16T06:18:41.000Z","volume":2000,"price":8.42,"category":"rbull"},{"type":"A","date":"2018-03-16T06:17:35.000Z","volume":2000,"price":8.42,"category":"rbull"},{"type":"A","date":"2018-03-16T06:17:32.000Z","volume":2000,"price":8.41,"category":"rbull"},{"type":"A","date":"2018-03-16T06:17:17.000Z","volume":2000,"price":8.41,"category":"rbull"},{"type":"A","date":"2018-03-16T06:15:50.000Z","volume":2000,"price":8.41,"category":"rbull"},{"type":"A","date":"2018-03-16T06:15:50.000Z","volume":2000,"price":8.41,"category":"rbull"},{"type":"A","date":"2018-03-16T06:09:48.000Z","volume":2000,"price":8.44,"category":"rbull"},{"type":"A","date":"2018-03-16T06:09:48.000Z","volume":2000,"price":8.44,"category":"rbull"},{"type":"A","date":"2018-03-16T06:08:39.000Z","volume":2000,"price":8.44,"category":"rbull"},{"type":"A","date":"2018-03-16T06:07:55.000Z","volume":2000,"price":8.44,"category":"rbull"},{"type":"A","date":"2018-03-16T06:07:47.000Z","volume":2000,"price":8.44,"category":"rbull"},{"type":"A","date":"2018-03-16T06:07:47.000Z","volume":2000,"price":8.44,"category":"rbull"},{"type":"A","date":"2018-03-16T06:07:27.000Z","volume":2000,"price":8.44,"category":"rbull"},{"type":"A","date":"2018-03-16T06:07:27.000Z","volume":2000,"price":8.44,"category":"rbull"},{"type":"A","date":"2018-03-16T06:07:27.000Z","volume":2000,"price":8.44,"category":"rbull"},{"type":"A","date":"2018-03-16T06:06:41.000Z","volume":2000,"price":8.44,"category":"rbull"},{"type":"A","date":"2018-03-16T06:06:41.000Z","volume":2000,"price":8.44,"category":"rbull"},{"type":"A","date":"2018-03-16T06:05:55.000Z","volume":2000,"price":8.44,"category":"rbull"},{"type":"A","date":"2018-03-16T06:05:55.000Z","volume":2000,"price":8.44,"category":"rbull"},{"type":"A","date":"2018-03-16T06:05:43.000Z","volume":2000,"price":8.44,"category":"rbull"},{"type":"A","date":"2018-03-16T06:05:43.000Z","volume":2000,"price":8.44,"category":"rbull"},{"type":"A","date":"2018-03-16T06:03:44.000Z","volume":2000,"price":8.47,"category":"rbull"},{"type":"A","date":"2018-03-16T06:00:50.000Z","volume":2000,"price":8.46,"category":"rbull"},{"type":"A","date":"2018-03-16T06:00:50.000Z","volume":2000,"price":8.46,"category":"rbull"},{"type":"A","date":"2018-03-16T06:00:08.000Z","volume":2000,"price":8.46,"category":"rbull"},{"type":"A","date":"2018-03-16T06:00:08.000Z","volume":2000,"price":8.46,"category":"rbull"},{"type":"A","date":"2018-03-16T06:00:08.000Z","volume":2000,"price":8.46,"category":"rbull"},{"type":"A","date":"2018-03-16T05:59:01.000Z","volume":2000,"price":8.47,"category":"rbull"},{"type":"A","date":"2018-03-16T05:59:01.000Z","volume":2000,"price":8.47,"category":"rbull"},{"type":"A","date":"2018-03-16T05:58:27.000Z","volume":2000,"price":8.47,"category":"rbull"},{"type":"A","date":"2018-03-16T05:56:00.000Z","volume":2000,"price":8.47,"category":"rbull"},{"type":"A","date":"2018-03-16T05:51:29.000Z","volume":2000,"price":8.46,"category":"rbull"},{"type":"A","date":"2018-03-16T05:51:26.000Z","volume":2000,"price":8.46,"category":"rbull"},{"type":"A","date":"2018-03-16T05:51:26.000Z","volume":2000,"price":8.46,"category":"rbull"},{"type":"A","date":"2018-03-16T05:51:26.000Z","volume":2000,"price":8.46,"category":"rbull"},{"type":"A","date":"2018-03-16T05:49:02.000Z","volume":2000,"price":8.46,"category":"rbull"},{"type":"A","date":"2018-03-16T05:49:02.000Z","volume":2000,"price":8.46,"category":"rbull"},{"type":"A","date":"2018-03-16T05:49:02.000Z","volume":2000,"price":8.46,"category":"rbull"},{"type":"A","date":"2018-03-16T05:47:54.000Z","volume":2000,"price":8.47,"category":"rbull"},{"type":"A","date":"2018-03-16T05:45:43.000Z","volume":2000,"price":8.47,"category":"rbull"},{"type":"A","date":"2018-03-16T05:43:23.000Z","volume":2000,"price":8.47,"category":"rbull"},{"type":"A","date":"2018-03-16T05:36:02.000Z","volume":2000,"price":8.46,"category":"rbull"},{"type":"A","date":"2018-03-16T05:36:02.000Z","volume":2000,"price":8.46,"category":"rbull"},{"type":"A","date":"2018-03-16T05:36:02.000Z","volume":2000,"price":8.46,"category":"rbull"},{"type":"A","date":"2018-03-16T05:35:21.000Z","volume":2000,"price":8.47,"category":"rbull"},{"type":"A","date":"2018-03-16T05:32:57.000Z","volume":2000,"price":8.47,"category":"rbull"},{"type":"A","date":"2018-03-16T05:31:38.000Z","volume":2000,"price":8.46,"category":"rbull"},{"type":"A","date":"2018-03-16T05:28:24.000Z","volume":2000,"price":8.46,"category":"rbull"},{"type":"A","date":"2018-03-16T05:28:24.000Z","volume":2000,"price":8.46,"category":"rbull"},{"type":"A","date":"2018-03-16T05:27:18.000Z","volume":2000,"price":8.47,"category":"rbull"},{"type":"A","date":"2018-03-16T05:27:17.000Z","volume":2000,"price":8.47,"category":"rbull"},{"type":"A","date":"2018-03-16T05:26:50.000Z","volume":2000,"price":8.47,"category":"rbull"},{"type":"A","date":"2018-03-16T05:21:05.000Z","volume":2000,"price":8.48,"category":"rbull"},{"type":"A","date":"2018-03-16T05:19:51.000Z","volume":2000,"price":8.49,"category":"rbull"},{"type":"A","date":"2018-03-16T05:19:51.000Z","volume":2000,"price":8.49,"category":"rbull"},{"type":"A","date":"2018-03-16T05:19:36.000Z","volume":2000,"price":8.49,"category":"rbull"},{"type":"A","date":"2018-03-16T05:19:20.000Z","volume":2000,"price":8.49,"category":"rbull"},{"type":"A","date":"2018-03-16T05:19:07.000Z","volume":2000,"price":8.49,"category":"rbull"},{"type":"A","date":"2018-03-16T05:19:07.000Z","volume":2000,"price":8.48,"category":"rbull"},{"type":"A","date":"2018-03-16T05:18:35.000Z","volume":2000,"price":8.49,"category":"rbull"},{"type":"A","date":"2018-03-16T05:17:16.000Z","volume":2000,"price":8.48,"category":"rbull"},{"type":"A","date":"2018-03-16T05:17:13.000Z","volume":2000,"price":8.48,"category":"rbull"},{"type":"A","date":"2018-03-16T05:15:38.000Z","volume":2000,"price":8.47,"category":"rbull"},{"type":"A","date":"2018-03-16T05:13:03.000Z","volume":2000,"price":8.46,"category":"rbull"},{"type":"A","date":"2018-03-16T05:11:25.000Z","volume":2000,"price":8.46,"category":"rbull"},{"type":"A","date":"2018-03-16T05:09:15.000Z","volume":2000,"price":8.46,"category":"rbull"},{"type":"A","date":"2018-03-16T05:06:38.000Z","volume":2000,"price":8.44,"category":"rbull"},{"type":"A","date":"2018-03-16T05:04:18.000Z","volume":2000,"price":8.44,"category":"rbull"},{"type":"A","date":"2018-03-16T05:03:43.000Z","volume":2000,"price":8.45,"category":"rbull"},{"type":"A","date":"2018-03-16T05:01:27.000Z","volume":2000,"price":8.44,"category":"rbull"},{"type":"A","date":"2018-03-16T05:00:04.000Z","volume":2000,"price":8.43,"category":"rbull"},{"type":"A","date":"2018-03-16T05:00:03.000Z","volume":2000,"price":8.42,"category":"rbull"},{"type":"A","date":"2018-03-16T03:59:23.000Z","volume":2000,"price":8.42,"category":"rbull"},{"type":"A","date":"2018-03-16T03:59:15.000Z","volume":2000,"price":8.42,"category":"rbull"},{"type":"A","date":"2018-03-16T03:59:12.000Z","volume":2000,"price":8.41,"category":"rbull"},{"type":"A","date":"2018-03-16T03:52:09.000Z","volume":2000,"price":8.42,"category":"rbull"},{"type":"A","date":"2018-03-16T03:51:42.000Z","volume":2000,"price":8.42,"category":"rbull"},{"type":"A","date":"2018-03-16T03:51:12.000Z","volume":2000,"price":8.41,"category":"rbull"},{"type":"A","date":"2018-03-16T03:51:12.000Z","volume":2000,"price":8.41,"category":"rbull"},{"type":"A","date":"2018-03-16T03:51:10.000Z","volume":2000,"price":8.41,"category":"rbull"},{"type":"A","date":"2018-03-16T03:51:10.000Z","volume":2000,"price":8.41,"category":"rbull"},{"type":"A","date":"2018-03-16T03:47:16.000Z","volume":2000,"price":8.41,"category":"rbull"},{"type":"A","date":"2018-03-16T03:43:07.000Z","volume":2000,"price":8.41,"category":"rbull"},{"type":"A","date":"2018-03-16T03:41:20.000Z","volume":2000,"price":8.4,"category":"rbull"},{"type":"A","date":"2018-03-16T03:40:55.000Z","volume":2000,"price":8.4,"category":"rbull"},{"type":"A","date":"2018-03-16T03:38:45.000Z","volume":2000,"price":8.4,"category":"rbull"},{"type":"A","date":"2018-03-16T03:38:42.000Z","volume":2000,"price":8.4,"category":"rbull"},{"type":"A","date":"2018-03-16T03:38:39.000Z","volume":2000,"price":8.4,"category":"rbull"},{"type":"A","date":"2018-03-16T03:37:40.000Z","volume":2000,"price":8.41,"category":"rbull"},{"type":"A","date":"2018-03-16T03:37:25.000Z","volume":2000,"price":8.41,"category":"rbull"},{"type":"A","date":"2018-03-16T03:37:04.000Z","volume":2000,"price":8.4,"category":"rbull"},{"type":"A","date":"2018-03-16T03:36:18.000Z","volume":2000,"price":8.4,"category":"rbull"},{"type":"A","date":"2018-03-16T03:35:54.000Z","volume":2000,"price":8.4,"category":"rbull"},{"type":"A","date":"2018-03-16T03:34:05.000Z","volume":2000,"price":8.42,"category":"rbull"},{"type":"A","date":"2018-03-16T03:34:05.000Z","volume":2000,"price":8.43,"category":"rbull"},{"type":"A","date":"2018-03-16T03:32:43.000Z","volume":2000,"price":8.43,"category":"rbull"},{"type":"A","date":"2018-03-16T03:27:59.000Z","volume":2000,"price":8.44,"category":"rbull"},{"type":"A","date":"2018-03-16T03:27:57.000Z","volume":2000,"price":8.44,"category":"rbull"},{"type":"A","date":"2018-03-16T03:27:51.000Z","volume":2000,"price":8.45,"category":"rbull"},{"type":"A","date":"2018-03-16T03:27:51.000Z","volume":2000,"price":8.44,"category":"rbull"},{"type":"A","date":"2018-03-16T03:26:27.000Z","volume":2000,"price":8.45,"category":"rbull"},{"type":"A","date":"2018-03-16T03:26:25.000Z","volume":2000,"price":8.45,"category":"rbull"},{"type":"A","date":"2018-03-16T03:26:22.000Z","volume":2000,"price":8.45,"category":"rbull"},{"type":"A","date":"2018-03-16T03:26:20.000Z","volume":2000,"price":8.45,"category":"rbull"},{"type":"A","date":"2018-03-16T03:26:20.000Z","volume":2000,"price":8.45,"category":"rbull"},{"type":"A","date":"2018-03-16T03:26:20.000Z","volume":2000,"price":8.45,"category":"rbull"},{"type":"A","date":"2018-03-16T03:26:17.000Z","volume":2000,"price":8.45,"category":"rbull"},{"type":"A","date":"2018-03-16T03:26:17.000Z","volume":2000,"price":8.45,"category":"rbull"},{"type":"A","date":"2018-03-16T03:26:17.000Z","volume":2000,"price":8.45,"category":"rbull"},{"type":"A","date":"2018-03-16T03:26:17.000Z","volume":2000,"price":8.45,"category":"rbull"},{"type":"A","date":"2018-03-16T03:25:42.000Z","volume":2000,"price":8.45,"category":"rbull"},{"type":"A","date":"2018-03-16T03:25:42.000Z","volume":2000,"price":8.45,"category":"rbull"},{"type":"A","date":"2018-03-16T03:25:19.000Z","volume":2000,"price":8.45,"category":"rbull"},{"type":"A","date":"2018-03-16T03:25:02.000Z","volume":2000,"price":8.45,"category":"rbull"},{"type":"A","date":"2018-03-16T03:24:24.000Z","volume":2000,"price":8.45,"category":"rbull"},{"type":"A","date":"2018-03-16T03:23:29.000Z","volume":2000,"price":8.45,"category":"rbull"},{"type":"A","date":"2018-03-16T03:23:29.000Z","volume":2000,"price":8.45,"category":"rbull"},{"type":"A","date":"2018-03-16T03:23:29.000Z","volume":2000,"price":8.45,"category":"rbull"},{"type":"A","date":"2018-03-16T03:23:29.000Z","volume":2000,"price":8.45,"category":"rbull"},{"type":"A","date":"2018-03-16T03:23:26.000Z","volume":2000,"price":8.45,"category":"rbull"},{"type":"A","date":"2018-03-16T03:23:26.000Z","volume":2000,"price":8.45,"category":"rbull"},{"type":"A","date":"2018-03-16T03:21:53.000Z","volume":2000,"price":8.45,"category":"rbull"},{"type":"A","date":"2018-03-16T03:21:53.000Z","volume":2000,"price":8.45,"category":"rbull"},{"type":"A","date":"2018-03-16T03:19:21.000Z","volume":2000,"price":8.45,"category":"rbull"},{"type":"A","date":"2018-03-16T03:19:20.000Z","volume":2000,"price":8.45,"category":"rbull"},{"type":"A","date":"2018-03-16T03:18:55.000Z","volume":2000,"price":8.45,"category":"rbull"},{"type":"A","date":"2018-03-16T03:18:52.000Z","volume":2000,"price":8.45,"category":"rbull"},{"type":"A","date":"2018-03-16T03:18:50.000Z","volume":2000,"price":8.45,"category":"rbull"},{"type":"A","date":"2018-03-16T03:18:48.000Z","volume":2000,"price":8.45,"category":"rbull"},{"type":"A","date":"2018-03-16T03:18:48.000Z","volume":2000,"price":8.45,"category":"rbull"},{"type":"A","date":"2018-03-16T03:18:09.000Z","volume":2000,"price":8.46,"category":"rbull"},{"type":"A","date":"2018-03-16T03:18:09.000Z","volume":2000,"price":8.46,"category":"rbull"},{"type":"A","date":"2018-03-16T03:18:06.000Z","volume":2000,"price":8.46,"category":"rbull"},{"type":"A","date":"2018-03-16T03:18:06.000Z","volume":2000,"price":8.46,"category":"rbull"},{"type":"A","date":"2018-03-16T03:17:01.000Z","volume":2000,"price":8.46,"category":"rbull"},{"type":"A","date":"2018-03-16T03:16:50.000Z","volume":2000,"price":8.46,"category":"rbull"},{"type":"A","date":"2018-03-16T03:15:28.000Z","volume":2000,"price":8.47,"category":"rbull"},{"type":"A","date":"2018-03-16T03:11:04.000Z","volume":2000,"price":8.47,"category":"rbull"},{"type":"A","date":"2018-03-16T03:11:01.000Z","volume":2000,"price":8.47,"category":"rbull"},{"type":"A","date":"2018-03-16T03:10:27.000Z","volume":2000,"price":8.48,"category":"rbull"},{"type":"A","date":"2018-03-16T03:10:23.000Z","volume":2000,"price":8.48,"category":"rbull"},{"type":"A","date":"2018-03-16T03:09:58.000Z","volume":2000,"price":8.48,"category":"rbull"},{"type":"A","date":"2018-03-16T03:09:50.000Z","volume":2000,"price":8.48,"category":"rbull"},{"type":"A","date":"2018-03-16T03:09:16.000Z","volume":2000,"price":8.48,"category":"rbull"},{"type":"A","date":"2018-03-16T03:08:59.000Z","volume":2000,"price":8.48,"category":"rbull"},{"type":"A","date":"2018-03-16T03:07:58.000Z","volume":2000,"price":8.48,"category":"rbull"},{"type":"A","date":"2018-03-16T03:06:58.000Z","volume":2000,"price":8.48,"category":"rbull"},{"type":"A","date":"2018-03-16T03:06:45.000Z","volume":2000,"price":8.48,"category":"rbull"},{"type":"A","date":"2018-03-16T03:05:58.000Z","volume":2000,"price":8.48,"category":"rbull"},{"type":"A","date":"2018-03-16T03:05:36.000Z","volume":2000,"price":8.48,"category":"rbull"},{"type":"A","date":"2018-03-16T03:05:35.000Z","volume":2000,"price":8.48,"category":"rbull"},{"type":"A","date":"2018-03-16T03:03:24.000Z","volume":2000,"price":8.48,"category":"rbull"},{"type":"A","date":"2018-03-16T03:03:22.000Z","volume":2000,"price":8.48,"category":"rbull"},{"type":"A","date":"2018-03-16T03:02:39.000Z","volume":2000,"price":8.48,"category":"rbull"},{"type":"A","date":"2018-03-16T03:01:39.000Z","volume":2000,"price":8.48,"category":"rbull"},{"type":"A","date":"2018-03-16T03:01:37.000Z","volume":2000,"price":8.48,"category":"rbull"},{"type":"A","date":"2018-03-16T03:00:20.000Z","volume":2000,"price":8.49,"category":"rbull"},{"type":"A","date":"2018-03-16T03:00:11.000Z","volume":2000,"price":8.48,"category":"rbull"},{"type":"A","date":"2018-03-16T03:00:11.000Z","volume":2000,"price":8.48,"category":"rbull"},{"type":"A","date":"2018-03-16T03:00:08.000Z","volume":2000,"price":8.48,"category":"rbull"},{"type":"A","date":"2018-03-16T02:59:57.000Z","volume":2000,"price":8.48,"category":"rbull"},{"type":"A","date":"2018-03-16T02:54:06.000Z","volume":2000,"price":8.48,"category":"rbull"},{"type":"A","date":"2018-03-16T02:53:17.000Z","volume":2000,"price":8.48,"category":"rbull"},{"type":"A","date":"2018-03-16T02:53:06.000Z","volume":2000,"price":8.49,"category":"rbull"},{"type":"A","date":"2018-03-16T02:51:27.000Z","volume":2000,"price":8.49,"category":"rbull"},{"type":"A","date":"2018-03-16T02:50:54.000Z","volume":2000,"price":8.49,"category":"rbull"},{"type":"A","date":"2018-03-16T02:48:34.000Z","volume":2000,"price":8.48,"category":"rbull"},{"type":"A","date":"2018-03-16T02:46:39.000Z","volume":2000,"price":8.49,"category":"rbull"},{"type":"A","date":"2018-03-16T02:42:25.000Z","volume":2000,"price":8.5,"category":"rbull"},{"type":"A","date":"2018-03-16T02:42:25.000Z","volume":2000,"price":8.5,"category":"rbull"},{"type":"A","date":"2018-03-16T02:40:51.000Z","volume":2000,"price":8.52,"category":"rbull"},{"type":"A","date":"2018-03-16T02:40:40.000Z","volume":2000,"price":8.52,"category":"rbull"},{"type":"A","date":"2018-03-16T02:38:27.000Z","volume":2000,"price":8.49,"category":"rbull"},{"type":"A","date":"2018-03-16T02:36:42.000Z","volume":2000,"price":8.45,"category":"rbull"},{"type":"A","date":"2018-03-16T02:35:44.000Z","volume":2000,"price":8.46,"category":"rbull"},{"type":"A","date":"2018-03-16T02:30:55.000Z","volume":2000,"price":8.45,"category":"rbull"},{"type":"A","date":"2018-03-16T02:30:23.000Z","volume":2000,"price":8.45,"category":"rbull"},{"type":"A","date":"2018-03-16T02:30:01.000Z","volume":2000,"price":8.45,"category":"rbull"},{"type":"A","date":"2018-03-16T02:29:40.000Z","volume":2000,"price":8.45,"category":"rbull"},{"type":"A","date":"2018-03-16T02:29:32.000Z","volume":2000,"price":8.45,"category":"rbull"},{"type":"A","date":"2018-03-16T02:26:04.000Z","volume":2000,"price":8.45,"category":"rbull"},{"type":"A","date":"2018-03-16T02:24:48.000Z","volume":2000,"price":8.43,"category":"rbull"},{"type":"A","date":"2018-03-16T02:23:31.000Z","volume":2000,"price":8.43,"category":"rbull"},{"type":"A","date":"2018-03-16T02:21:09.000Z","volume":2000,"price":8.43,"category":"rbull"},{"type":"A","date":"2018-03-16T02:19:18.000Z","volume":2000,"price":8.44,"category":"rbull"},{"type":"A","date":"2018-03-16T02:19:07.000Z","volume":2000,"price":8.44,"category":"rbull"},{"type":"A","date":"2018-03-16T02:19:05.000Z","volume":2000,"price":8.44,"category":"rbull"},{"type":"A","date":"2018-03-16T02:19:05.000Z","volume":2000,"price":8.44,"category":"rbull"},{"type":"A","date":"2018-03-16T02:19:05.000Z","volume":2000,"price":8.44,"category":"rbull"},{"type":"A","date":"2018-03-16T02:16:01.000Z","volume":2000,"price":8.42,"category":"rbull"},{"type":"A","date":"2018-03-16T02:16:00.000Z","volume":2000,"price":8.42,"category":"rbull"},{"type":"A","date":"2018-03-16T02:15:59.000Z","volume":2000,"price":8.42,"category":"rbull"},{"type":"A","date":"2018-03-16T02:15:56.000Z","volume":2000,"price":8.42,"category":"rbull"},{"type":"A","date":"2018-03-16T02:15:48.000Z","volume":2000,"price":8.42,"category":"rbull"},{"type":"A","date":"2018-03-16T02:15:48.000Z","volume":2000,"price":8.42,"category":"rbull"},{"type":"A","date":"2018-03-16T02:15:01.000Z","volume":2000,"price":8.42,"category":"rbull"},{"type":"A","date":"2018-03-16T02:15:01.000Z","volume":2000,"price":8.42,"category":"rbull"},{"type":"A","date":"2018-03-16T02:11:49.000Z","volume":2000,"price":8.41,"category":"rbull"},{"type":"A","date":"2018-03-16T02:11:03.000Z","volume":2000,"price":8.41,"category":"rbull"},{"type":"A","date":"2018-03-16T02:09:39.000Z","volume":2000,"price":8.41,"category":"rbull"},{"type":"A","date":"2018-03-16T02:09:18.000Z","volume":2000,"price":8.41,"category":"rbull"},{"type":"A","date":"2018-03-16T02:04:49.000Z","volume":2000,"price":8.42,"category":"rbull"},{"type":"A","date":"2018-03-16T02:04:07.000Z","volume":2000,"price":8.4,"category":"rbull"},{"type":"A","date":"2018-03-16T02:03:58.000Z","volume":2000,"price":8.4,"category":"rbull"},{"type":"A","date":"2018-03-16T02:03:11.000Z","volume":2000,"price":8.37,"category":"rbull"},{"type":"A","date":"2018-03-16T01:57:30.000Z","volume":2000,"price":8.43,"category":"rbull"},{"type":"A","date":"2018-03-16T01:56:49.000Z","volume":2000,"price":8.43,"category":"rbull"},{"type":"A","date":"2018-03-16T01:55:32.000Z","volume":2000,"price":8.43,"category":"rbull"},{"type":"A","date":"2018-03-16T01:54:47.000Z","volume":2000,"price":8.45,"category":"rbull"},{"type":"A","date":"2018-03-16T01:54:11.000Z","volume":2000,"price":8.45,"category":"rbull"},{"type":"A","date":"2018-03-16T01:54:07.000Z","volume":2000,"price":8.45,"category":"rbull"},{"type":"A","date":"2018-03-16T01:54:06.000Z","volume":2000,"price":8.45,"category":"rbull"},{"type":"A","date":"2018-03-16T01:54:05.000Z","volume":2000,"price":8.45,"category":"rbull"},{"type":"A","date":"2018-03-16T01:54:05.000Z","volume":2000,"price":8.45,"category":"rbull"},{"type":"A","date":"2018-03-16T01:53:22.000Z","volume":2000,"price":8.46,"category":"rbull"},{"type":"A","date":"2018-03-16T01:53:21.000Z","volume":2000,"price":8.46,"category":"rbull"},{"type":"A","date":"2018-03-16T01:53:20.000Z","volume":2000,"price":8.46,"category":"rbull"},{"type":"A","date":"2018-03-16T01:53:20.000Z","volume":2000,"price":8.46,"category":"rbull"},{"type":"A","date":"2018-03-16T01:52:58.000Z","volume":2000,"price":8.46,"category":"rbull"},{"type":"A","date":"2018-03-16T01:52:27.000Z","volume":2000,"price":8.45,"category":"rbull"},{"type":"A","date":"2018-03-16T01:51:38.000Z","volume":2000,"price":8.43,"category":"rbull"},{"type":"A","date":"2018-03-16T01:51:38.000Z","volume":2000,"price":8.43,"category":"rbull"},{"type":"A","date":"2018-03-16T01:51:38.000Z","volume":2000,"price":8.43,"category":"rbull"},{"type":"A","date":"2018-03-16T01:50:54.000Z","volume":2000,"price":8.43,"category":"rbull"},{"type":"A","date":"2018-03-16T01:50:40.000Z","volume":2000,"price":8.42,"category":"rbull"},{"type":"A","date":"2018-03-16T01:50:25.000Z","volume":2000,"price":8.42,"category":"rbull"},{"type":"A","date":"2018-03-16T01:50:20.000Z","volume":2000,"price":8.43,"category":"rbull"},{"type":"A","date":"2018-03-16T01:49:37.000Z","volume":2000,"price":8.43,"category":"rbull"},{"type":"A","date":"2018-03-16T01:49:30.000Z","volume":2000,"price":8.43,"category":"rbull"},{"type":"A","date":"2018-03-16T01:49:11.000Z","volume":2000,"price":8.43,"category":"rbull"},{"type":"A","date":"2018-03-16T01:48:50.000Z","volume":2000,"price":8.43,"category":"rbull"},{"type":"A","date":"2018-03-16T01:48:48.000Z","volume":2000,"price":8.43,"category":"rbull"},{"type":"A","date":"2018-03-16T01:45:56.000Z","volume":2000,"price":8.42,"category":"rbull"},{"type":"A","date":"2018-03-16T01:45:53.000Z","volume":2000,"price":8.42,"category":"rbull"},{"type":"A","date":"2018-03-16T01:45:09.000Z","volume":2000,"price":8.42,"category":"rbull"},{"type":"A","date":"2018-03-16T01:44:38.000Z","volume":2000,"price":8.42,"category":"rbull"},{"type":"A","date":"2018-03-16T01:44:27.000Z","volume":2000,"price":8.42,"category":"rbull"},{"type":"A","date":"2018-03-16T01:44:25.000Z","volume":2000,"price":8.41,"category":"rbull"},{"type":"A","date":"2018-03-16T01:44:25.000Z","volume":2000,"price":8.41,"category":"rbull"},{"type":"A","date":"2018-03-16T01:44:11.000Z","volume":2000,"price":8.41,"category":"rbull"},{"type":"A","date":"2018-03-16T01:44:03.000Z","volume":2000,"price":8.41,"category":"rbull"},{"type":"A","date":"2018-03-16T01:43:56.000Z","volume":2000,"price":8.41,"category":"rbull"},{"type":"A","date":"2018-03-16T01:43:38.000Z","volume":2000,"price":8.41,"category":"rbull"},{"type":"A","date":"2018-03-16T01:43:01.000Z","volume":2000,"price":8.4,"category":"rbull"},{"type":"A","date":"2018-03-16T01:42:36.000Z","volume":2000,"price":8.39,"category":"rbull"},{"type":"A","date":"2018-03-16T01:42:31.000Z","volume":2000,"price":8.39,"category":"rbull"},{"type":"A","date":"2018-03-16T01:42:25.000Z","volume":2000,"price":8.39,"category":"rbull"},{"type":"A","date":"2018-03-16T01:42:24.000Z","volume":2000,"price":8.39,"category":"rbull"},{"type":"A","date":"2018-03-16T01:42:13.000Z","volume":2000,"price":8.38,"category":"rbull"},{"type":"A","date":"2018-03-16T01:42:10.000Z","volume":2000,"price":8.39,"category":"rbull"},{"type":"A","date":"2018-03-16T01:40:56.000Z","volume":2000,"price":8.39,"category":"rbull"},{"type":"A","date":"2018-03-16T01:40:51.000Z","volume":2000,"price":8.39,"category":"rbull"},{"type":"A","date":"2018-03-16T01:40:00.000Z","volume":2000,"price":8.39,"category":"rbull"},{"type":"A","date":"2018-03-16T01:40:00.000Z","volume":2000,"price":8.39,"category":"rbull"},{"type":"A","date":"2018-03-16T01:39:30.000Z","volume":2000,"price":8.39,"category":"rbull"},{"type":"A","date":"2018-03-16T01:38:40.000Z","volume":2000,"price":8.39,"category":"rbull"},{"type":"A","date":"2018-03-16T01:38:21.000Z","volume":2000,"price":8.39,"category":"rbull"},{"type":"A","date":"2018-03-16T01:38:01.000Z","volume":2000,"price":8.39,"category":"rbull"},{"type":"A","date":"2018-03-16T01:37:55.000Z","volume":2000,"price":8.38,"category":"rbull"},{"type":"A","date":"2018-03-16T01:35:03.000Z","volume":2000,"price":8.38,"category":"rbull"},{"type":"A","date":"2018-03-16T01:34:58.000Z","volume":2000,"price":8.38,"category":"rbull"},{"type":"A","date":"2018-03-16T01:34:03.000Z","volume":2000,"price":8.37,"category":"rbull"},{"type":"A","date":"2018-03-16T01:33:20.000Z","volume":2000,"price":8.37,"category":"rbull"},{"type":"A","date":"2018-03-16T01:32:50.000Z","volume":2000,"price":8.37,"category":"rbull"},{"type":"A","date":"2018-03-16T01:32:18.000Z","volume":2000,"price":8.34,"category":"rbull"},{"type":"A","date":"2018-03-16T01:32:11.000Z","volume":2000,"price":8.33,"category":"rbull"},{"type":"A","date":"2018-03-16T01:32:04.000Z","volume":2000,"price":8.33,"category":"rbull"},{"type":"A","date":"2018-03-16T01:32:03.000Z","volume":2000,"price":8.33,"category":"rbull"},{"type":"A","date":"2018-03-16T01:31:48.000Z","volume":2000,"price":8.33,"category":"rbull"},{"type":"A","date":"2018-03-16T01:31:47.000Z","volume":2000,"price":8.33,"category":"rbull"},{"type":"A","date":"2018-03-16T01:31:00.000Z","volume":2000,"price":8.34,"category":"rbull"},{"type":"A","date":"2018-03-16T01:30:56.000Z","volume":2000,"price":8.34,"category":"rbull"},{"type":"A","date":"2018-03-16T01:30:45.000Z","volume":2000,"price":8.34,"category":"rbull"},{"type":"A","date":"2018-03-16T01:30:41.000Z","volume":2000,"price":8.35,"category":"rbull"},{"type":"A","date":"2018-03-16T01:30:06.000Z","volume":2000,"price":8.37,"category":"rbull"},{"type":"A","date":"2018-03-16T01:30:00.000Z","volume":2000,"price":8.32,"category":"rbull"},{"type":"B","date":"2018-03-16T07:59:54.000Z","volume":2000,"price":8.4,"category":"rbear"},{"type":"B","date":"2018-03-16T07:59:44.000Z","volume":2000,"price":8.39,"category":"rbear"},{"type":"B","date":"2018-03-16T07:59:44.000Z","volume":2000,"price":8.4,"category":"rbear"},{"type":"B","date":"2018-03-16T07:59:29.000Z","volume":2000,"price":8.39,"category":"rbear"},{"type":"B","date":"2018-03-16T07:59:11.000Z","volume":2000,"price":8.38,"category":"rbear"},{"type":"B","date":"2018-03-16T07:58:59.000Z","volume":2000,"price":8.38,"category":"rbear"},{"type":"B","date":"2018-03-16T07:58:55.000Z","volume":2000,"price":8.38,"category":"rbear"},{"type":"B","date":"2018-03-16T07:58:52.000Z","volume":2000,"price":8.38,"category":"rbear"},{"type":"B","date":"2018-03-16T07:57:35.000Z","volume":2000,"price":8.37,"category":"rbear"},{"type":"B","date":"2018-03-16T07:57:35.000Z","volume":2000,"price":8.37,"category":"rbear"},{"type":"B","date":"2018-03-16T07:57:35.000Z","volume":2000,"price":8.37,"category":"rbear"},{"type":"B","date":"2018-03-16T07:56:14.000Z","volume":2000,"price":8.39,"category":"rbear"},{"type":"B","date":"2018-03-16T07:55:32.000Z","volume":2000,"price":8.39,"category":"rbear"},{"type":"B","date":"2018-03-16T07:55:20.000Z","volume":2000,"price":8.37,"category":"rbear"},{"type":"B","date":"2018-03-16T07:55:20.000Z","volume":2000,"price":8.39,"category":"rbear"},{"type":"B","date":"2018-03-16T07:54:49.000Z","volume":2000,"price":8.39,"category":"rbear"},{"type":"B","date":"2018-03-16T07:54:40.000Z","volume":2000,"price":8.4,"category":"rbear"},{"type":"B","date":"2018-03-16T07:54:40.000Z","volume":2000,"price":8.4,"category":"rbear"},{"type":"B","date":"2018-03-16T07:54:23.000Z","volume":2000,"price":8.4,"category":"rbear"},{"type":"B","date":"2018-03-16T07:54:14.000Z","volume":2000,"price":8.4,"category":"rbear"},{"type":"B","date":"2018-03-16T07:51:52.000Z","volume":2000,"price":8.4,"category":"rbear"},{"type":"B","date":"2018-03-16T07:51:25.000Z","volume":2000,"price":8.4,"category":"rbear"},{"type":"B","date":"2018-03-16T07:51:05.000Z","volume":2000,"price":8.4,"category":"rbear"},{"type":"B","date":"2018-03-16T07:50:13.000Z","volume":2000,"price":8.4,"category":"rbear"},{"type":"B","date":"2018-03-16T07:49:53.000Z","volume":2000,"price":8.4,"category":"rbear"},{"type":"B","date":"2018-03-16T07:49:33.000Z","volume":2000,"price":8.4,"category":"rbear"},{"type":"B","date":"2018-03-16T07:49:23.000Z","volume":2000,"price":8.4,"category":"rbear"},{"type":"B","date":"2018-03-16T07:49:03.000Z","volume":2000,"price":8.4,"category":"rbear"},{"type":"B","date":"2018-03-16T07:48:43.000Z","volume":2000,"price":8.4,"category":"rbear"},{"type":"B","date":"2018-03-16T07:48:23.000Z","volume":2000,"price":8.4,"category":"rbear"},{"type":"B","date":"2018-03-16T07:48:03.000Z","volume":2000,"price":8.41,"category":"rbear"},{"type":"B","date":"2018-03-16T07:48:03.000Z","volume":2000,"price":8.41,"category":"rbear"},{"type":"B","date":"2018-03-16T07:46:43.000Z","volume":2000,"price":8.4,"category":"rbear"},{"type":"B","date":"2018-03-16T07:46:22.000Z","volume":2000,"price":8.4,"category":"rbear"},{"type":"B","date":"2018-03-16T07:46:12.000Z","volume":2000,"price":8.4,"category":"rbear"},{"type":"B","date":"2018-03-16T07:45:51.000Z","volume":2000,"price":8.4,"category":"rbear"},{"type":"B","date":"2018-03-16T07:45:31.000Z","volume":2000,"price":8.4,"category":"rbear"},{"type":"B","date":"2018-03-16T07:45:12.000Z","volume":2000,"price":8.4,"category":"rbear"},{"type":"B","date":"2018-03-16T07:44:52.000Z","volume":2000,"price":8.4,"category":"rbear"},{"type":"B","date":"2018-03-16T07:44:32.000Z","volume":2000,"price":8.4,"category":"rbear"},{"type":"B","date":"2018-03-16T07:44:25.000Z","volume":2000,"price":8.4,"category":"rbear"},{"type":"B","date":"2018-03-16T07:44:23.000Z","volume":2000,"price":8.41,"category":"rbear"},{"type":"B","date":"2018-03-16T07:44:02.000Z","volume":2000,"price":8.4,"category":"rbear"},{"type":"B","date":"2018-03-16T07:42:41.000Z","volume":2000,"price":8.4,"category":"rbear"},{"type":"B","date":"2018-03-16T07:42:21.000Z","volume":2000,"price":8.4,"category":"rbear"},{"type":"B","date":"2018-03-16T07:42:03.000Z","volume":2000,"price":8.4,"category":"rbear"},{"type":"B","date":"2018-03-16T07:42:01.000Z","volume":2000,"price":8.4,"category":"rbear"},{"type":"B","date":"2018-03-16T07:41:41.000Z","volume":2000,"price":8.4,"category":"rbear"},{"type":"B","date":"2018-03-16T07:41:21.000Z","volume":2000,"price":8.4,"category":"rbear"},{"type":"B","date":"2018-03-16T07:41:11.000Z","volume":2000,"price":8.39,"category":"rbear"},{"type":"B","date":"2018-03-16T07:41:05.000Z","volume":2000,"price":8.39,"category":"rbear"},{"type":"B","date":"2018-03-16T07:40:58.000Z","volume":2000,"price":8.37,"category":"rbear"},{"type":"B","date":"2018-03-16T07:40:51.000Z","volume":2000,"price":8.4,"category":"rbear"},{"type":"B","date":"2018-03-16T07:40:31.000Z","volume":2000,"price":8.41,"category":"rbear"},{"type":"B","date":"2018-03-16T07:40:29.000Z","volume":2000,"price":8.41,"category":"rbear"},{"type":"B","date":"2018-03-16T07:40:10.000Z","volume":2000,"price":8.41,"category":"rbear"},{"type":"B","date":"2018-03-16T07:39:50.000Z","volume":2000,"price":8.41,"category":"rbear"},{"type":"B","date":"2018-03-16T07:39:40.000Z","volume":2000,"price":8.41,"category":"rbear"},{"type":"B","date":"2018-03-16T07:38:40.000Z","volume":2000,"price":8.4,"category":"rbear"},{"type":"B","date":"2018-03-16T07:38:30.000Z","volume":2000,"price":8.4,"category":"rbear"},{"type":"B","date":"2018-03-16T07:38:10.000Z","volume":2000,"price":8.4,"category":"rbear"},{"type":"B","date":"2018-03-16T07:38:00.000Z","volume":2000,"price":8.4,"category":"rbear"},{"type":"B","date":"2018-03-16T07:37:40.000Z","volume":2000,"price":8.4,"category":"rbear"},{"type":"B","date":"2018-03-16T07:37:20.000Z","volume":2000,"price":8.4,"category":"rbear"},{"type":"B","date":"2018-03-16T07:37:03.000Z","volume":2000,"price":8.4,"category":"rbear"},{"type":"B","date":"2018-03-16T07:37:00.000Z","volume":2000,"price":8.41,"category":"rbear"},{"type":"B","date":"2018-03-16T07:36:40.000Z","volume":2000,"price":8.41,"category":"rbear"},{"type":"B","date":"2018-03-16T07:36:20.000Z","volume":2000,"price":8.41,"category":"rbear"},{"type":"B","date":"2018-03-16T07:36:00.000Z","volume":2000,"price":8.41,"category":"rbear"},{"type":"B","date":"2018-03-16T07:36:00.000Z","volume":2000,"price":8.41,"category":"rbear"},{"type":"B","date":"2018-03-16T07:35:50.000Z","volume":2000,"price":8.41,"category":"rbear"},{"type":"B","date":"2018-03-16T07:35:31.000Z","volume":2000,"price":8.41,"category":"rbear"},{"type":"B","date":"2018-03-16T07:34:30.000Z","volume":2000,"price":8.41,"category":"rbear"},{"type":"B","date":"2018-03-16T07:34:10.000Z","volume":2000,"price":8.41,"category":"rbear"},{"type":"B","date":"2018-03-16T07:34:00.000Z","volume":2000,"price":8.42,"category":"rbear"},{"type":"B","date":"2018-03-16T07:33:50.000Z","volume":2000,"price":8.42,"category":"rbear"},{"type":"B","date":"2018-03-16T07:33:30.000Z","volume":2000,"price":8.42,"category":"rbear"},{"type":"B","date":"2018-03-16T07:33:27.000Z","volume":2000,"price":8.42,"category":"rbear"},{"type":"B","date":"2018-03-16T07:32:59.000Z","volume":2000,"price":8.42,"category":"rbear"},{"type":"B","date":"2018-03-16T07:32:58.000Z","volume":2000,"price":8.42,"category":"rbear"},{"type":"B","date":"2018-03-16T07:32:39.000Z","volume":2000,"price":8.41,"category":"rbear"},{"type":"B","date":"2018-03-16T07:32:25.000Z","volume":2000,"price":8.42,"category":"rbear"},{"type":"B","date":"2018-03-16T07:32:19.000Z","volume":2000,"price":8.42,"category":"rbear"},{"type":"B","date":"2018-03-16T07:31:59.000Z","volume":2000,"price":8.42,"category":"rbear"},{"type":"B","date":"2018-03-16T07:31:39.000Z","volume":2000,"price":8.41,"category":"rbear"},{"type":"B","date":"2018-03-16T07:30:34.000Z","volume":2000,"price":8.42,"category":"rbear"},{"type":"B","date":"2018-03-16T07:30:18.000Z","volume":2000,"price":8.42,"category":"rbear"},{"type":"B","date":"2018-03-16T07:29:59.000Z","volume":2000,"price":8.41,"category":"rbear"},{"type":"B","date":"2018-03-16T07:29:49.000Z","volume":2000,"price":8.42,"category":"rbear"},{"type":"B","date":"2018-03-16T07:29:44.000Z","volume":2000,"price":8.42,"category":"rbear"},{"type":"B","date":"2018-03-16T07:29:43.000Z","volume":2000,"price":8.42,"category":"rbear"},{"type":"B","date":"2018-03-16T07:29:28.000Z","volume":2000,"price":8.4,"category":"rbear"},{"type":"B","date":"2018-03-16T07:29:18.000Z","volume":2000,"price":8.4,"category":"rbear"},{"type":"B","date":"2018-03-16T07:29:08.000Z","volume":2000,"price":8.39,"category":"rbear"},{"type":"B","date":"2018-03-16T07:28:48.000Z","volume":2000,"price":8.38,"category":"rbear"},{"type":"B","date":"2018-03-16T07:28:28.000Z","volume":2000,"price":8.38,"category":"rbear"},{"type":"B","date":"2018-03-16T07:28:09.000Z","volume":2000,"price":8.38,"category":"rbear"},{"type":"B","date":"2018-03-16T07:28:06.000Z","volume":2000,"price":8.38,"category":"rbear"},{"type":"B","date":"2018-03-16T07:27:48.000Z","volume":2000,"price":8.38,"category":"rbear"},{"type":"B","date":"2018-03-16T07:27:38.000Z","volume":2000,"price":8.38,"category":"rbear"},{"type":"B","date":"2018-03-16T07:26:17.000Z","volume":2000,"price":8.38,"category":"rbear"},{"type":"B","date":"2018-03-16T07:25:57.000Z","volume":2000,"price":8.38,"category":"rbear"},{"type":"B","date":"2018-03-16T07:25:37.000Z","volume":2000,"price":8.38,"category":"rbear"},{"type":"B","date":"2018-03-16T07:25:17.000Z","volume":2000,"price":8.38,"category":"rbear"},{"type":"B","date":"2018-03-16T07:24:57.000Z","volume":2000,"price":8.38,"category":"rbear"},{"type":"B","date":"2018-03-16T07:24:37.000Z","volume":2000,"price":8.39,"category":"rbear"},{"type":"B","date":"2018-03-16T07:24:27.000Z","volume":2000,"price":8.39,"category":"rbear"},{"type":"B","date":"2018-03-16T07:23:47.000Z","volume":2000,"price":8.4,"category":"rbear"},{"type":"B","date":"2018-03-16T07:23:27.000Z","volume":2000,"price":8.39,"category":"rbear"},{"type":"B","date":"2018-03-16T07:23:07.000Z","volume":2000,"price":8.39,"category":"rbear"},{"type":"B","date":"2018-03-16T07:22:56.000Z","volume":2000,"price":8.39,"category":"rbear"},{"type":"B","date":"2018-03-16T07:21:47.000Z","volume":2000,"price":8.38,"category":"rbear"},{"type":"B","date":"2018-03-16T07:21:27.000Z","volume":2000,"price":8.38,"category":"rbear"},{"type":"B","date":"2018-03-16T07:21:17.000Z","volume":2000,"price":8.37,"category":"rbear"},{"type":"B","date":"2018-03-16T07:20:56.000Z","volume":2000,"price":8.37,"category":"rbear"},{"type":"B","date":"2018-03-16T07:20:36.000Z","volume":2000,"price":8.37,"category":"rbear"},{"type":"B","date":"2018-03-16T07:20:16.000Z","volume":2000,"price":8.37,"category":"rbear"},{"type":"B","date":"2018-03-16T07:20:02.000Z","volume":2000,"price":8.36,"category":"rbear"},{"type":"B","date":"2018-03-16T07:19:56.000Z","volume":2000,"price":8.36,"category":"rbear"},{"type":"B","date":"2018-03-16T07:19:36.000Z","volume":2000,"price":8.36,"category":"rbear"},{"type":"B","date":"2018-03-16T07:19:16.000Z","volume":2000,"price":8.36,"category":"rbear"},{"type":"B","date":"2018-03-16T07:19:11.000Z","volume":2000,"price":8.36,"category":"rbear"},{"type":"B","date":"2018-03-16T07:19:06.000Z","volume":2000,"price":8.36,"category":"rbear"},{"type":"B","date":"2018-03-16T07:17:45.000Z","volume":2000,"price":8.36,"category":"rbear"},{"type":"B","date":"2018-03-16T07:17:25.000Z","volume":2000,"price":8.36,"category":"rbear"},{"type":"B","date":"2018-03-16T07:17:05.000Z","volume":2000,"price":8.35,"category":"rbear"},{"type":"B","date":"2018-03-16T07:16:46.000Z","volume":2000,"price":8.35,"category":"rbear"},{"type":"B","date":"2018-03-16T07:16:25.000Z","volume":2000,"price":8.36,"category":"rbear"},{"type":"B","date":"2018-03-16T07:16:15.000Z","volume":2000,"price":8.36,"category":"rbear"},{"type":"B","date":"2018-03-16T07:15:55.000Z","volume":2000,"price":8.36,"category":"rbear"},{"type":"B","date":"2018-03-16T07:15:35.000Z","volume":2000,"price":8.36,"category":"rbear"},{"type":"B","date":"2018-03-16T07:15:15.000Z","volume":2000,"price":8.35,"category":"rbear"},{"type":"B","date":"2018-03-16T07:14:54.000Z","volume":2000,"price":8.35,"category":"rbear"},{"type":"B","date":"2018-03-16T07:13:14.000Z","volume":2000,"price":8.35,"category":"rbear"},{"type":"B","date":"2018-03-16T07:13:10.000Z","volume":2000,"price":8.35,"category":"rbear"},{"type":"B","date":"2018-03-16T07:13:04.000Z","volume":2000,"price":8.35,"category":"rbear"},{"type":"B","date":"2018-03-16T07:12:44.000Z","volume":2000,"price":8.35,"category":"rbear"},{"type":"B","date":"2018-03-16T07:12:24.000Z","volume":2000,"price":8.36,"category":"rbear"},{"type":"B","date":"2018-03-16T07:12:24.000Z","volume":2000,"price":8.36,"category":"rbear"},{"type":"B","date":"2018-03-16T07:12:16.000Z","volume":2000,"price":8.36,"category":"rbear"},{"type":"B","date":"2018-03-16T07:12:11.000Z","volume":2000,"price":8.36,"category":"rbear"},{"type":"B","date":"2018-03-16T07:11:44.000Z","volume":2000,"price":8.36,"category":"rbear"},{"type":"B","date":"2018-03-16T07:11:24.000Z","volume":2000,"price":8.36,"category":"rbear"},{"type":"B","date":"2018-03-16T07:11:17.000Z","volume":2000,"price":8.36,"category":"rbear"},{"type":"B","date":"2018-03-16T07:11:04.000Z","volume":2000,"price":8.36,"category":"rbear"},{"type":"B","date":"2018-03-16T07:10:54.000Z","volume":2000,"price":8.36,"category":"rbear"},{"type":"B","date":"2018-03-16T07:10:54.000Z","volume":2000,"price":8.36,"category":"rbear"},{"type":"B","date":"2018-03-16T07:09:34.000Z","volume":2000,"price":8.37,"category":"rbear"},{"type":"B","date":"2018-03-16T07:09:14.000Z","volume":2000,"price":8.37,"category":"rbear"},{"type":"B","date":"2018-03-16T07:09:10.000Z","volume":2000,"price":8.37,"category":"rbear"},{"type":"B","date":"2018-03-16T07:08:54.000Z","volume":2000,"price":8.37,"category":"rbear"},{"type":"B","date":"2018-03-16T07:08:35.000Z","volume":2000,"price":8.37,"category":"rbear"},{"type":"B","date":"2018-03-16T07:08:34.000Z","volume":2000,"price":8.35,"category":"rbear"},{"type":"B","date":"2018-03-16T07:08:14.000Z","volume":2000,"price":8.36,"category":"rbear"},{"type":"B","date":"2018-03-16T07:07:53.000Z","volume":2000,"price":8.36,"category":"rbear"},{"type":"B","date":"2018-03-16T07:07:53.000Z","volume":2000,"price":8.36,"category":"rbear"},{"type":"B","date":"2018-03-16T07:07:43.000Z","volume":2000,"price":8.36,"category":"rbear"},{"type":"B","date":"2018-03-16T07:07:23.000Z","volume":2000,"price":8.36,"category":"rbear"},{"type":"B","date":"2018-03-16T07:07:03.000Z","volume":2000,"price":8.37,"category":"rbear"},{"type":"B","date":"2018-03-16T07:06:43.000Z","volume":2000,"price":8.37,"category":"rbear"},{"type":"B","date":"2018-03-16T07:05:22.000Z","volume":2000,"price":8.37,"category":"rbear"},{"type":"B","date":"2018-03-16T07:05:22.000Z","volume":2000,"price":8.37,"category":"rbear"},{"type":"B","date":"2018-03-16T07:05:02.000Z","volume":2000,"price":8.37,"category":"rbear"},{"type":"B","date":"2018-03-16T07:05:00.000Z","volume":2000,"price":8.37,"category":"rbear"},{"type":"B","date":"2018-03-16T07:04:43.000Z","volume":2000,"price":8.37,"category":"rbear"},{"type":"B","date":"2018-03-16T07:04:32.000Z","volume":2000,"price":8.37,"category":"rbear"},{"type":"B","date":"2018-03-16T07:04:13.000Z","volume":2000,"price":8.37,"category":"rbear"},{"type":"B","date":"2018-03-16T07:03:52.000Z","volume":2000,"price":8.37,"category":"rbear"},{"type":"B","date":"2018-03-16T07:03:32.000Z","volume":2000,"price":8.37,"category":"rbear"},{"type":"B","date":"2018-03-16T07:03:12.000Z","volume":2000,"price":8.37,"category":"rbear"},{"type":"B","date":"2018-03-16T07:02:52.000Z","volume":2000,"price":8.37,"category":"rbear"},{"type":"B","date":"2018-03-16T07:02:42.000Z","volume":2000,"price":8.37,"category":"rbear"},{"type":"B","date":"2018-03-16T07:01:21.000Z","volume":2000,"price":8.37,"category":"rbear"},{"type":"B","date":"2018-03-16T07:01:01.000Z","volume":2000,"price":8.37,"category":"rbear"},{"type":"B","date":"2018-03-16T07:00:41.000Z","volume":2000,"price":8.37,"category":"rbear"},{"type":"B","date":"2018-03-16T07:00:22.000Z","volume":2000,"price":8.37,"category":"rbear"},{"type":"B","date":"2018-03-16T07:00:01.000Z","volume":2000,"price":8.37,"category":"rbear"},{"type":"B","date":"2018-03-16T06:59:41.000Z","volume":2000,"price":8.37,"category":"rbear"},{"type":"B","date":"2018-03-16T06:59:40.000Z","volume":2000,"price":8.37,"category":"rbear"},{"type":"B","date":"2018-03-16T06:59:31.000Z","volume":2000,"price":8.37,"category":"rbear"},{"type":"B","date":"2018-03-16T06:59:11.000Z","volume":2000,"price":8.37,"category":"rbear"},{"type":"B","date":"2018-03-16T06:59:03.000Z","volume":2000,"price":8.37,"category":"rbear"},{"type":"B","date":"2018-03-16T06:58:51.000Z","volume":2000,"price":8.37,"category":"rbear"},{"type":"B","date":"2018-03-16T06:58:31.000Z","volume":2000,"price":8.37,"category":"rbear"},{"type":"B","date":"2018-03-16T06:57:11.000Z","volume":2000,"price":8.36,"category":"rbear"},{"type":"B","date":"2018-03-16T06:56:51.000Z","volume":2000,"price":8.36,"category":"rbear"},{"type":"B","date":"2018-03-16T06:56:31.000Z","volume":2000,"price":8.36,"category":"rbear"},{"type":"B","date":"2018-03-16T06:56:21.000Z","volume":2000,"price":8.36,"category":"rbear"},{"type":"B","date":"2018-03-16T06:56:01.000Z","volume":2000,"price":8.36,"category":"rbear"},{"type":"B","date":"2018-03-16T06:55:40.000Z","volume":2000,"price":8.37,"category":"rbear"},{"type":"B","date":"2018-03-16T06:55:11.000Z","volume":2000,"price":8.37,"category":"rbear"},{"type":"B","date":"2018-03-16T06:55:10.000Z","volume":2000,"price":8.37,"category":"rbear"},{"type":"B","date":"2018-03-16T06:55:10.000Z","volume":2000,"price":8.37,"category":"rbear"},{"type":"B","date":"2018-03-16T06:55:00.000Z","volume":2000,"price":8.37,"category":"rbear"},{"type":"B","date":"2018-03-16T06:54:40.000Z","volume":2000,"price":8.37,"category":"rbear"},{"type":"B","date":"2018-03-16T06:54:40.000Z","volume":2000,"price":8.37,"category":"rbear"},{"type":"B","date":"2018-03-16T06:54:21.000Z","volume":2000,"price":8.38,"category":"rbear"},{"type":"B","date":"2018-03-16T06:54:20.000Z","volume":2000,"price":8.38,"category":"rbear"},{"type":"B","date":"2018-03-16T06:54:20.000Z","volume":2000,"price":8.38,"category":"rbear"},{"type":"B","date":"2018-03-16T06:53:39.000Z","volume":2000,"price":8.38,"category":"rbear"},{"type":"B","date":"2018-03-16T06:53:27.000Z","volume":2000,"price":8.38,"category":"rbear"},{"type":"B","date":"2018-03-16T06:53:27.000Z","volume":2000,"price":8.38,"category":"rbear"},{"type":"B","date":"2018-03-16T06:53:17.000Z","volume":2000,"price":8.38,"category":"rbear"},{"type":"B","date":"2018-03-16T06:53:10.000Z","volume":2000,"price":8.38,"category":"rbear"},{"type":"B","date":"2018-03-16T06:52:49.000Z","volume":2000,"price":8.38,"category":"rbear"},{"type":"B","date":"2018-03-16T06:52:30.000Z","volume":2000,"price":8.38,"category":"rbear"},{"type":"B","date":"2018-03-16T06:52:10.000Z","volume":2000,"price":8.38,"category":"rbear"},{"type":"B","date":"2018-03-16T06:51:49.000Z","volume":2000,"price":8.38,"category":"rbear"},{"type":"B","date":"2018-03-16T06:51:30.000Z","volume":2000,"price":8.38,"category":"rbear"},{"type":"B","date":"2018-03-16T06:51:19.000Z","volume":2000,"price":8.38,"category":"rbear"},{"type":"B","date":"2018-03-16T06:51:11.000Z","volume":2000,"price":8.38,"category":"rbear"},{"type":"B","date":"2018-03-16T06:51:01.000Z","volume":2000,"price":8.38,"category":"rbear"},{"type":"B","date":"2018-03-16T06:51:01.000Z","volume":2000,"price":8.38,"category":"rbear"},{"type":"B","date":"2018-03-16T06:51:01.000Z","volume":2000,"price":8.38,"category":"rbear"},{"type":"B","date":"2018-03-16T06:51:00.000Z","volume":2000,"price":8.39,"category":"rbear"},{"type":"B","date":"2018-03-16T06:51:00.000Z","volume":2000,"price":8.39,"category":"rbear"},{"type":"B","date":"2018-03-16T06:50:39.000Z","volume":2000,"price":8.39,"category":"rbear"},{"type":"B","date":"2018-03-16T06:50:20.000Z","volume":2000,"price":8.39,"category":"rbear"},{"type":"B","date":"2018-03-16T06:49:26.000Z","volume":2000,"price":8.39,"category":"rbear"},{"type":"B","date":"2018-03-16T06:48:58.000Z","volume":2000,"price":8.38,"category":"rbear"},{"type":"B","date":"2018-03-16T06:48:58.000Z","volume":2000,"price":8.39,"category":"rbear"},{"type":"B","date":"2018-03-16T06:48:48.000Z","volume":2000,"price":8.39,"category":"rbear"},{"type":"B","date":"2018-03-16T06:48:48.000Z","volume":2000,"price":8.39,"category":"rbear"},{"type":"B","date":"2018-03-16T06:48:45.000Z","volume":2000,"price":8.39,"category":"rbear"},{"type":"B","date":"2018-03-16T06:48:44.000Z","volume":2000,"price":8.39,"category":"rbear"},{"type":"B","date":"2018-03-16T06:48:38.000Z","volume":2000,"price":8.39,"category":"rbear"},{"type":"B","date":"2018-03-16T06:48:18.000Z","volume":2000,"price":8.39,"category":"rbear"},{"type":"B","date":"2018-03-16T06:48:09.000Z","volume":2000,"price":8.39,"category":"rbear"},{"type":"B","date":"2018-03-16T06:48:08.000Z","volume":2000,"price":8.39,"category":"rbear"},{"type":"B","date":"2018-03-16T06:47:48.000Z","volume":2000,"price":8.39,"category":"rbear"},{"type":"B","date":"2018-03-16T06:47:28.000Z","volume":2000,"price":8.39,"category":"rbear"},{"type":"B","date":"2018-03-16T06:47:22.000Z","volume":2000,"price":8.4,"category":"rbear"},{"type":"B","date":"2018-03-16T06:47:21.000Z","volume":2000,"price":8.4,"category":"rbear"},{"type":"B","date":"2018-03-16T06:47:08.000Z","volume":2000,"price":8.39,"category":"rbear"},{"type":"B","date":"2018-03-16T06:47:08.000Z","volume":2000,"price":8.4,"category":"rbear"},{"type":"B","date":"2018-03-16T06:47:02.000Z","volume":2000,"price":8.4,"category":"rbear"},{"type":"B","date":"2018-03-16T06:47:01.000Z","volume":2000,"price":8.4,"category":"rbear"},{"type":"B","date":"2018-03-16T06:46:48.000Z","volume":2000,"price":8.4,"category":"rbear"},{"type":"B","date":"2018-03-16T06:46:28.000Z","volume":2000,"price":8.41,"category":"rbear"},{"type":"B","date":"2018-03-16T06:46:08.000Z","volume":2000,"price":8.41,"category":"rbear"},{"type":"B","date":"2018-03-16T06:45:53.000Z","volume":2000,"price":8.41,"category":"rbear"},{"type":"B","date":"2018-03-16T06:45:44.000Z","volume":2000,"price":8.41,"category":"rbear"},{"type":"B","date":"2018-03-16T06:45:44.000Z","volume":2000,"price":8.41,"category":"rbear"},{"type":"B","date":"2018-03-16T06:45:17.000Z","volume":2000,"price":8.42,"category":"rbear"},{"type":"B","date":"2018-03-16T06:45:16.000Z","volume":2000,"price":8.42,"category":"rbear"},{"type":"B","date":"2018-03-16T06:44:37.000Z","volume":2000,"price":8.43,"category":"rbear"},{"type":"B","date":"2018-03-16T06:42:49.000Z","volume":2000,"price":8.43,"category":"rbear"},{"type":"B","date":"2018-03-16T06:41:53.000Z","volume":2000,"price":8.43,"category":"rbear"},{"type":"B","date":"2018-03-16T06:41:06.000Z","volume":2000,"price":8.43,"category":"rbear"},{"type":"B","date":"2018-03-16T06:40:08.000Z","volume":2000,"price":8.42,"category":"rbear"},{"type":"B","date":"2018-03-16T06:40:04.000Z","volume":2000,"price":8.43,"category":"rbear"},{"type":"B","date":"2018-03-16T06:37:44.000Z","volume":2000,"price":8.42,"category":"rbear"},{"type":"B","date":"2018-03-16T06:34:43.000Z","volume":2000,"price":8.42,"category":"rbear"},{"type":"B","date":"2018-03-16T06:32:13.000Z","volume":2000,"price":8.43,"category":"rbear"},{"type":"B","date":"2018-03-16T06:32:13.000Z","volume":2000,"price":8.43,"category":"rbear"},{"type":"B","date":"2018-03-16T06:32:13.000Z","volume":2000,"price":8.43,"category":"rbear"},{"type":"B","date":"2018-03-16T06:32:02.000Z","volume":2000,"price":8.43,"category":"rbear"},{"type":"B","date":"2018-03-16T06:30:20.000Z","volume":2000,"price":8.42,"category":"rbear"},{"type":"B","date":"2018-03-16T06:30:20.000Z","volume":2000,"price":8.42,"category":"rbear"},{"type":"B","date":"2018-03-16T06:30:20.000Z","volume":2000,"price":8.42,"category":"rbear"},{"type":"B","date":"2018-03-16T06:30:02.000Z","volume":2000,"price":8.42,"category":"rbear"},{"type":"B","date":"2018-03-16T06:29:58.000Z","volume":2000,"price":8.41,"category":"rbear"},{"type":"B","date":"2018-03-16T06:28:01.000Z","volume":2000,"price":8.42,"category":"rbear"},{"type":"B","date":"2018-03-16T06:22:24.000Z","volume":2000,"price":8.41,"category":"rbear"},{"type":"B","date":"2018-03-16T06:20:41.000Z","volume":2000,"price":8.41,"category":"rbear"},{"type":"B","date":"2018-03-16T06:19:17.000Z","volume":2000,"price":8.41,"category":"rbear"},{"type":"B","date":"2018-03-16T06:18:41.000Z","volume":2000,"price":8.41,"category":"rbear"},{"type":"B","date":"2018-03-16T06:18:19.000Z","volume":2000,"price":8.41,"category":"rbear"},{"type":"B","date":"2018-03-16T06:18:19.000Z","volume":2000,"price":8.41,"category":"rbear"},{"type":"B","date":"2018-03-16T06:18:18.000Z","volume":2000,"price":8.41,"category":"rbear"},{"type":"B","date":"2018-03-16T06:17:53.000Z","volume":2000,"price":8.41,"category":"rbear"},{"type":"B","date":"2018-03-16T06:15:49.000Z","volume":2000,"price":8.4,"category":"rbear"},{"type":"B","date":"2018-03-16T06:15:47.000Z","volume":2000,"price":8.39,"category":"rbear"},{"type":"B","date":"2018-03-16T06:15:46.000Z","volume":2000,"price":8.4,"category":"rbear"},{"type":"B","date":"2018-03-16T06:15:44.000Z","volume":2000,"price":8.4,"category":"rbear"},{"type":"B","date":"2018-03-16T06:15:41.000Z","volume":2000,"price":8.4,"category":"rbear"},{"type":"B","date":"2018-03-16T06:15:04.000Z","volume":2000,"price":8.41,"category":"rbear"},{"type":"B","date":"2018-03-16T06:13:53.000Z","volume":2000,"price":8.42,"category":"rbear"},{"type":"B","date":"2018-03-16T06:08:39.000Z","volume":2000,"price":8.44,"category":"rbear"},{"type":"B","date":"2018-03-16T06:07:44.000Z","volume":2000,"price":8.43,"category":"rbear"},{"type":"B","date":"2018-03-16T06:05:39.000Z","volume":2000,"price":8.43,"category":"rbear"},{"type":"B","date":"2018-03-16T06:05:11.000Z","volume":2000,"price":8.44,"category":"rbear"},{"type":"B","date":"2018-03-16T06:04:24.000Z","volume":2000,"price":8.44,"category":"rbear"},{"type":"B","date":"2018-03-16T06:04:24.000Z","volume":2000,"price":8.44,"category":"rbear"},{"type":"B","date":"2018-03-16T06:04:11.000Z","volume":2000,"price":8.46,"category":"rbear"},{"type":"B","date":"2018-03-16T06:02:31.000Z","volume":2000,"price":8.46,"category":"rbear"},{"type":"B","date":"2018-03-16T06:01:49.000Z","volume":2000,"price":8.46,"category":"rbear"},{"type":"B","date":"2018-03-16T06:00:04.000Z","volume":2000,"price":8.46,"category":"rbear"},{"type":"B","date":"2018-03-16T06:00:04.000Z","volume":2000,"price":8.46,"category":"rbear"},{"type":"B","date":"2018-03-16T06:00:04.000Z","volume":2000,"price":8.46,"category":"rbear"},{"type":"B","date":"2018-03-16T05:58:31.000Z","volume":2000,"price":8.47,"category":"rbear"},{"type":"B","date":"2018-03-16T05:57:59.000Z","volume":2000,"price":8.46,"category":"rbear"},{"type":"B","date":"2018-03-16T05:57:59.000Z","volume":2000,"price":8.46,"category":"rbear"},{"type":"B","date":"2018-03-16T05:57:42.000Z","volume":2000,"price":8.46,"category":"rbear"},{"type":"B","date":"2018-03-16T05:57:41.000Z","volume":2000,"price":8.46,"category":"rbear"},{"type":"B","date":"2018-03-16T05:57:05.000Z","volume":2000,"price":8.46,"category":"rbear"},{"type":"B","date":"2018-03-16T05:56:29.000Z","volume":2000,"price":8.46,"category":"rbear"},{"type":"B","date":"2018-03-16T05:56:19.000Z","volume":2000,"price":8.46,"category":"rbear"}