[{"type":"A","date":"2018-03-26T01:51:05.000Z","volume":2000,"label":" ","price":2.21},{"type":"A","date":"2018-03-26T01:51:43.000Z","volume":59000,"label":" ","price":2.23},{"type":"A","date":"2018-03-26T01:53:05.000Z","volume":156000,"label":" ","price":2.22},{"type":"A","date":"2018-03-26T02:02:05.000Z","volume":9000,"label":" ","price":2.2},{"type":"A","date":"2018-03-26T02:02:05.000Z","volume":78000,"label":" ","price":2.21},{"type":"B","date":"2018-03-26T02:08:14.000Z","volume":2000,"label":" ","price":2.18},{"type":"A","date":"2018-03-26T02:19:11.000Z","volume":144000,"label":" ","price":2.2},{"type":"A","date":"2018-03-26T02:26:51.000Z","volume":92000,"label":" ","price":2.2},{"type":"A","date":"2018-03-26T02:38:35.000Z","volume":117000,"label":" ","price":2.2},{"type":"A","date":"2018-03-26T02:47:55.000Z","volume":97000,"label":" ","price":2.2},{"type":"A","date":"2018-03-26T02:56:41.000Z","volume":194000,"label":" ","price":2.19},{"type":"A","date":"2018-03-26T03:07:32.000Z","volume":1000,"label":" ","price":2.19},{"type":"A","date":"2018-03-26T03:08:02.000Z","volume":104000,"label":" ","price":2.19},{"type":"B","date":"2018-03-26T03:12:20.000Z","volume":58000,"label":" ","price":2.18},{"type":"B","date":"2018-03-26T03:12:46.000Z","volume":110000,"label":" ","price":2.17},{"type":"A","date":"2018-03-26T03:25:19.000Z","volume":138000,"label":" ","price":2.17},{"type":"A","date":"2018-03-26T03:34:45.000Z","volume":176000,"label":" ","price":2.17},{"type":"B","date":"2018-03-26T03:40:35.000Z","volume":50000,"label":" ","price":2.17},{"type":"A","date":"2018-03-26T03:51:54.000Z","volume":17000,"label":" ","price":2.17},{"type":"A","date":"2018-03-26T03:52:13.000Z","volume":71000,"label":" ","price":2.17},{"type":"A","date":"2018-03-26T05:00:11.000Z","volume":4000,"label":" ","price":2.17},{"type":"A","date":"2018-03-26T05:00:11.000Z","volume":6000,"label":" ","price":2.17},{"type":"A","date":"2018-03-26T05:02:25.000Z","volume":1000,"label":" ","price":2.18},{"type":"A","date":"2018-03-26T05:03:39.000Z","volume":154000,"label":" ","price":2.17},{"type":"A","date":"2018-03-26T05:16:30.000Z","volume":113000,"label":" ","price":2.17},{"type":"A","date":"2018-03-26T05:23:12.000Z","volume":145000,"label":" ","price":2.17},{"type":"U","date":"2018-03-26T05:28:44.000Z","volume":1000,"label":" ","price":2.17},{"type":"U","date":"2018-03-26T05:31:02.000Z","volume":49000,"label":" ","price":2.17},{"type":"B","date":"2018-03-26T05:31:10.000Z","volume":51000,"label":" ","price":2.17},{"type":"A","date":"2018-03-26T05:32:51.000Z","volume":49000,"label":" ","price":2.17},{"type":"B","date":"2018-03-26T05:34:54.000Z","volume":20000,"label":" ","price":2.16},{"type":"A","date":"2018-03-26T05:41:29.000Z","volume":136000,"label":" ","price":2.17},{"type":"A","date":"2018-03-26T05:55:04.000Z","volume":98000,"label":" ","price":2.17},{"type":"A","date":"2018-03-26T06:01:52.000Z","volume":115000,"label":" ","price":2.17},{"type":"A","date":"2018-03-26T06:06:53.000Z","volume":280000,"label":" ","price":2.18},{"type":"A","date":"2018-03-26T06:12:11.000Z","volume":139000,"label":" ","price":2.18},{"type":"A","date":"2018-03-26T06:25:44.000Z","volume":72000,"label":" ","price":2.18},{"type":"A","date":"2018-03-26T06:30:28.000Z","volume":1000,"label":" ","price":2.19},{"type":"A","date":"2018-03-26T06:33:38.000Z","volume":128000,"label":" ","price":2.18},{"type":"A","date":"2018-03-26T06:40:57.000Z","volume":96000,"label":" ","price":2.18},{"type":"A","date":"2018-03-26T06:53:44.000Z","volume":74000,"label":" ","price":2.18},{"type":"A","date":"2018-03-26T07:03:46.000Z","volume":123000,"label":" ","price":2.18},{"type":"B","date":"2018-03-26T07:12:06.000Z","volume":10000,"label":" ","price":2.18},{"type":"A","date":"2018-03-26T07:12:15.000Z","volume":96000,"label":" ","price":2.18},{"type":"A","date":"2018-03-26T07:17:51.000Z","volume":1000,"label":" ","price":2.19},{"type":"A","date":"2018-03-26T07:18:52.000Z","volume":166000,"label":" ","price":2.19},{"type":"A","date":"2018-03-26T07:29:30.000Z","volume":147000,"label":" ","price":2.19},{"type":"A","date":"2018-03-26T07:34:44.000Z","volume":42000,"label":" ","price":2.2},{"type":"A","date":"2018-03-26T07:37:00.000Z","volume":159000,"label":" ","price":2.19},{"type":"A","date":"2018-03-26T07:37:43.000Z","volume":14000,"label":" ","price":2.2},{"type":"A","date":"2018-03-26T07:42:41.000Z","volume":5000,"label":" ","price":2.2},{"type":"A","date":"2018-03-26T07:47:09.000Z","volume":41000,"label":" ","price":2.19},{"type":"A","date":"2018-03-26T07:49:22.000Z","volume":2000,"label":" ","price":2.19},{"type":"A","date":"2018-03-26T07:52:22.000Z","volume":145000,"label":" ","price":2.2}]