[{"type":"U","date":"2018-03-21T01:00:29.000Z","volume":393,"label":"P","price":6.23},{"type":"U","date":"2018-03-21T01:02:09.000Z","volume":500,"label":"P","price":6.18},{"type":"U","date":"2018-03-21T01:20:00.000Z","volume":422000,"label":"U","price":6.29},{"type":"U","date":"2018-03-21T01:30:00.000Z","volume":5000,"label":" ","price":6.28},{"type":"U","date":"2018-03-21T01:30:01.000Z","volume":130,"label":"D","price":6.29},{"type":"A","date":"2018-03-21T01:30:03.000Z","volume":50000,"label":" ","price":6.28},{"type":"U","date":"2018-03-21T01:30:04.000Z","volume":356,"label":"D","price":6.29},{"type":"A","date":"2018-03-21T01:30:16.000Z","volume":100000,"label":" ","price":6.28},{"type":"A","date":"2018-03-21T01:30:30.000Z","volume":7000,"label":" ","price":6.28},{"type":"A","date":"2018-03-21T01:30:30.000Z","volume":33000,"label":" ","price":6.29},{"type":"A","date":"2018-03-21T01:30:34.000Z","volume":50000,"label":" ","price":6.29},{"type":"A","date":"2018-03-21T01:30:38.000Z","volume":100000,"label":" ","price":6.29},{"type":"A","date":"2018-03-21T01:30:38.000Z","volume":2000,"label":" ","price":6.29},{"type":"A","date":"2018-03-21T01:30:43.000Z","volume":7000,"label":" ","price":6.29},{"type":"A","date":"2018-03-21T01:30:43.000Z","volume":1000,"label":"Y","price":6.29},{"type":"A","date":"2018-03-21T01:30:43.000Z","volume":2000,"label":" ","price":6.29},{"type":"A","date":"2018-03-21T01:30:47.000Z","volume":2000,"label":" ","price":6.3},{"type":"B","date":"2018-03-21T01:30:51.000Z","volume":36000,"label":" ","price":6.28},{"type":"U","date":"2018-03-21T01:30:51.000Z","volume":9000,"label":" ","price":6.28},{"type":"A","date":"2018-03-21T01:30:52.000Z","volume":63000,"label":" ","price":6.29},{"type":"U","date":"2018-03-21T01:30:56.000Z","volume":7000,"label":" ","price":6.29},{"type":"U","date":"2018-03-21T01:30:56.000Z","volume":4000,"label":" ","price":6.29},{"type":"A","date":"2018-03-21T01:31:06.000Z","volume":18000,"label":"Y","price":6.3},{"type":"A","date":"2018-03-21T01:31:06.000Z","volume":269000,"label":" ","price":6.3},{"type":"A","date":"2018-03-21T01:31:06.000Z","volume":13000,"label":" ","price":6.3},{"type":"B","date":"2018-03-21T01:31:39.000Z","volume":38000,"label":" ","price":6.27},{"type":"B","date":"2018-03-21T01:31:39.000Z","volume":119000,"label":" ","price":6.27},{"type":"B","date":"2018-03-21T01:31:39.000Z","volume":10000,"label":" ","price":6.27},{"type":"A","date":"2018-03-21T01:31:50.000Z","volume":100000,"label":" ","price":6.27},{"type":"U","date":"2018-03-21T01:31:53.000Z","volume":163,"label":"D","price":6.27},{"type":"A","date":"2018-03-21T01:32:09.000Z","volume":8000,"label":" ","price":6.27},{"type":"A","date":"2018-03-21T01:32:13.000Z","volume":3000,"label":"Y","price":6.27},{"type":"A","date":"2018-03-21T01:32:13.000Z","volume":3000,"label":" ","price":6.27},{"type":"A","date":"2018-03-21T01:32:44.000Z","volume":1000,"label":" ","price":6.27},{"type":"A","date":"2018-03-21T01:32:55.000Z","volume":4000,"label":" ","price":6.27},{"type":"A","date":"2018-03-21T01:33:34.000Z","volume":1000,"label":"Y","price":6.28},{"type":"A","date":"2018-03-21T01:33:34.000Z","volume":9000,"label":" ","price":6.28},{"type":"B","date":"2018-03-21T01:33:36.000Z","volume":10000,"label":" ","price":6.27},{"type":"A","date":"2018-03-21T01:34:11.000Z","volume":3000,"label":"Y","price":6.28},{"type":"A","date":"2018-03-21T01:34:11.000Z","volume":2000,"label":" ","price":6.28},{"type":"A","date":"2018-03-21T01:34:25.000Z","volume":32000,"label":" ","price":6.28},{"type":"B","date":"2018-03-21T01:34:39.000Z","volume":1000,"label":" ","price":6.27},{"type":"A","date":"2018-03-21T01:34:39.000Z","volume":2000,"label":" ","price":6.28},{"type":"B","date":"2018-03-21T01:34:43.000Z","volume":1000,"label":"Y","price":6.27},{"type":"B","date":"2018-03-21T01:34:43.000Z","volume":127000,"label":" ","price":6.27},{"type":"B","date":"2018-03-21T01:34:43.000Z","volume":9000,"label":" ","price":6.27},{"type":"B","date":"2018-03-21T01:34:43.000Z","volume":2000,"label":" ","price":6.27},{"type":"A","date":"2018-03-21T01:34:44.000Z","volume":8000,"label":" ","price":6.27},{"type":"A","date":"2018-03-21T01:35:14.000Z","volume":10000,"label":" ","price":6.27},{"type":"A","date":"2018-03-21T01:35:26.000Z","volume":10000,"label":" ","price":6.27},{"type":"A","date":"2018-03-21T01:35:31.000Z","volume":268000,"label":" ","price":6.27},{"type":"A","date":"2018-03-21T01:35:31.000Z","volume":32000,"label":" ","price":6.27},{"type":"A","date":"2018-03-21T01:35:31.000Z","volume":5000,"label":" ","price":6.27},{"type":"A","date":"2018-03-21T01:35:50.000Z","volume":3000,"label":" ","price":6.27},{"type":"A","date":"2018-03-21T01:36:13.000Z","volume":12000,"label":" ","price":6.27},{"type":"A","date":"2018-03-21T01:36:18.000Z","volume":10000,"label":" ","price":6.27},{"type":"B","date":"2018-03-21T01:36:22.000Z","volume":115000,"label":" ","price":6.26},{"type":"B","date":"2018-03-21T01:36:22.000Z","volume":22000,"label":" ","price":6.26},{"type":"A","date":"2018-03-21T01:36:22.000Z","volume":4000,"label":" ","price":6.26},{"type":"A","date":"2018-03-21T01:36:22.000Z","volume":9000,"label":" ","price":6.26},{"type":"A","date":"2018-03-21T01:37:06.000Z","volume":5000,"label":" ","price":6.26},{"type":"A","date":"2018-03-21T01:37:06.000Z","volume":10000,"label":" ","price":6.27},{"type":"B","date":"2018-03-21T01:37:11.000Z","volume":3000,"label":" ","price":6.26},{"type":"U","date":"2018-03-21T01:37:25.000Z","volume":236,"label":"D","price":6.27},{"type":"A","date":"2018-03-21T01:37:29.000Z","volume":17000,"label":" ","price":6.26},{"type":"A","date":"2018-03-21T01:37:44.000Z","volume":200000,"label":" ","price":6.27},{"type":"U","date":"2018-03-21T01:38:05.000Z","volume":650,"label":"D","price":6.21},{"type":"A","date":"2018-03-21T01:38:29.000Z","volume":400000,"label":" ","price":6.27},{"type":"A","date":"2018-03-21T01:38:29.000Z","volume":47000,"label":" ","price":6.27},{"type":"A","date":"2018-03-21T01:38:30.000Z","volume":25000,"label":" ","price":6.27},{"type":"A","date":"2018-03-21T01:38:30.000Z","volume":10000,"label":" ","price":6.27},{"type":"A","date":"2018-03-21T01:39:08.000Z","volume":2000,"label":" ","price":6.27},{"type":"A","date":"2018-03-21T01:39:13.000Z","volume":1000,"label":" ","price":6.27},{"type":"A","date":"2018-03-21T01:39:20.000Z","volume":1000,"label":" ","price":6.27},{"type":"U","date":"2018-03-21T01:39:25.000Z","volume":38000,"label":" ","price":6.27},{"type":"U","date":"2018-03-21T01:39:25.000Z","volume":22000,"label":" ","price":6.27},{"type":"A","date":"2018-03-21T01:39:29.000Z","volume":44000,"label":" ","price":6.27},{"type":"A","date":"2018-03-21T01:39:29.000Z","volume":36000,"label":" ","price":6.27},{"type":"U","date":"2018-03-21T01:39:29.000Z","volume":6000,"label":" ","price":6.27},{"type":"A","date":"2018-03-21T01:39:49.000Z","volume":30000,"label":" ","price":6.28},{"type":"B","date":"2018-03-21T01:40:14.000Z","volume":65000,"label":" ","price":6.27},{"type":"B","date":"2018-03-21T01:40:19.000Z","volume":7000,"label":" ","price":6.27},{"type":"A","date":"2018-03-21T01:40:32.000Z","volume":20000,"label":" ","price":6.28},{"type":"B","date":"2018-03-21T01:41:04.000Z","volume":119000,"label":" ","price":6.27},{"type":"B","date":"2018-03-21T01:41:04.000Z","volume":130000,"label":" ","price":6.27},{"type":"B","date":"2018-03-21T01:41:04.000Z","volume":8000,"label":"Y","price":6.27},{"type":"B","date":"2018-03-21T01:41:04.000Z","volume":5000,"label":"Y","price":6.27},{"type":"B","date":"2018-03-21T01:41:04.000Z","volume":8000,"label":"Y","price":6.27},{"type":"B","date":"2018-03-21T01:41:04.000Z","volume":6000,"label":"Y","price":6.27},{"type":"B","date":"2018-03-21T01:41:04.000Z","volume":2000,"label":" ","price":6.27},{"type":"B","date":"2018-03-21T01:41:04.000Z","volume":1000,"label":" ","price":6.27},{"type":"A","date":"2018-03-21T01:41:06.000Z","volume":34000,"label":" ","price":6.27},{"type":"A","date":"2018-03-21T01:41:24.000Z","volume":68000,"label":" ","price":6.27},{"type":"A","date":"2018-03-21T01:41:31.000Z","volume":4000,"label":" ","price":6.27},{"type":"A","date":"2018-03-21T01:41:48.000Z","volume":9000,"label":" ","price":6.27},{"type":"A","date":"2018-03-21T01:42:14.000Z","volume":3000,"label":"Y","price":6.27},{"type":"A","date":"2018-03-21T01:42:14.000Z","volume":9000,"label":" ","price":6.27},{"type":"A","date":"2018-03-21T01:42:19.000Z","volume":2000,"label":" ","price":6.27},{"type":"A","date":"2018-03-21T01:42:28.000Z","volume":4000,"label":" ","price":6.27},{"type":"A","date":"2018-03-21T01:42:28.000Z","volume":7000,"label":" ","price":6.27},{"type":"A","date":"2018-03-21T01:42:32.000Z","volume":9000,"label":" ","price":6.27},{"type":"A","date":"2018-03-21T01:42:46.000Z","volume":2000,"label":" ","price":6.27},{"type":"A","date":"2018-03-21T01:42:46.000Z","volume":1000,"label":" ","price":6.27},{"type":"A","date":"2018-03-21T01:42:46.000Z","volume":3000,"label":" ","price":6.27},{"type":"A","date":"2018-03-21T01:42:48.000Z","volume":8000,"label":" ","price":6.28},{"type":"A","date":"2018-03-21T01:42:59.000Z","volume":500000,"label":" ","price":6.28},{"type":"A","date":"2018-03-21T01:43:06.000Z","volume":8000,"label":" ","price":6.28},{"type":"A","date":"2018-03-21T01:43:08.000Z","volume":92000,"label":" ","price":6.28},{"type":"A","date":"2018-03-21T01:43:32.000Z","volume":10000,"label":" ","price":6.29},{"type":"A","date":"2018-03-21T01:43:58.000Z","volume":5000,"label":" ","price":6.29},{"type":"A","date":"2018-03-21T01:43:58.000Z","volume":4000,"label":" ","price":6.29},{"type":"A","date":"2018-03-21T01:43:58.000Z","volume":1000,"label":" ","price":6.29},{"type":"U","date":"2018-03-21T01:44:02.000Z","volume":38000,"label":" ","price":6.29},{"type":"U","date":"2018-03-21T01:44:02.000Z","volume":1000,"label":" ","price":6.29},{"type":"U","date":"2018-03-21T01:44:02.000Z","volume":1000,"label":" ","price":6.29},{"type":"U","date":"2018-03-21T01:44:02.000Z","volume":1000,"label":" ","price":6.29},{"type":"A","date":"2018-03-21T01:44:36.000Z","volume":19000,"label":" ","price":6.29},{"type":"A","date":"2018-03-21T01:44:38.000Z","volume":1000,"label":" ","price":6.29},{"type":"A","date":"2018-03-21T01:45:07.000Z","volume":2000,"label":" ","price":6.3},{"type":"A","date":"2018-03-21T01:45:25.000Z","volume":25000,"label":" ","price":6.3},{"type":"A","date":"2018-03-21T01:45:29.000Z","volume":1000,"label":"Y","price":6.3},{"type":"A","date":"2018-03-21T01:45:29.000Z","volume":1000,"label":" ","price":6.3},{"type":"A","date":"2018-03-21T01:46:00.000Z","volume":2000,"label":"Y","price":6.3},{"type":"A","date":"2018-03-21T01:46:00.000Z","volume":15000,"label":" ","price":6.3},{"type":"A","date":"2018-03-21T01:46:21.000Z","volume":13000,"label":"Y","price":6.3},{"type":"A","date":"2018-03-21T01:46:21.000Z","volume":8000,"label":" ","price":6.3},{"type":"A","date":"2018-03-21T01:46:39.000Z","volume":12000,"label":" ","price":6.31},{"type":"A","date":"2018-03-21T01:46:52.000Z","volume":2000,"label":" ","price":6.31},{"type":"A","date":"2018-03-21T01:47:00.000Z","volume":12000,"label":" ","price":6.31},{"type":"B","date":"2018-03-21T01:47:04.000Z","volume":10000,"label":" ","price":6.3},{"type":"A","date":"2018-03-21T01:47:26.000Z","volume":17000,"label":" ","price":6.31},{"type":"A","date":"2018-03-21T01:47:26.000Z","volume":11000,"label":" ","price":6.31},{"type":"A","date":"2018-03-21T01:47:52.000Z","volume":1000,"label":" ","price":6.31},{"type":"A","date":"2018-03-21T01:47:52.000Z","volume":15000,"label":" ","price":6.31},{"type":"A","date":"2018-03-21T01:48:09.000Z","volume":2000,"label":" ","price":6.32},{"type":"B","date":"2018-03-21T01:48:29.000Z","volume":1000,"label":" ","price":6.3},{"type":"A","date":"2018-03-21T01:48:50.000Z","volume":1000,"label":" ","price":6.32},{"type":"A","date":"2018-03-21T01:49:14.000Z","volume":8000,"label":" ","price":6.31},{"type":"A","date":"2018-03-21T01:49:18.000Z","volume":5000,"label":" ","price":6.31},{"type":"A","date":"2018-03-21T01:49:23.000Z","volume":1000,"label":" ","price":6.31},{"type":"U","date":"2018-03-21T01:49:25.000Z","volume":1000,"label":" ","price":6.31},{"type":"U","date":"2018-03-21T01:49:25.000Z","volume":1000,"label":" ","price":6.31},{"type":"A","date":"2018-03-21T01:49:27.000Z","volume":3000,"label":" ","price":6.31},{"type":"A","date":"2018-03-21T01:49:27.000Z","volume":5000,"label":" ","price":6.31},{"type":"A","date":"2018-03-21T01:49:27.000Z","volume":3000,"label":" ","price":6.31},{"type":"A","date":"2018-03-21T01:49:27.000Z","volume":2000,"label":" ","price":6.31},{"type":"A","date":"2018-03-21T01:49:31.000Z","volume":3000,"label":" ","price":6.31},{"type":"A","date":"2018-03-21T01:49:41.000Z","volume":1000,"label":"Y","price":6.31},{"type":"A","date":"2018-03-21T01:49:45.000Z","volume":9000,"label":" ","price":6.31},{"type":"A","date":"2018-03-21T01:49:45.000Z","volume":1000,"label":"Y","price":6.31},{"type":"A","date":"2018-03-21T01:49:45.000Z","volume":1000,"label":" ","price":6.31},{"type":"B","date":"2018-03-21T01:49:52.000Z","volume":5000,"label":" ","price":6.3},{"type":"B","date":"2018-03-21T01:49:54.000Z","volume":14000,"label":" ","price":6.3},{"type":"A","date":"2018-03-21T01:49:57.000Z","volume":6000,"label":" ","price":6.31},{"type":"A","date":"2018-03-21T01:49:59.000Z","volume":100000,"label":" ","price":6.32},{"type":"U","date":"2018-03-21T01:50:03.000Z","volume":5000,"label":"Y","price":6.31},{"type":"U","date":"2018-03-21T01:50:03.000Z","volume":1000,"label":" ","price":6.31},{"type":"A","date":"2018-03-21T01:50:03.000Z","volume":2000,"label":" ","price":6.31},{"type":"A","date":"2018-03-21T01:50:05.000Z","volume":10000,"label":" ","price":6.31},{"type":"U","date":"2018-03-21T01:50:13.000Z","volume":900,"label":"D","price":6.25},{"type":"B","date":"2018-03-21T01:50:20.000Z","volume":94000,"label":" ","price":6.3},{"type":"A","date":"2018-03-21T01:50:20.000Z","volume":11000,"label":" ","price":6.3},{"type":"B","date":"2018-03-21T01:50:20.000Z","volume":2000,"label":" ","price":6.29},{"type":"A","date":"2018-03-21T01:50:36.000Z","volume":2000,"label":" ","price":6.3},{"type":"B","date":"2018-03-21T01:51:16.000Z","volume":1000,"label":" ","price":6.3},{"type":"A","date":"2018-03-21T01:51:18.000Z","volume":25000,"label":" ","price":6.31},{"type":"B","date":"2018-03-21T01:51:26.000Z","volume":28000,"label":" ","price":6.3},{"type":"A","date":"2018-03-21T01:51:45.000Z","volume":17000,"label":" ","price":6.31},{"type":"A","date":"2018-03-21T01:52:00.000Z","volume":9000,"label":" ","price":6.31},{"type":"A","date":"2018-03-21T01:52:05.000Z","volume":5000,"label":" ","price":6.31},{"type":"A","date":"2018-03-21T01:52:25.000Z","volume":7000,"label":" ","price":6.31},{"type":"A","date":"2018-03-21T01:52:40.000Z","volume":21000,"label":" ","price":6.31},{"type":"A","date":"2018-03-21T01:53:00.000Z","volume":8000,"label":" ","price":6.32},{"type":"A","date":"2018-03-21T01:53:15.000Z","volume":8000,"label":" ","price":6.32},{"type":"A","date":"2018-03-21T01:53:20.000Z","volume":3000,"label":" ","price":6.32},{"type":"B","date":"2018-03-21T01:53:28.000Z","volume":11000,"label":" ","price":6.31},{"type":"A","date":"2018-03-21T01:53:30.000Z","volume":7000,"label":" ","price":6.32},{"type":"B","date":"2018-03-21T01:53:42.000Z","volume":2000,"label":" ","price":6.31},{"type":"A","date":"2018-03-21T01:53:43.000Z","volume":7000,"label":" ","price":6.32},{"type":"A","date":"2018-03-21T01:53:56.000Z","volume":7000,"label":" ","price":6.32},{"type":"A","date":"2018-03-21T01:54:07.000Z","volume":4000,"label":"Y","price":6.32},{"type":"A","date":"2018-03-21T01:54:07.000Z","volume":16000,"label":" ","price":6.32},{"type":"A","date":"2018-03-21T01:54:07.000Z","volume":4000,"label":" ","price":6.32},{"type":"A","date":"2018-03-21T01:54:15.000Z","volume":9000,"label":" ","price":6.32},{"type":"A","date":"2018-03-21T01:54:15.000Z","volume":3000,"label":" ","price":6.32},{"type":"U","date":"2018-03-21T01:54:15.000Z","volume":1000,"label":" ","price":6.32},{"type":"A","date":"2018-03-21T01:54:30.000Z","volume":8000,"label":"Y","price":6.33},{"type":"B","date":"2018-03-21T01:54:33.000Z","volume":1000,"label":" ","price":6.32},{"type":"B","date":"2018-03-21T01:54:37.000Z","volume":50000,"label":" ","price":6.32},{"type":"B","date":"2018-03-21T01:54:37.000Z","volume":12000,"label":" ","price":6.32},{"type":"A","date":"2018-03-21T01:54:37.000Z","volume":1000,"label":" ","price":6.32},{"type":"A","date":"2018-03-21T01:54:37.000Z","volume":1000,"label":" ","price":6.32},{"type":"A","date":"2018-03-21T01:54:37.000Z","volume":2000,"label":" ","price":6.32},{"type":"A","date":"2018-03-21T01:54:37.000Z","volume":6000,"label":" ","price":6.32},{"type":"A","date":"2018-03-21T01:55:02.000Z","volume":2000,"label":" ","price":6.32},{"type":"A","date":"2018-03-21T01:55:20.000Z","volume":8000,"label":" ","price":6.32},{"type":"A","date":"2018-03-21T01:55:40.000Z","volume":8000,"label":" ","price":6.32},{"type":"A","date":"2018-03-21T01:56:00.000Z","volume":7000,"label":" ","price":6.32},{"type":"A","date":"2018-03-21T01:56:15.000Z","volume":7000,"label":" ","price":6.32},{"type":"A","date":"2018-03-21T01:56:17.000Z","volume":1000,"label":"Y","price":6.33},{"type":"B","date":"2018-03-21T01:56:19.000Z","volume":10000,"label":" ","price":6.32},{"type":"A","date":"2018-03-21T01:56:30.000Z","volume":4000,"label":"Y","price":6.33},{"type":"A","date":"2018-03-21T01:56:30.000Z","volume":3000,"label":" ","price":6.33},{"type":"B","date":"2018-03-21T01:56:41.000Z","volume":2000,"label":" ","price":6.32},{"type":"A","date":"2018-03-21T01:56:45.000Z","volume":8000,"label":" ","price":6.33},{"type":"B","date":"2018-03-21T01:56:47.000Z","volume":4000,"label":" ","price":6.32},{"type":"A","date":"2018-03-21T01:56:49.000Z","volume":2000,"label":" ","price":6.33},{"type":"A","date":"2018-03-21T01:56:52.000Z","volume":6000,"label":" ","price":6.33},{"type":"B","date":"2018-03-21T01:56:53.000Z","volume":6000,"label":" ","price":6.32},{"type":"A","date":"2018-03-21T01:57:11.000Z","volume":8000,"label":" ","price":6.33},{"type":"A","date":"2018-03-21T01:57:28.000Z","volume":11000,"label":"Y","price":6.33},{"type":"A","date":"2018-03-21T01:57:28.000Z","volume":95000,"label":" ","price":6.33},{"type":"A","date":"2018-03-21T01:57:37.000Z","volume":7000,"label":" ","price":6.34},{"type":"A","date":"2018-03-21T01:57:45.000Z","volume":1000,"label":"Y","price":6.34},{"type":"A","date":"2018-03-21T01:57:45.000Z","volume":29000,"label":" ","price":6.34},{"type":"A","date":"2018-03-21T01:57:58.000Z","volume":63000,"label":" ","price":6.34},{"type":"A","date":"2018-03-21T01:58:15.000Z","volume":62000,"label":" ","price":6.34},{"type":"A","date":"2018-03-21T01:58:16.000Z","volume":10000,"label":" ","price":6.35},{"type":"B","date":"2018-03-21T01:58:29.000Z","volume":50000,"label":" ","price":6.34},{"type":"B","date":"2018-03-21T01:58:29.000Z","volume":4000,"label":" ","price":6.34},{"type":"B","date":"2018-03-21T01:58:29.000Z","volume":63000,"label":" ","price":6.34},{"type":"A","date":"2018-03-21T01:58:29.000Z","volume":3000,"label":" ","price":6.34},{"type":"A","date":"2018-03-21T01:58:29.000Z","volume":3000,"label":" ","price":6.34},{"type":"A","date":"2018-03-21T01:58:29.000Z","volume":2000,"label":" ","price":6.34},{"type":"B","date":"2018-03-21T01:59:12.000Z","volume":1000,"label":" ","price":6.33},{"type":"A","date":"2018-03-21T01:59:21.000Z","volume":1000,"label":"Y","price":6.34},{"type":"A","date":"2018-03-21T01:59:21.000Z","volume":8000,"label":" ","price":6.34},{"type":"A","date":"2018-03-21T01:59:43.000Z","volume":7000,"label":" ","price":6.34},{"type":"A","date":"2018-03-21T02:01:07.000Z","volume":11000,"label":" ","price":6.34},{"type":"B","date":"2018-03-21T02:01:50.000Z","volume":1000,"label":" ","price":6.33},{"type":"B","date":"2018-03-21T02:02:11.000Z","volume":10000,"label":" ","price":6.33},{"type":"A","date":"2018-03-21T02:02:23.000Z","volume":5000,"label":" ","price":6.34},{"type":"U","date":"2018-03-21T02:02:27.000Z","volume":265,"label":"D","price":6.28},{"type":"A","date":"2018-03-21T02:02:36.000Z","volume":7000,"label":" ","price":6.34},{"type":"A","date":"2018-03-21T02:02:54.000Z","volume":13000,"label":" ","price":6.34},{"type":"A","date":"2018-03-21T02:03:10.000Z","volume":2000,"label":" ","price":6.34},{"type":"A","date":"2018-03-21T02:03:14.000Z","volume":10000,"label":" ","price":6.34},{"type":"A","date":"2018-03-21T02:03:19.000Z","volume":7000,"label":" ","price":6.34},{"type":"A","date":"2018-03-21T02:03:19.000Z","volume":3000,"label":" ","price":6.34},{"type":"A","date":"2018-03-21T02:03:31.000Z","volume":2000,"label":" ","price":6.34},{"type":"A","date":"2018-03-21T02:03:55.000Z","volume":3000,"label":" ","price":6.34},{"type":"A","date":"2018-03-21T02:04:11.000Z","volume":2000,"label":" ","price":6.34},{"type":"B","date":"2018-03-21T02:04:36.000Z","volume":1000,"label":" ","price":6.33},{"type":"A","date":"2018-03-21T02:05:07.000Z","volume":5000,"label":" ","price":6.34},{"type":"A","date":"2018-03-21T02:05:11.000Z","volume":1000,"label":" ","price":6.34},{"type":"A","date":"2018-03-21T02:05:19.000Z","volume":2000,"label":" ","price":6.34},{"type":"A","date":"2018-03-21T02:05:28.000Z","volume":1000,"label":" ","price":6.34},{"type":"A","date":"2018-03-21T02:05:52.000Z","volume":65000,"label":" ","price":6.34},{"type":"A","date":"2018-03-21T02:05:52.000Z","volume":34000,"label":" ","price":6.34},{"type":"A","date":"2018-03-21T02:06:33.000Z","volume":50000,"label":" ","price":6.34},{"type":"A","date":"2018-03-21T02:06:33.000Z","volume":18000,"label":" ","price":6.34},{"type":"A","date":"2018-03-21T02:06:33.000Z","volume":25000,"label":" ","price":6.34},{"type":"A","date":"2018-03-21T02:06:33.000Z","volume":6000,"label":" ","price":6.34},{"type":"A","date":"2018-03-21T02:06:33.000Z","volume":9000,"label":" ","price":6.34},{"type":"A","date":"2018-03-21T02:06:33.000Z","volume":3000,"label":" ","price":6.34},{"type":"A","date":"2018-03-21T02:06:33.000Z","volume":1000,"label":" ","price":6.34},{"type":"A","date":"2018-03-21T02:06:54.000Z","volume":2000,"label":" ","price":6.35},{"type":"B","date":"2018-03-21T02:07:06.000Z","volume":3000,"label":" ","price":6.34},{"type":"B","date":"2018-03-21T02:07:52.000Z","volume":20000,"label":" ","price":6.34},{"type":"A","date":"2018-03-21T02:07:56.000Z","volume":7000,"label":" ","price":6.35},{"type":"A","date":"2018-03-21T02:09:13.000Z","volume":2000,"label":" ","price":6.35},{"type":"U","date":"2018-03-21T02:10:01.000Z","volume":1000,"label":"X","price":6.345},{"type":"A","date":"2018-03-21T02:10:01.000Z","volume":4000,"label":" ","price":6.35},{"type":"B","date":"2018-03-21T02:10:10.000Z","volume":3000,"label":" ","price":6.34},{"type":"B","date":"2018-03-21T02:10:20.000Z","volume":80000,"label":" ","price":6.34},{"type":"B","date":"2018-03-21T02:10:20.000Z","volume":69000,"label":" ","price":6.34},{"type":"A","date":"2018-03-21T02:10:20.000Z","volume":6000,"label":" ","price":6.34},{"type":"A","date":"2018-03-21T02:10:20.000Z","volume":1000,"label":" ","price":6.34},{"type":"A","date":"2018-03-21T02:10:20.000Z","volume":1000,"label":" ","price":6.34},{"type":"A","date":"2018-03-21T02:10:22.000Z","volume":27000,"label":" ","price":6.34},{"type":"A","date":"2018-03-21T02:10:35.000Z","volume":10000,"label":" ","price":6.34},{"type":"U","date":"2018-03-21T02:10:47.000Z","volume":143,"label":"D","price":6.3},{"type":"B","date":"2018-03-21T02:11:01.000Z","volume":20000,"label":"Y","price":6.33},{"type":"A","date":"2018-03-21T02:11:24.000Z","volume":1000,"label":" ","price":6.34},{"type":"B","date":"2018-03-21T02:12:18.000Z","volume":5000,"label":"Y","price":6.33},{"type":"A","date":"2018-03-21T02:12:26.000Z","volume":5000,"label":" ","price":6.34},{"type":"B","date":"2018-03-21T02:12:32.000Z","volume":10000,"label":" ","price":6.33},{"type":"B","date":"2018-03-21T02:12:58.000Z","volume":1000,"label":" ","price":6.33},{"type":"B","date":"2018-03-21T02:13:00.000Z","volume":10000,"label":" ","price":6.33},{"type":"B","date":"2018-03-21T02:13:02.000Z","volume":2000,"label":" ","price":6.33},{"type":"A","date":"2018-03-21T02:13:29.000Z","volume":2000,"label":" ","price":6.34},{"type":"B","date":"2018-03-21T02:13:44.000Z","volume":100000,"label":" ","price":6.33},{"type":"B","date":"2018-03-21T02:13:44.000Z","volume":7000,"label":" ","price":6.33},{"type":"B","date":"2018-03-21T02:13:44.000Z","volume":11000,"label":" ","price":6.33},{"type":"A","date":"2018-03-21T02:13:46.000Z","volume":22000,"label":" ","price":6.33},{"type":"B","date":"2018-03-21T02:14:28.000Z","volume":7000,"label":" ","price":6.32},{"type":"A","date":"2018-03-21T02:15:01.000Z","volume":30000,"label":" ","price":6.33},{"type":"A","date":"2018-03-21T02:15:01.000Z","volume":14000,"label":" ","price":6.33},{"type":"B","date":"2018-03-21T02:15:22.000Z","volume":31000,"label":" ","price":6.33},{"type":"A","date":"2018-03-21T02:15:22.000Z","volume":3000,"label":" ","price":6.33},{"type":"A","date":"2018-03-21T02:15:22.000Z","volume":2000,"label":" ","price":6.33},{"type":"A","date":"2018-03-21T02:15:22.000Z","volume":5000,"label":" ","price":6.33},{"type":"A","date":"2018-03-21T02:15:22.000Z","volume":5000,"label":" ","price":6.33},{"type":"A","date":"2018-03-21T02:15:22.000Z","volume":4000,"label":" ","price":6.33},{"type":"A","date":"2018-03-21T02:15:40.000Z","volume":1000,"label":" ","price":6.33},{"type":"A","date":"2018-03-21T02:15:41.000Z","volume":1000,"label":" ","price":6.33},{"type":"B","date":"2018-03-21T02:15:55.000Z","volume":1000,"label":" ","price":6.32},{"type":"A","date":"2018-03-21T02:16:12.000Z","volume":10000,"label":" ","price":6.33},{"type":"A","date":"2018-03-21T02:16:52.000Z","volume":6000,"label":" ","price":6.33},{"type":"B","date":"2018-03-21T02:17:27.000Z","volume":1000,"label":" ","price":6.32},{"type":"B","date":"2018-03-21T02:17:30.000Z","volume":150000,"label":" ","price":6.32},{"type":"A","date":"2018-03-21T02:18:12.000Z","volume":8000,"label":" ","price":6.33},{"type":"A","date":"2018-03-21T02:18:12.000Z","volume":6000,"label":" ","price":6.33},{"type":"A","date":"2018-03-21T02:18:12.000Z","volume":15000,"label":" ","price":6.33},{"type":"A","date":"2018-03-21T02:18:38.000Z","volume":10000,"label":" ","price":6.34},{"type":"B","date":"2018-03-21T02:18:46.000Z","volume":8000,"label":" ","price":6.33},{"type":"B","date":"2018-03-21T02:18:48.000Z","volume":1000,"label":" ","price":6.33},{"type":"A","date":"2018-03-21T02:19:00.000Z","volume":9000,"label":" ","price":6.34},{"type":"A","date":"2018-03-21T02:19:16.000Z","volume":6000,"label":" ","price":6.34},{"type":"A","date":"2018-03-21T02:19:17.000Z","volume":7000,"label":" ","price":6.34},{"type":"A","date":"2018-03-21T02:19:40.000Z","volume":9000,"label":" ","price":6.34},{"type":"A","date":"2018-03-21T02:19:59.000Z","volume":50000,"label":" ","price":6.34},{"type":"A","date":"2018-03-21T02:20:09.000Z","volume":14000,"label":" ","price":6.34},{"type":"A","date":"2018-03-21T02:20:14.000Z","volume":1000,"label":" ","price":6.34},{"type":"A","date":"2018-03-21T02:21:00.000Z","volume":8000,"label":" ","price":6.34},{"type":"A","date":"2018-03-21T02:21:10.000Z","volume":1000,"label":" ","price":6.34},{"type":"B","date":"2018-03-21T02:21:34.000Z","volume":1000,"label":" ","price":6.33},{"type":"A","date":"2018-03-21T02:22:17.000Z","volume":20000,"label":" ","price":6.34},{"type":"A","date":"2018-03-21T02:22:36.000Z","volume":5000,"label":" ","price":6.34},{"type":"B","date":"2018-03-21T02:22:36.000Z","volume":75000,"label":" ","price":6.33},{"type":"A","date":"2018-03-21T02:23:59.000Z","volume":2000,"label":" ","price":6.34},{"type":"B","date":"2018-03-21T02:24:17.000Z","volume":12000,"label":" ","price":6.33},{"type":"B","date":"2018-03-21T02:24:17.000Z","volume":2000,"label":" ","price":6.33},{"type":"B","date":"2018-03-21T02:24:18.000Z","volume":4000,"label":" ","price":6.33},{"type":"A","date":"2018-03-21T02:24:21.000Z","volume":5000,"label":" ","price":6.34},{"type":"A","date":"2018-03-21T02:24:29.000Z","volume":12000,"label":" ","price":6.34},{"type":"B","date":"2018-03-21T02:24:31.000Z","volume":6000,"label":" ","price":6.33},{"type":"A","date":"2018-03-21T02:25:25.000Z","volume":5000,"label":" ","price":6.34},{"type":"B","date":"2018-03-21T02:25:31.000Z","volume":1000,"label":" ","price":6.33},{"type":"U","date":"2018-03-21T02:26:26.000Z","volume":650,"label":"D","price":6.27},{"type":"B","date":"2018-03-21T02:26:27.000Z","volume":30000,"label":" ","price":6.33},{"type":"B","date":"2018-03-21T02:26:30.000Z","volume":1000,"label":" ","price":6.33},{"type":"A","date":"2018-03-21T02:26:30.000Z","volume":10000,"label":" ","price":6.34},{"type":"B","date":"2018-03-21T02:26:31.000Z","volume":6000,"label":" ","price":6.33},{"type":"B","date":"2018-03-21T02:26:57.000Z","volume":2000,"label":" ","price":6.33},{"type":"B","date":"2018-03-21T02:27:56.000Z","volume":1000,"label":" ","price":6.33},{"type":"B","date":"2018-03-21T02:28:32.000Z","volume":1000,"label":" ","price":6.33},{"type":"A","date":"2018-03-21T02:28:48.000Z","volume":7000,"label":" ","price":6.34},{"type":"B","date":"2018-03-21T02:29:20.000Z","volume":2000,"label":" ","price":6.33},{"type":"B","date":"2018-03-21T02:29:25.000Z","volume":1000,"label":" ","price":6.33},{"type":"A","date":"2018-03-21T02:29:29.000Z","volume":2000,"label":" ","price":6.34},{"type":"B","date":"2018-03-21T02:29:39.000Z","volume":1000,"label":" ","price":6.33},{"type":"B","date":"2018-03-21T02:31:07.000Z","volume":257000,"label":" ","price":6.33},{"type":"B","date":"2018-03-21T02:31:07.000Z","volume":1000,"label":" ","price":6.32},{"type":"A","date":"2018-03-21T02:31:07.000Z","volume":7000,"label":" ","price":6.33},{"type":"B","date":"2018-03-21T02:31:21.000Z","volume":1000,"label":" ","price":6.32},{"type":"A","date":"2018-03-21T02:31:38.000Z","volume":7000,"label":" ","price":6.33},{"type":"A","date":"2018-03-21T02:32:04.000Z","volume":8000,"label":" ","price":6.33},{"type":"B","date":"2018-03-21T02:32:12.000Z","volume":3000,"label":" ","price":6.32},{"type":"A","date":"2018-03-21T02:32:20.000Z","volume":7000,"label":" ","price":6.33},{"type":"A","date":"2018-03-21T02:32:30.000Z","volume":7000,"label":" ","price":6.33},{"type":"A","date":"2018-03-21T02:32:56.000Z","volume":7000,"label":" ","price":6.33},{"type":"A","date":"2018-03-21T02:33:22.000Z","volume":7000,"label":" ","price":6.33},{"type":"A","date":"2018-03-21T02:33:48.000Z","volume":7000,"label":" ","price":6.33},{"type":"A","date":"2018-03-21T02:34:00.000Z","volume":13000,"label":" ","price":6.33},{"type":"A","date":"2018-03-21T02:34:14.000Z","volume":11000,"label":" ","price":6.33},{"type":"A","date":"2018-03-21T02:34:27.000Z","volume":7000,"label":" ","price":6.33},{"type":"A","date":"2018-03-21T02:34:44.000Z","volume":6000,"label":" ","price":6.33},{"type":"A","date":"2018-03-21T02:35:02.000Z","volume":13000,"label":" ","price":6.33},{"type":"B","date":"2018-03-21T02:35:05.000Z","volume":1000,"label":" ","price":6.32},{"type":"B","date":"2018-03-21T02:36:01.000Z","volume":8000,"label":" ","price":6.32},{"type":"A","date":"2018-03-21T02:36:05.000Z","volume":13000,"label":" ","price":6.33},{"type":"A","date":"2018-03-21T02:36:22.000Z","volume":2000,"label":" ","price":6.33},{"type":"A","date":"2018-03-21T02:36:24.000Z","volume":11000,"label":" ","price":6.33},{"type":"A","date":"2018-03-21T02:36:24.000Z","volume":266000,"label":" ","price":6.33},{"type":"A","date":"2018-03-21T02:36:24.000Z","volume":58000,"label":" ","price":6.33},{"type":"A","date":"2018-03-21T02:36:24.000Z","volume":22000,"label":" ","price":6.33},{"type":"A","date":"2018-03-21T02:36:24.000Z","volume":46000,"label":" ","price":6.33},{"type":"A","date":"2018-03-21T02:36:24.000Z","volume":189000,"label":" ","price":6.33},{"type":"A","date":"2018-03-21T02:36:45.000Z","volume":14000,"label":" ","price":6.34},{"type":"A","date":"2018-03-21T02:37:00.000Z","volume":11000,"label":" ","price":6.34},{"type":"A","date":"2018-03-21T02:37:04.000Z","volume":200000,"label":" ","price":6.34},{"type":"A","date":"2018-03-21T02:37:04.000Z","volume":36000,"label":" ","price":6.34},{"type":"A","date":"2018-03-21T02:37:05.000Z","volume":8000,"label":" ","price":6.34},{"type":"A","date":"2018-03-21T02:37:34.000Z","volume":5000,"label":" ","price":6.35},{"type":"A","date":"2018-03-21T02:37:55.000Z","volume":7000,"label":" ","price":6.35},{"type":"A","date":"2018-03-21T02:37:55.000Z","volume":160000,"label":" ","price":6.35},{"type":"A","date":"2018-03-21T02:37:55.000Z","volume":50000,"label":" ","price":6.35},{"type":"A","date":"2018-03-21T02:37:55.000Z","volume":197000,"label":" ","price":6.35},{"type":"U","date":"2018-03-21T02:37:55.000Z","volume":1000,"label":" ","price":6.35},{"type":"A","date":"2018-03-21T02:38:00.000Z","volume":20000,"label":" ","price":6.36},{"type":"B","date":"2018-03-21T02:38:08.000Z","volume":10000,"label":" ","price":6.35},{"type":"A","date":"2018-03-21T02:38:09.000Z","volume":13000,"label":" ","price":6.36},{"type":"A","date":"2018-03-21T02:38:21.000Z","volume":7000,"label":" ","price":6.36},{"type":"B","date":"2018-03-21T02:38:30.000Z","volume":10000,"label":" ","price":6.35},{"type":"B","date":"2018-03-21T02:38:31.000Z","volume":1000,"label":" ","price":6.35},{"type":"B","date":"2018-03-21T02:38:42.000Z","volume":1000,"label":" ","price":6.35},{"type":"A","date":"2018-03-21T02:38:47.000Z","volume":7000,"label":" ","price":6.36},{"type":"U","date":"2018-03-21T02:38:47.000Z","volume":308,"label":"D","price":6.3},{"type":"U","date":"2018-03-21T02:38:51.000Z","volume":557,"label":"D","price":6.35},{"type":"A","date":"2018-03-21T02:39:11.000Z","volume":13000,"label":" ","price":6.36},{"type":"A","date":"2018-03-21T02:39:13.000Z","volume":8000,"label":" ","price":6.36},{"type":"A","date":"2018-03-21T02:39:16.000Z","volume":1000,"label":"Y","price":6.36},{"type":"A","date":"2018-03-21T02:39:16.000Z","volume":22000,"label":" ","price":6.36},{"type":"A","date":"2018-03-21T02:39:39.000Z","volume":7000,"label":" ","price":6.36},{"type":"A","date":"2018-03-21T02:40:05.000Z","volume":8000,"label":" ","price":6.36},{"type":"A","date":"2018-03-21T02:40:12.000Z","volume":13000,"label":" ","price":6.36},{"type":"A","date":"2018-03-21T02:40:31.000Z","volume":11000,"label":" ","price":6.36},{"type":"A","date":"2018-03-21T02:40:57.000Z","volume":10000,"label":" ","price":6.36},{"type":"A","date":"2018-03-21T02:41:00.000Z","volume":1000,"label":" ","price":6.36},{"type":"A","date":"2018-03-21T02:41:12.000Z","volume":2000,"label":" ","price":6.36},{"type":"A","date":"2018-03-21T02:41:14.000Z","volume":13000,"label":" ","price":6.36},{"type":"B","date":"2018-03-21T02:41:22.000Z","volume":32000,"label":" ","price":6.35},{"type":"A","date":"2018-03-21T02:41:49.000Z","volume":8000,"label":" ","price":6.36},{"type":"B","date":"2018-03-21T02:42:07.000Z","volume":5000,"label":" ","price":6.35},{"type":"A","date":"2018-03-21T02:42:16.000Z","volume":13000,"label":" ","price":6.36},{"type":"A","date":"2018-03-21T02:42:28.000Z","volume":7000,"label":" ","price":6.36},{"type":"U","date":"2018-03-21T02:42:43.000Z","volume":460,"label":"D","price":6.3},{"type":"A","date":"2018-03-21T02:42:54.000Z","volume":7000,"label":" ","price":6.36},{"type":"A","date":"2018-03-21T02:43:15.000Z","volume":8000,"label":"Y","price":6.36},{"type":"A","date":"2018-03-21T02:43:15.000Z","volume":2000,"label":" ","price":6.36},{"type":"A","date":"2018-03-21T02:43:18.000Z","volume":13000,"label":" ","price":6.36},{"type":"B","date":"2018-03-21T02:43:27.000Z","volume":4000,"label":" ","price":6.35},{"type":"A","date":"2018-03-21T02:43:33.000Z","volume":8000,"label":" ","price":6.36},{"type":"B","date":"2018-03-21T02:43:37.000Z","volume":21000,"label":" ","price":6.35},{"type":"A","date":"2018-03-21T02:43:46.000Z","volume":7000,"label":" ","price":6.36},{"type":"A","date":"2018-03-21T02:43:59.000Z","volume":7000,"label":" ","price":6.36},{"type":"B","date":"2018-03-21T02:44:05.000Z","volume":32000,"label":" ","price":6.35},{"type":"B","date":"2018-03-21T02:44:07.000Z","volume":2000,"label":" ","price":6.35},{"type":"A","date":"2018-03-21T02:44:20.000Z","volume":9000,"label":" ","price":6.36},{"type":"A","date":"2018-03-21T02:44:20.000Z","volume":13000,"label":" ","price":6.36},{"type":"B","date":"2018-03-21T02:44:22.000Z","volume":1000,"label":" ","price":6.35},{"type":"A","date":"2018-03-21T02:44:38.000Z","volume":7000,"label":" ","price":6.36},{"type":"A","date":"2018-03-21T02:44:43.000Z","volume":1000,"label":" ","price":6.36},{"type":"A","date":"2018-03-21T02:45:00.000Z","volume":9000,"label":" ","price":6.36},{"type":"U","date":"2018-03-21T02:45:10.000Z","volume":672,"label":"D","price":6.3},{"type":"A","date":"2018-03-21T02:45:22.000Z","volume":13000,"label":" ","price":6.36},{"type":"A","date":"2018-03-21T02:45:56.000Z","volume":8000,"label":" ","price":6.36},{"type":"A","date":"2018-03-21T02:46:04.000Z","volume":8000,"label":" ","price":6.36},{"type":"B","date":"2018-03-21T02:46:08.000Z","volume":42000,"label":" ","price":6.35},{"type":"B","date":"2018-03-21T02:46:08.000Z","volume":61000,"label":" ","price":6.35},{"type":"A","date":"2018-03-21T02:46:08.000Z","volume":4000,"label":" ","price":6.35},{"type":"A","date":"2018-03-21T02:46:09.000Z","volume":11000,"label":" ","price":6.35},{"type":"A","date":"2018-03-21T02:46:09.000Z","volume":2000,"label":" ","price":6.35},{"type":"A","date":"2018-03-21T02:46:10.000Z","volume":45000,"label":" ","price":6.35},{"type":"A","date":"2018-03-21T02:46:24.000Z","volume":1000,"label":" ","price":6.35},{"type":"A","date":"2018-03-21T02:46:26.000Z","volume":1000,"label":" ","price":6.35},{"type":"A","date":"2018-03-21T02:46:27.000Z","volume":1000,"label":" ","price":6.35},{"type":"A","date":"2018-03-21T02:46:29.000Z","volume":1000,"label":" ","price":6.35},{"type":"A","date":"2018-03-21T02:46:30.000Z","volume":1000,"label":" ","price":6.35},{"type":"A","date":"2018-03-21T02:46:35.000Z","volume":6000,"label":" ","price":6.36},{"type":"A","date":"2018-03-21T02:46:45.000Z","volume":12000,"label":" ","price":6.36},{"type":"B","date":"2018-03-21T02:46:46.000Z","volume":1000,"label":" ","price":6.35},{"type":"A","date":"2018-03-21T02:47:00.000Z","volume":8000,"label":" ","price":6.36},{"type":"A","date":"2018-03-21T02:47:20.000Z","volume":8000,"label":" ","price":6.36},{"type":"B","date":"2018-03-21T02:47:35.000Z","volume":4000,"label":" ","price":6.35},{"type":"A","date":"2018-03-21T02:47:37.000Z","volume":13000,"label":" ","price":6.36},{"type":"A","date":"2018-03-21T02:47:40.000Z","volume":9000,"label":" ","price":6.36},{"type":"A","date":"2018-03-21T02:48:00.000Z","volume":8000,"label":" ","price":6.36},{"type":"A","date":"2018-03-21T02:48:03.000Z","volume":2000,"label":" ","price":6.36},{"type":"A","date":"2018-03-21T02:48:30.000Z","volume":9000,"label":" ","price":6.36},{"type":"A","date":"2018-03-21T02:48:38.000Z","volume":13000,"label":" ","price":6.36},{"type":"B","date":"2018-03-21T02:48:41.000Z","volume":10000,"label":" ","price":6.35},{"type":"B","date":"2018-03-21T02:48:43.000Z","volume":10000,"label":" ","price":6.35},{"type":"U","date":"2018-03-21T02:48:51.000Z","volume":530,"label":"D","price":6.29},{"type":"B","date":"2018-03-21T02:49:12.000Z","volume":1000,"label":" ","price":6.35},{"type":"A","date":"2018-03-21T02:49:24.000Z","volume":29000,"label":" ","price":6.36},{"type":"A","date":"2018-03-21T02:49:40.000Z","volume":13000,"label":" ","price":6.36},{"type":"B","date":"2018-03-21T02:49:42.000Z","volume":25000,"label":" ","price":6.35},{"type":"B","date":"2018-03-21T02:50:10.000Z","volume":5000,"label":" ","price":6.35},{"type":"A","date":"2018-03-21T02:50:43.000Z","volume":13000,"label":" ","price":6.36},{"type":"A","date":"2018-03-21T02:50:55.000Z","volume":7000,"label":" ","price":6.36},{"type":"A","date":"2018-03-21T02:51:03.000Z","volume":20000,"label":" ","price":6.36},{"type":"A","date":"2018-03-21T02:51:21.000Z","volume":7000,"label":" ","price":6.36},{"type":"B","date":"2018-03-21T02:51:25.000Z","volume":10000,"label":" ","price":6.35},{"type":"A","date":"2018-03-21T02:51:44.000Z","volume":13000,"label":" ","price":6.36},{"type":"A","date":"2018-03-21T02:51:47.000Z","volume":8000,"label":" ","price":6.36},{"type":"U","date":"2018-03-21T02:52:03.000Z","volume":300,"label":"D","price":6.3},{"type":"A","date":"2018-03-21T02:52:13.000Z","volume":7000,"label":" ","price":6.36},{"type":"B","date":"2018-03-21T02:52:34.000Z","volume":4000,"label":" ","price":6.35},{"type":"A","date":"2018-03-21T02:52:39.000Z","volume":7000,"label":" ","price":6.36},{"type":"B","date":"2018-03-21T02:52:45.000Z","volume":7000,"label":" ","price":6.35},{"type":"A","date":"2018-03-21T02:52:46.000Z","volume":13000,"label":" ","price":6.36},{"type":"A","date":"2018-03-21T02:52:58.000Z","volume":30000,"label":" ","price":6.36},{"type":"A","date":"2018-03-21T02:53:05.000Z","volume":8000,"label":" ","price":6.36},{"type":"A","date":"2018-03-21T02:53:31.000Z","volume":11000,"label":" ","price":6.36},{"type":"B","date":"2018-03-21T02:53:37.000Z","volume":100000,"label":" ","price":6.35},{"type":"B","date":"2018-03-21T02:53:37.000Z","volume":131000,"label":" ","price":6.35},{"type":"A","date":"2018-03-21T02:53:37.000Z","volume":7000,"label":" ","price":6.35},{"type":"B","date":"2018-03-21T02:53:46.000Z","volume":1000,"label":" ","price":6.34},{"type":"A","date":"2018-03-21T02:53:47.000Z","volume":10000,"label":" ","price":6.35},{"type":"A","date":"2018-03-21T02:53:49.000Z","volume":3000,"label":" ","price":6.35},{"type":"A","date":"2018-03-21T02:54:09.000Z","volume":1000,"label":" ","price":6.35},{"type":"B","date":"2018-03-21T02:54:09.000Z","volume":8000,"label":" ","price":6.34},{"type":"A","date":"2018-03-21T02:54:50.000Z","volume":3000,"label":" ","price":6.35},{"type":"A","date":"2018-03-21T02:54:52.000Z","volume":3000,"label":" ","price":6.35},{"type":"A","date":"2018-03-21T02:54:53.000Z","volume":2000,"label":" ","price":6.35},{"type":"A","date":"2018-03-21T02:54:54.000Z","volume":1000,"label":" ","price":6.35},{"type":"A","date":"2018-03-21T02:54:54.000Z","volume":2000,"label":" ","price":6.35},{"type":"U","date":"2018-03-21T02:54:55.000Z","volume":2000,"label":" ","price":6.35},{"type":"A","date":"2018-03-21T02:54:59.000Z","volume":8000,"label":" ","price":6.35},{"type":"A","date":"2018-03-21T02:55:20.000Z","volume":8000,"label":" ","price":6.35},{"type":"A","date":"2018-03-21T02:55:40.000Z","volume":9000,"label":" ","price":6.35},{"type":"A","date":"2018-03-21T02:55:57.000Z","volume":13000,"label":"Y","price":6.35},{"type":"A","date":"2018-03-21T02:56:00.000Z","volume":8000,"label":" ","price":6.35},{"type":"U","date":"2018-03-21T02:56:17.000Z","volume":200,"label":"D","price":6.28},{"type":"A","date":"2018-03-21T02:56:20.000Z","volume":9000,"label":" ","price":6.35},{"type":"A","date":"2018-03-21T02:56:40.000Z","volume":8000,"label":" ","price":6.35},{"type":"A","date":"2018-03-21T02:56:59.000Z","volume":8000,"label":" ","price":6.35},{"type":"A","date":"2018-03-21T02:57:00.000Z","volume":13000,"label":"Y","price":6.35},{"type":"B","date":"2018-03-21T02:57:00.000Z","volume":8000,"label":" ","price":6.34},{"type":"A","date":"2018-03-21T02:57:18.000Z","volume":6000,"label":" ","price":6.35},{"type":"A","date":"2018-03-21T02:57:20.000Z","volume":9000,"label":" ","price":6.35},{"type":"B","date":"2018-03-21T02:57:22.000Z","volume":2000,"label":" ","price":6.34},{"type":"A","date":"2018-03-21T02:57:38.000Z","volume":8000,"label":" ","price":6.35},{"type":"A","date":"2018-03-21T02:58:00.000Z","volume":2000,"label":"Y","price":6.35},{"type":"A","date":"2018-03-21T02:58:00.000Z","volume":7000,"label":" ","price":6.35},{"type":"A","date":"2018-03-21T02:58:01.000Z","volume":13000,"label":" ","price":6.35},{"type":"A","date":"2018-03-21T02:58:29.000Z","volume":2000,"label":" ","price":6.35},{"type":"A","date":"2018-03-21T02:58:30.000Z","volume":8000,"label":" ","price":6.35},{"type":"A","date":"2018-03-21T02:58:56.000Z","volume":7000,"label":" ","price":6.35},{"type":"A","date":"2018-03-21T02:59:03.000Z","volume":13000,"label":"Y","price":6.35},{"type":"B","date":"2018-03-21T02:59:12.000Z","volume":10000,"label":" ","price":6.34},{"type":"A","date":"2018-03-21T02:59:22.000Z","volume":8000,"label":" ","price":6.35},{"type":"A","date":"2018-03-21T02:59:33.000Z","volume":10000,"label":" ","price":6.35},{"type":"A","date":"2018-03-21T02:59:48.000Z","volume":7000,"label":" ","price":6.35},{"type":"A","date":"2018-03-21T03:00:04.000Z","volume":13000,"label":"Y","price":6.35},{"type":"A","date":"2018-03-21T03:00:14.000Z","volume":11000,"label":" ","price":6.35},{"type":"B","date":"2018-03-21T03:00:15.000Z","volume":2000,"label":" ","price":6.34},{"type":"A","date":"2018-03-21T03:00:27.000Z","volume":8000,"label":" ","price":6.35},{"type":"A","date":"2018-03-21T03:00:40.000Z","volume":7000,"label":" ","price":6.35},{"type":"A","date":"2018-03-21T03:00:41.000Z","volume":5000,"label":" ","price":6.35},{"type":"A","date":"2018-03-21T03:00:53.000Z","volume":7000,"label":" ","price":6.35},{"type":"B","date":"2018-03-21T03:00:54.000Z","volume":7000,"label":" ","price":6.34},{"type":"A","date":"2018-03-21T03:01:06.000Z","volume":10000,"label":"Y","price":6.35},{"type":"A","date":"2018-03-21T03:01:06.000Z","volume":3000,"label":" ","price":6.35},{"type":"B","date":"2018-03-21T03:01:13.000Z","volume":1000,"label":" ","price":6.34},{"type":"A","date":"2018-03-21T03:01:19.000Z","volume":7000,"label":" ","price":6.35},{"type":"A","date":"2018-03-21T03:01:21.000Z","volume":6000,"label":" ","price":6.35},{"type":"A","date":"2018-03-21T03:01:21.000Z","volume":24000,"label":" ","price":6.35},{"type":"A","date":"2018-03-21T03:01:21.000Z","volume":3000,"label":"Y","price":6.35},{"type":"A","date":"2018-03-21T03:01:21.000Z","volume":72000,"label":" ","price":6.35},{"type":"A","date":"2018-03-21T03:01:23.000Z","volume":7000,"label":" ","price":6.36},{"type":"A","date":"2018-03-21T03:01:40.000Z","volume":7000,"label":" ","price":6.36},{"type":"A","date":"2018-03-21T03:01:57.000Z","volume":2000,"label":" ","price":6.36},{"type":"A","date":"2018-03-21T03:01:58.000Z","volume":7000,"label":" ","price":6.36},{"type":"A","date":"2018-03-21T03:02:08.000Z","volume":13000,"label":" ","price":6.36},{"type":"A","date":"2018-03-21T03:02:08.000Z","volume":39000,"label":" ","price":6.36},{"type":"A","date":"2018-03-21T03:02:08.000Z","volume":50000,"label":" ","price":6.36},{"type":"B","date":"2018-03-21T03:02:08.000Z","volume":12000,"label":" ","price":6.35},{"type":"B","date":"2018-03-21T03:02:08.000Z","volume":4000,"label":" ","price":6.35},{"type":"A","date":"2018-03-21T03:02:31.000Z","volume":146000,"label":" ","price":6.36},{"type":"U","date":"2018-03-21T03:02:32.000Z","volume":858,"label":"D","price":6.29},{"type":"B","date":"2018-03-21T03:02:39.000Z","volume":1000,"label":" ","price":6.36},{"type":"A","date":"2018-03-21T03:02:50.000Z","volume":8000,"label":" ","price":6.37},{"type":"A","date":"2018-03-21T03:03:10.000Z","volume":13000,"label":" ","price":6.37},{"type":"B","date":"2018-03-21T03:03:12.000Z","volume":4000,"label":" ","price":6.36},{"type":"A","date":"2018-03-21T03:03:42.000Z","volume":7000,"label":" ","price":6.37},{"type":"B","date":"2018-03-21T03:04:07.000Z","volume":1000,"label":" ","price":6.36},{"type":"U","date":"2018-03-21T03:04:11.000Z","volume":200,"label":"D","price":6.3},{"type":"A","date":"2018-03-21T03:04:12.000Z","volume":13000,"label":" ","price":6.37},{"type":"A","date":"2018-03-21T03:04:20.000Z","volume":11000,"label":" ","price":6.37},{"type":"A","date":"2018-03-21T03:04:40.000Z","volume":9000,"label":" ","price":6.37},{"type":"A","date":"2018-03-21T03:05:00.000Z","volume":8000,"label":" ","price":6.37},{"type":"B","date":"2018-03-21T03:05:10.000Z","volume":2000,"label":" ","price":6.36},{"type":"A","date":"2018-03-21T03:05:13.000Z","volume":13000,"label":" ","price":6.37},{"type":"A","date":"2018-03-21T03:05:14.000Z","volume":22000,"label":" ","price":6.37},{"type":"A","date":"2018-03-21T03:05:14.000Z","volume":1000,"label":" ","price":6.37},{"type":"A","date":"2018-03-21T03:05:26.000Z","volume":8000,"label":" ","price":6.37},{"type":"A","date":"2018-03-21T03:05:29.000Z","volume":1000,"label":" ","price":6.37},{"type":"B","date":"2018-03-21T03:05:34.000Z","volume":18000,"label":" ","price":6.36},{"type":"B","date":"2018-03-21T03:05:37.000Z","volume":1000,"label":" ","price":6.36},{"type":"B","date":"2018-03-21T03:05:41.000Z","volume":191000,"label":" ","price":6.36},{"type":"B","date":"2018-03-21T03:05:41.000Z","volume":11000,"label":" ","price":6.36},{"type":"B","date":"2018-03-21T03:05:41.000Z","volume":8000,"label":" ","price":6.36},{"type":"B","date":"2018-03-21T03:05:41.000Z","volume":46000,"label":" ","price":6.36},{"type":"A","date":"2018-03-21T03:05:53.000Z","volume":3000,"label":" ","price":6.36},{"type":"B","date":"2018-03-21T03:05:55.000Z","volume":8000,"label":" ","price":6.36},{"type":"B","date":"2018-03-21T03:05:56.000Z","volume":1000,"label":" ","price":6.35},{"type":"A","date":"2018-03-21T03:06:15.000Z","volume":13000,"label":" ","price":6.37},{"type":"A","date":"2018-03-21T03:06:51.000Z","volume":7000,"label":" ","price":6.36},{"type":"A","date":"2018-03-21T03:07:10.000Z","volume":6000,"label":" ","price":6.36},{"type":"A","date":"2018-03-21T03:07:12.000Z","volume":2000,"label":" ","price":6.37},{"type":"A","date":"2018-03-21T03:07:17.000Z","volume":13000,"label":" ","price":6.37},{"type":"A","date":"2018-03-21T03:07:36.000Z","volume":7000,"label":" ","price":6.37},{"type":"A","date":"2018-03-21T03:08:00.000Z","volume":7000,"label":" ","price":6.37},{"type":"A","date":"2018-03-21T03:08:01.000Z","volume":152000,"label":" ","price":6.37},{"type":"A","date":"2018-03-21T03:08:19.000Z","volume":13000,"label":" ","price":6.38},{"type":"B","date":"2018-03-21T03:08:28.000Z","volume":27000,"label":" ","price":6.37},{"type":"A","date":"2018-03-21T03:08:28.000Z","volume":8000,"label":" ","price":6.38},{"type":"A","date":"2018-03-21T03:08:49.000Z","volume":274000,"label":" ","price":6.38},{"type":"A","date":"2018-03-21T03:08:49.000Z","volume":26000,"label":" ","price":6.38},{"type":"A","date":"2018-03-21T03:08:49.000Z","volume":1000,"label":" ","price":6.38},{"type":"B","date":"2018-03-21T03:08:52.000Z","volume":20000,"label":" ","price":6.37},{"type":"A","date":"2018-03-21T03:08:54.000Z","volume":7000,"label":" ","price":6.38},{"type":"A","date":"2018-03-21T03:09:20.000Z","volume":10000,"label":" ","price":6.38},{"type":"A","date":"2018-03-21T03:09:20.000Z","volume":13000,"label":" ","price":6.38},{"type":"A","date":"2018-03-21T03:09:40.000Z","volume":8000,"label":" ","price":6.38},{"type":"A","date":"2018-03-21T03:09:56.000Z","volume":170000,"label":" ","price":6.38},{"type":"A","date":"2018-03-21T03:09:56.000Z","volume":5000,"label":" ","price":6.38},{"type":"A","date":"2018-03-21T03:09:56.000Z","volume":25000,"label":" ","price":6.38},{"type":"A","date":"2018-03-21T03:09:56.000Z","volume":3000,"label":" ","price":6.38},{"type":"A","date":"2018-03-21T03:09:56.000Z","volume":2000,"label":" ","price":6.38},{"type":"A","date":"2018-03-21T03:09:56.000Z","volume":1000,"label":" ","price":6.38},{"type":"B","date":"2018-03-21T03:10:03.000Z","volume":193000,"label":" ","price":6.37},{"type":"A","date":"2018-03-21T03:10:03.000Z","volume":7000,"label":" ","price":6.37},{"type":"A","date":"2018-03-21T03:10:24.000Z","volume":13000,"label":" ","price":6.37},{"type":"A","date":"2018-03-21T03:10:25.000Z","volume":24000,"label":" ","price":6.37},{"type":"A","date":"2018-03-21T03:10:40.000Z","volume":11000,"label":" ","price":6.38},{"type":"A","date":"2018-03-21T03:10:49.000Z","volume":9000,"label":" ","price":6.38},{"type":"A","date":"2018-03-21T03:11:00.000Z","volume":9000,"label":" ","price":6.38},{"type":"A","date":"2018-03-21T03:11:26.000Z","volume":13000,"label":" ","price":6.38},{"type":"B","date":"2018-03-21T03:11:31.000Z","volume":5000,"label":" ","price":6.37},{"type":"B","date":"2018-03-21T03:11:33.000Z","volume":3000,"label":" ","price":6.37},{"type":"B","date":"2018-03-21T03:11:51.000Z","volume":20000,"label":" ","price":6.37},{"type":"A","date":"2018-03-21T03:11:56.000Z","volume":6000,"label":"Y","price":6.38},{"type":"A","date":"2018-03-21T03:11:56.000Z","volume":2000,"label":" ","price":6.38},{"type":"B","date":"2018-03-21T03:12:14.000Z","volume":2000,"label":" ","price":6.37},{"type":"A","date":"2018-03-21T03:12:15.000Z","volume":4000,"label":"Y","price":6.38},{"type":"A","date":"2018-03-21T03:12:15.000Z","volume":5000,"label":" ","price":6.38},{"type":"A","date":"2018-03-21T03:12:21.000Z","volume":1000,"label":" ","price":6.38},{"type":"A","date":"2018-03-21T03:12:27.000Z","volume":7000,"label":"Y","price":6.38},{"type":"A","date":"2018-03-21T03:12:27.000Z","volume":6000,"label":" ","price":6.38},{"type":"A","date":"2018-03-21T03:12:30.000Z","volume":8000,"label":" ","price":6.38},{"type":"A","date":"2018-03-21T03:12:45.000Z","volume":8000,"label":" ","price":6.38},{"type":"A","date":"2018-03-21T03:13:00.000Z","volume":9000,"label":" ","price":6.38},{"type":"A","date":"2018-03-21T03:13:14.000Z","volume":8000,"label":" ","price":6.38},{"type":"B","date":"2018-03-21T03:13:18.000Z","volume":1000,"label":" ","price":6.37},{"type":"A","date":"2018-03-21T03:13:27.000Z","volume":7000,"label":" ","price":6.38},{"type":"A","date":"2018-03-21T03:13:30.000Z","volume":13000,"label":" ","price":6.38},{"type":"A","date":"2018-03-21T03:13:40.000Z","volume":8000,"label":" ","price":6.38},{"type":"A","date":"2018-03-21T03:13:53.000Z","volume":7000,"label":" ","price":6.38},{"type":"U","date":"2018-03-21T03:13:57.000Z","volume":200,"label":"D","price":6.32},{"type":"B","date":"2018-03-21T03:13:59.000Z","volume":6000,"label":" ","price":6.37},{"type":"B","date":"2018-03-21T03:14:13.000Z","volume":2000,"label":" ","price":6.37},{"type":"A","date":"2018-03-21T03:14:19.000Z","volume":12000,"label":" ","price":6.38},{"type":"B","date":"2018-03-21T03:14:22.000Z","volume":10000,"label":" ","price":6.37},{"type":"B","date":"2018-03-21T03:14:26.000Z","volume":10000,"label":" ","price":6.37},{"type":"A","date":"2018-03-21T03:14:32.000Z","volume":13000,"label":" ","price":6.38},{"type":"A","date":"2018-03-21T03:14:40.000Z","volume":8000,"label":" ","price":6.38},{"type":"B","date":"2018-03-21T03:14:42.000Z","volume":3000,"label":" ","price":6.37},{"type":"A","date":"2018-03-21T03:14:56.000Z","volume":5000,"label":" ","price":6.38},{"type":"A","date":"2018-03-21T03:14:58.000Z","volume":8000,"label":" ","price":6.38},{"type":"B","date":"2018-03-21T03:15:07.000Z","volume":100000,"label":" ","price":6.37},{"type":"B","date":"2018-03-21T03:15:07.000Z","volume":8000,"label":" ","price":6.37},{"type":"A","date":"2018-03-21T03:15:07.000Z","volume":3000,"label":" ","price":6.37},{"type":"A","date":"2018-03-21T03:15:34.000Z","volume":13000,"label":" ","price":6.37},{"type":"A","date":"2018-03-21T03:15:50.000Z","volume":8000,"label":" ","price":6.37},{"type":"A","date":"2018-03-21T03:16:16.000Z","volume":5000,"label":"Y","price":6.37},{"type":"A","date":"2018-03-21T03:16:16.000Z","volume":6000,"label":" ","price":6.37},{"type":"A","date":"2018-03-21T03:16:36.000Z","volume":13000,"label":" ","price":6.37},{"type":"A","date":"2018-03-21T03:16:40.000Z","volume":10000,"label":" ","price":6.37},{"type":"A","date":"2018-03-21T03:16:47.000Z","volume":6000,"label":" ","price":6.37},{"type":"A","date":"2018-03-21T03:17:00.000Z","volume":8000,"label":" ","price":6.37},{"type":"A","date":"2018-03-21T03:17:20.000Z","volume":9000,"label":" ","price":6.37},{"type":"A","date":"2018-03-21T03:17:38.000Z","volume":13000,"label":" ","price":6.37},{"type":"A","date":"2018-03-21T03:17:40.000Z","volume":8000,"label":" ","price":6.37},{"type":"A","date":"2018-03-21T03:17:40.000Z","volume":10000,"label":" ","price":6.37},{"type":"A","date":"2018-03-21T03:17:45.000Z","volume":5000,"label":" ","price":6.37},{"type":"A","date":"2018-03-21T03:18:00.000Z","volume":8000,"label":" ","price":6.37},{"type":"A","date":"2018-03-21T03:18:20.000Z","volume":9000,"label":" ","price":6.37},{"type":"A","date":"2018-03-21T03:18:39.000Z","volume":8000,"label":" ","price":6.37},{"type":"A","date":"2018-03-21T03:18:39.000Z","volume":13000,"label":" ","price":6.37},{"type":"A","date":"2018-03-21T03:19:00.000Z","volume":9000,"label":" ","price":6.37},{"type":"B","date":"2018-03-21T03:19:18.000Z","volume":6000,"label":" ","price":6.36},{"type":"A","date":"2018-03-21T03:19:30.000Z","volume":8000,"label":" ","price":6.37},{"type":"A","date":"2018-03-21T03:19:41.000Z","volume":13000,"label":" ","price":6.37},{"type":"A","date":"2018-03-21T03:19:57.000Z","volume":8000,"label":" ","price":6.37},{"type":"A","date":"2018-03-21T03:20:20.000Z","volume":9000,"label":" ","price":6.37},{"type":"U","date":"2018-03-21T03:20:32.000Z","volume":975,"label":"D","price":6.32},{"type":"A","date":"2018-03-21T03:20:36.000Z","volume":7000,"label":" ","price":6.37},{"type":"A","date":"2018-03-21T03:20:43.000Z","volume":13000,"label":" ","price":6.37},{"type":"A","date":"2018-03-21T03:21:00.000Z","volume":10000,"label":" ","price":6.37},{"type":"A","date":"2018-03-21T03:21:10.000Z","volume":7000,"label":" ","price":6.37},{"type":"A","date":"2018-03-21T03:21:15.000Z","volume":8000,"label":" ","price":6.37},{"type":"A","date":"2018-03-21T03:21:28.000Z","volume":8000,"label":" ","price":6.37},{"type":"B","date":"2018-03-21T03:21:29.000Z","volume":1000,"label":" ","price":6.36},{"type":"B","date":"2018-03-21T03:21:36.000Z","volume":6000,"label":" ","price":6.36},{"type":"A","date":"2018-03-21T03:21:41.000Z","volume":7000,"label":" ","price":6.37},{"type":"A","date":"2018-03-21T03:21:45.000Z","volume":13000,"label":" ","price":6.37},{"type":"A","date":"2018-03-21T03:21:54.000Z","volume":7000,"label":" ","price":6.37},{"type":"B","date":"2018-03-21T03:22:08.000Z","volume":1000,"label":" ","price":6.36},{"type":"B","date":"2018-03-21T03:22:13.000Z","volume":1000,"label":" ","price":6.36},{"type":"A","date":"2018-03-21T03:22:20.000Z","volume":9000,"label":" ","price":6.37},{"type":"A","date":"2018-03-21T03:22:25.000Z","volume":2000,"label":" ","price":6.37},{"type":"B","date":"2018-03-21T03:22:35.000Z","volume":3000,"label":" ","price":6.36},{"type":"A","date":"2018-03-21T03:22:46.000Z","volume":7000,"label":" ","price":6.37},{"type":"A","date":"2018-03-21T03:22:47.000Z","volume":13000,"label":" ","price":6.37},{"type":"A","date":"2018-03-21T03:23:12.000Z","volume":8000,"label":" ","price":6.37},{"type":"U","date":"2018-03-21T03:23:36.000Z","volume":735,"label":"D","price":6.37},{"type":"A","date":"2018-03-21T03:23:38.000Z","volume":7000,"label":" ","price":6.37},{"type":"A","date":"2018-03-21T03:23:48.000Z","volume":13000,"label":" ","price":6.37},{"type":"A","date":"2018-03-21T03:24:17.000Z","volume":8000,"label":" ","price":6.37},{"type":"A","date":"2018-03-21T03:24:50.000Z","volume":13000,"label":" ","price":6.37},{"type":"B","date":"2018-03-21T03:24:56.000Z","volume":1000,"label":" ","price":6.36},{"type":"B","date":"2018-03-21T03:25:02.000Z","volume":1000,"label":" ","price":6.36},{"type":"A","date":"2018-03-21T03:25:09.000Z","volume":10000,"label":" ","price":6.37},{"type":"A","date":"2018-03-21T03:25:35.000Z","volume":11000,"label":" ","price":6.37},{"type":"A","date":"2018-03-21T03:25:49.000Z","volume":7000,"label":" ","price":6.37},{"type":"A","date":"2018-03-21T03:25:52.000Z","volume":13000,"label":" ","price":6.37},{"type":"A","date":"2018-03-21T03:26:00.000Z","volume":8000,"label":" ","price":6.37},{"type":"A","date":"2018-03-21T03:26:01.000Z","volume":2000,"label":" ","price":6.37},{"type":"B","date":"2018-03-21T03:26:09.000Z","volume":5000,"label":" ","price":6.36},{"type":"A","date":"2018-03-21T03:26:53.000Z","volume":13000,"label":" ","price":6.37},{"type":"B","date":"2018-03-21T03:27:04.000Z","volume":100000,"label":" ","price":6.36},{"type":"B","date":"2018-03-21T03:27:04.000Z","volume":137000,"label":" ","price":6.36},{"type":"B","date":"2018-03-21T03:27:04.000Z","volume":9000,"label":" ","price":6.36},{"type":"B","date":"2018-03-21T03:27:04.000Z","volume":2000,"label":"Y","price":6.36},{"type":"B","date":"2018-03-21T03:27:04.000Z","volume":8000,"label":" ","price":6.36},{"type":"B","date":"2018-03-21T03:27:04.000Z","volume":72000,"label":" ","price":6.36},{"type":"U","date":"2018-03-21T03:27:04.000Z","volume":6000,"label":" ","price":6.36},{"type":"U","date":"2018-03-21T03:27:04.000Z","volume":3000,"label":" ","price":6.36},{"type":"A","date":"2018-03-21T03:27:23.000Z","volume":19000,"label":" ","price":6.36},{"type":"A","date":"2018-03-21T03:27:56.000Z","volume":13000,"label":" ","price":6.36},{"type":"A","date":"2018-03-21T03:28:11.000Z","volume":6000,"label":" ","price":6.36},{"type":"A","date":"2018-03-21T03:28:11.000Z","volume":9000,"label":" ","price":6.36},{"type":"A","date":"2018-03-21T03:28:37.000Z","volume":7000,"label":" ","price":6.36},{"type":"A","date":"2018-03-21T03:28:57.000Z","volume":11000,"label":" ","price":6.36},{"type":"A","date":"2018-03-21T03:28:59.000Z","volume":2000,"label":" ","price":6.36},{"type":"A","date":"2018-03-21T03:29:03.000Z","volume":7000,"label":" ","price":6.36},{"type":"A","date":"2018-03-21T03:29:04.000Z","volume":5000,"label":" ","price":6.36},{"type":"A","date":"2018-03-21T03:29:29.000Z","volume":7000,"label":" ","price":6.36},{"type":"A","date":"2018-03-21T03:29:55.000Z","volume":8000,"label":" ","price":6.36},{"type":"A","date":"2018-03-21T03:30:00.000Z","volume":1000,"label":" ","price":6.36},{"type":"A","date":"2018-03-21T03:30:02.000Z","volume":1000,"label":" ","price":6.36},{"type":"B","date":"2018-03-21T03:30:14.000Z","volume":35000,"label":" ","price":6.36},{"type":"B","date":"2018-03-21T03:30:14.000Z","volume":315000,"label":" ","price":6.35},{"type":"A","date":"2018-03-21T03:30:14.000Z","volume":4000,"label":" ","price":6.36},{"type":"B","date":"2018-03-21T03:30:42.000Z","volume":1000,"label":" ","price":6.35},{"type":"A","date":"2018-03-21T03:31:52.000Z","volume":10000,"label":" ","price":6.36},{"type":"A","date":"2018-03-21T03:32:31.000Z","volume":7000,"label":" ","price":6.36},{"type":"A","date":"2018-03-21T03:33:23.000Z","volume":10000,"label":" ","price":6.36},{"type":"A","date":"2018-03-21T03:33:49.000Z","volume":7000,"label":" ","price":6.36},{"type":"A","date":"2018-03-21T03:34:14.000Z","volume":1000,"label":" ","price":6.36},{"type":"A","date":"2018-03-21T03:34:28.000Z","volume":7000,"label":" ","price":6.36},{"type":"A","date":"2018-03-21T03:35:07.000Z","volume":80000,"label":" ","price":6.36},{"type":"A","date":"2018-03-21T03:35:20.000Z","volume":8000,"label":" ","price":6.36},{"type":"A","date":"2018-03-21T03:36:12.000Z","volume":10000,"label":" ","price":6.36},{"type":"A","date":"2018-03-21T03:36:38.000Z","volume":11000,"label":" ","price":6.36},{"type":"A","date":"2018-03-21T03:37:00.000Z","volume":9000,"label":" ","price":6.36},{"type":"A","date":"2018-03-21T03:37:30.000Z","volume":9000,"label":" ","price":6.36},{"type":"A","date":"2018-03-21T03:37:56.000Z","volume":7000,"label":" ","price":6.36},{"type":"A","date":"2018-03-21T03:38:48.000Z","volume":8000,"label":" ","price":6.36},{"type":"B","date":"2018-03-21T03:39:01.000Z","volume":5000,"label":" ","price":6.35},{"type":"A","date":"2018-03-21T03:39:27.000Z","volume":9000,"label":" ","price":6.36},{"type":"A","date":"2018-03-21T03:39:53.000Z","volume":5000,"label":" ","price":6.36},{"type":"A","date":"2018-03-21T03:39:53.000Z","volume":3000,"label":" ","price":6.36},{"type":"U","date":"2018-03-21T03:39:53.000Z","volume":1000,"label":" ","price":6.36},{"type":"A","date":"2018-03-21T03:39:53.000Z","volume":3000,"label":" ","price":6.36},{"type":"A","date":"2018-03-21T03:39:53.000Z","volume":4000,"label":" ","price":6.36},{"type":"U","date":"2018-03-21T03:40:08.000Z","volume":6000,"label":" ","price":6.36},{"type":"A","date":"2018-03-21T03:40:46.000Z","volume":8000,"label":" ","price":6.36},{"type":"A","date":"2018-03-21T03:41:24.000Z","volume":9000,"label":" ","price":6.36},{"type":"U","date":"2018-03-21T03:41:29.000Z","volume":10000,"label":" ","price":6.36},{"type":"A","date":"2018-03-21T03:41:29.000Z","volume":3000,"label":" ","price":6.36},{"type":"A","date":"2018-03-21T03:41:29.000Z","volume":7000,"label":" ","price":6.36},{"type":"A","date":"2018-03-21T03:42:10.000Z","volume":12000,"label":" ","price":6.36},{"type":"B","date":"2018-03-21T03:44:33.000Z","volume":12000,"label":" ","price":6.35},{"type":"B","date":"2018-03-21T03:45:28.000Z","volume":10000,"label":" ","price":6.35},{"type":"A","date":"2018-03-21T03:45:35.000Z","volume":2000,"label":" ","price":6.36},{"type":"B","date":"2018-03-21T03:47:14.000Z","volume":6000,"label":" ","price":6.35},{"type":"A","date":"2018-03-21T03:47:32.000Z","volume":5000,"label":" ","price":6.36},{"type":"A","date":"2018-03-21T03:49:21.000Z","volume":36000,"label":" ","price":6.36},{"type":"B","date":"2018-03-21T03:49:53.000Z","volume":1000,"label":" ","price":6.35},{"type":"B","date":"2018-03-21T03:51:36.000Z","volume":1000,"label":" ","price":6.35},{"type":"A","date":"2018-03-21T03:52:41.000Z","volume":5000,"label":" ","price":6.36},{"type":"A","date":"2018-03-21T03:53:01.000Z","volume":2000,"label":" ","price":6.36},{"type":"B","date":"2018-03-21T03:53:22.000Z","volume":5000,"label":" ","price":6.35},{"type":"A","date":"2018-03-21T03:53:41.000Z","volume":2000,"label":" ","price":6.36},{"type":"B","date":"2018-03-21T03:53:44.000Z","volume":1000,"label":" ","price":6.35},{"type":"A","date":"2018-03-21T03:53:49.000Z","volume":2000,"label":" ","price":6.36},{"type":"A","date":"2018-03-21T03:54:19.000Z","volume":2000,"label":" ","price":6.36},{"type":"B","date":"2018-03-21T03:54:26.000Z","volume":1000,"label":" ","price":6.35},{"type":"A","date":"2018-03-21T03:55:36.000Z","volume":3000,"label":" ","price":6.36},{"type":"B","date":"2018-03-21T03:56:02.000Z","volume":4000,"label":" ","price":6.35},{"type":"U","date":"2018-03-21T03:56:02.000Z","volume":945,"label":"D","price":6.32},{"type":"A","date":"2018-03-21T03:56:08.000Z","volume":8000,"label":" ","price":6.36},{"type":"A","date":"2018-03-21T03:57:01.000Z","volume":3000,"label":" ","price":6.36},{"type":"B","date":"2018-03-21T03:57:06.000Z","volume":10000,"label":" ","price":6.35},{"type":"B","date":"2018-03-21T03:57:07.000Z","volume":1000,"label":" ","price":6.35},{"type":"A","date":"2018-03-21T03:57:28.000Z","volume":42000,"label":" ","price":6.36},{"type":"A","date":"2018-03-21T03:57:39.000Z","volume":14000,"label":" ","price":6.36},{"type":"A","date":"2018-03-21T03:58:16.000Z","volume":1000,"label":" ","price":6.36},{"type":"A","date":"2018-03-21T03:58:16.000Z","volume":2000,"label":" ","price":6.36},{"type":"B","date":"2018-03-21T03:58:47.000Z","volume":1000,"label":" ","price":6.35},{"type":"A","date":"2018-03-21T03:58:56.000Z","volume":1000,"label":" ","price":6.36},{"type":"A","date":"2018-03-21T03:58:56.000Z","volume":4000,"label":" ","price":6.36},{"type":"A","date":"2018-03-21T03:59:25.000Z","volume":6000,"label":" ","price":6.36},{"type":"A","date":"2018-03-21T03:59:36.000Z","volume":1000,"label":" ","price":6.36},{"type":"A","date":"2018-03-21T05:00:00.000Z","volume":70000,"label":" ","price":6.36},{"type":"A","date":"2018-03-21T05:00:00.000Z","volume":21000,"label":" ","price":6.36},{"type":"A","date":"2018-03-21T05:00:00.000Z","volume":1000,"label":" ","price":6.36},{"type":"A","date":"2018-03-21T05:00:01.000Z","volume":12000,"label":" ","price":6.36},{"type":"A","date":"2018-03-21T05:00:01.000Z","volume":16000,"label":" ","price":6.36},{"type":"A","date":"2018-03-21T05:00:02.000Z","volume":13000,"label":" ","price":6.36},{"type":"A","date":"2018-03-21T05:00:02.000Z","volume":1000,"label":" ","price":6.36},{"type":"A","date":"2018-03-21T05:00:03.000Z","volume":5000,"label":" ","price":6.36},{"type":"B","date":"2018-03-21T05:00:04.000Z","volume":2000,"label":" ","price":6.36},{"type":"B","date":"2018-03-21T05:00:04.000Z","volume":1000,"label":" ","price":6.36},{"type":"B","date":"2018-03-21T05:00:04.000Z","volume":1000,"label":" ","price":6.36},{"type":"A","date":"2018-03-21T05:00:16.000Z","volume":2000,"label":" ","price":6.37},{"type":"B","date":"2018-03-21T05:00:22.000Z","volume":5000,"label":" ","price":6.36},{"type":"B","date":"2018-03-21T05:00:22.000Z","volume":22000,"label":" ","price":6.36},{"type":"B","date":"2018-03-21T05:00:22.000Z","volume":9000,"label":" ","price":6.36},{"type":"B","date":"2018-03-21T05:00:25.000Z","volume":87000,"label":" ","price":6.36},{"type":"A","date":"2018-03-21T05:00:27.000Z","volume":5000,"label":" ","price":6.36},{"type":"A","date":"2018-03-21T05:00:27.000Z","volume":29000,"label":" ","price":6.36},{"type":"U","date":"2018-03-21T05:00:27.000Z","volume":3000,"label":" ","price":6.36},{"type":"A","date":"2018-03-21T05:00:27.000Z","volume":1000,"label":" ","price":6.36},{"type":"U","date":"2018-03-21T05:00:33.000Z","volume":100,"label":"D","price":6.3},{"type":"U","date":"2018-03-21T05:00:35.000Z","volume":6000,"label":"X","price":6.35},{"type":"B","date":"2018-03-21T05:00:35.000Z","volume":2000,"label":" ","price":6.35},{"type":"A","date":"2018-03-21T05:00:55.000Z","volume":11000,"label":" ","price":6.36},{"type":"A","date":"2018-03-21T05:01:05.000Z","volume":8000,"label":" ","price":6.36},{"type":"A","date":"2018-03-21T05:01:07.000Z","volume":5000,"label":" ","price":6.36},{"type":"A","date":"2018-03-21T05:01:10.000Z","volume":11000,"label":" ","price":6.36},{"type":"A","date":"2018-03-21T05:01:11.000Z","volume":2000,"label":" ","price":6.36},{"type":"U","date":"2018-03-21T05:01:16.000Z","volume":795,"label":"D","price":6.31},{"type":"A","date":"2018-03-21T05:02:09.000Z","volume":12000,"label":"Y","price":6.37},{"type":"A","date":"2018-03-21T05:02:09.000Z","volume":1000,"label":" ","price":6.37},{"type":"A","date":"2018-03-21T05:03:11.000Z","volume":13000,"label":"Y","price":6.37},{"type":"A","date":"2018-03-21T05:04:13.000Z","volume":13000,"label":"Y","price":6.37},{"type":"B","date":"2018-03-21T05:04:17.000Z","volume":2000,"label":"Y","price":6.36},{"type":"B","date":"2018-03-21T05:04:17.000Z","volume":2000,"label":" ","price":6.36},{"type":"B","date":"2018-03-21T05:04:17.000Z","volume":1000,"label":" ","price":6.36},{"type":"B","date":"2018-03-21T05:04:41.000Z","volume":1000,"label":" ","price":6.36},{"type":"A","date":"2018-03-21T05:04:58.000Z","volume":1000,"label":" ","price":6.37},{"type":"A","date":"2018-03-21T05:05:15.000Z","volume":13000,"label":"Y","price":6.37},{"type":"B","date":"2018-03-21T05:05:48.000Z","volume":10000,"label":" ","price":6.36},{"type":"A","date":"2018-03-21T05:05:53.000Z","volume":6000,"label":" ","price":6.37},{"type":"A","date":"2018-03-21T05:06:16.000Z","volume":13000,"label":"Y","price":6.37},{"type":"B","date":"2018-03-21T05:06:48.000Z","volume":172000,"label":" ","price":6.36},{"type":"B","date":"2018-03-21T05:06:48.000Z","volume":138000,"label":" ","price":6.36},{"type":"U","date":"2018-03-21T05:06:48.000Z","volume":8000,"label":" ","price":6.36},{"type":"U","date":"2018-03-21T05:06:48.000Z","volume":2000,"label":" ","price":6.36},{"type":"U","date":"2018-03-21T05:06:48.000Z","volume":2000,"label":" ","price":6.36},{"type":"A","date":"2018-03-21T05:07:11.000Z","volume":6000,"label":" ","price":6.36},{"type":"A","date":"2018-03-21T05:07:12.000Z","volume":9000,"label":" ","price":6.36},{"type":"A","date":"2018-03-21T05:07:22.000Z","volume":4000,"label":" ","price":6.36},{"type":"A","date":"2018-03-21T05:07:24.000Z","volume":4000,"label":" ","price":6.36},{"type":"A","date":"2018-03-21T05:07:25.000Z","volume":3000,"label":" ","price":6.36},{"type":"U","date":"2018-03-21T05:07:26.000Z","volume":2000,"label":" ","price":6.36},{"type":"U","date":"2018-03-21T05:07:26.000Z","volume":7000,"label":" ","price":6.36},{"type":"A","date":"2018-03-21T05:08:04.000Z","volume":22000,"label":" ","price":6.37},{"type":"A","date":"2018-03-21T05:08:28.000Z","volume":13000,"label":" ","price":6.37},{"type":"A","date":"2018-03-21T05:08:56.000Z","volume":8000,"label":" ","price":6.37},{"type":"A","date":"2018-03-21T05:09:29.000Z","volume":13000,"label":" ","price":6.37},{"type":"A","date":"2018-03-21T05:09:48.000Z","volume":8000,"label":" ","price":6.37},{"type":"A","date":"2018-03-21T05:10:27.000Z","volume":10000,"label":" ","price":6.37},{"type":"A","date":"2018-03-21T05:10:32.000Z","volume":13000,"label":" ","price":6.37},{"type":"B","date":"2018-03-21T05:10:32.000Z","volume":14000,"label":" ","price":6.36},{"type":"B","date":"2018-03-21T05:10:32.000Z","volume":41000,"label":" ","price":6.36},{"type":"A","date":"2018-03-21T05:10:32.000Z","volume":4000,"label":" ","price":6.36},{"type":"A","date":"2018-03-21T05:10:32.000Z","volume":6000,"label":" ","price":6.36},{"type":"A","date":"2018-03-21T05:11:23.000Z","volume":1000,"label":" ","price":6.36},{"type":"A","date":"2018-03-21T05:11:30.000Z","volume":7000,"label":" ","price":6.36},{"type":"A","date":"2018-03-21T05:11:32.000Z","volume":10000,"label":" ","price":6.36},{"type":"A","date":"2018-03-21T05:11:34.000Z","volume":13000,"label":" ","price":6.36},{"type":"A","date":"2018-03-21T05:11:58.000Z","volume":12000,"label":" ","price":6.36},{"type":"A","date":"2018-03-21T05:12:36.000Z","volume":13000,"label":" ","price":6.36},{"type":"A","date":"2018-03-21T05:12:50.000Z","volume":8000,"label":" ","price":6.36},{"type":"A","date":"2018-03-21T05:13:37.000Z","volume":13000,"label":" ","price":6.36},{"type":"A","date":"2018-03-21T05:14:39.000Z","volume":13000,"label":" ","price":6.36},{"type":"A","date":"2018-03-21T05:15:41.000Z","volume":13000,"label":" ","price":6.36},{"type":"A","date":"2018-03-21T05:15:52.000Z","volume":10000,"label":" ","price":6.36},{"type":"B","date":"2018-03-21T05:16:07.000Z","volume":8000,"label":" ","price":6.35},{"type":"A","date":"2018-03-21T05:16:43.000Z","volume":13000,"label":" ","price":6.36},{"type":"A","date":"2018-03-21T05:17:45.000Z","volume":13000,"label":"Y","price":6.36},{"type":"B","date":"2018-03-21T05:18:04.000Z","volume":1000,"label":" ","price":6.35},{"type":"A","date":"2018-03-21T05:18:47.000Z","volume":13000,"label":" ","price":6.36},{"type":"A","date":"2018-03-21T05:18:54.000Z","volume":8000,"label":" ","price":6.36},{"type":"U","date":"2018-03-21T05:19:18.000Z","volume":1000,"label":"X","price":6.35},{"type":"B","date":"2018-03-21T05:19:48.000Z","volume":1000,"label":" ","price":6.35},{"type":"A","date":"2018-03-21T05:19:49.000Z","volume":13000,"label":" ","price":6.36},{"type":"A","date":"2018-03-21T05:20:11.000Z","volume":6000,"label":" ","price":6.36},{"type":"A","date":"2018-03-21T05:20:14.000Z","volume":12000,"label":" ","price":6.36},{"type":"A","date":"2018-03-21T05:20:25.000Z","volume":8000,"label":" ","price":6.36},{"type":"A","date":"2018-03-21T05:20:50.000Z","volume":13000,"label":" ","price":6.36},{"type":"A","date":"2018-03-21T05:21:40.000Z","volume":2000,"label":" ","price":6.36},{"type":"B","date":"2018-03-21T05:21:49.000Z","volume":1000,"label":" ","price":6.35},{"type":"A","date":"2018-03-21T05:21:52.000Z","volume":13000,"label":" ","price":6.36},{"type":"A","date":"2018-03-21T05:21:56.000Z","volume":8000,"label":" ","price":6.36},{"type":"U","date":"2018-03-21T05:22:16.000Z","volume":2000,"label":"X","price":6.35},{"type":"A","date":"2018-03-21T05:22:55.000Z","volume":13000,"label":" ","price":6.36},{"type":"B","date":"2018-03-21T05:23:45.000Z","volume":1000,"label":" ","price":6.35},{"type":"A","date":"2018-03-21T05:23:53.000Z","volume":9000,"label":" ","price":6.36},{"type":"A","date":"2018-03-21T05:23:53.000Z","volume":5000,"label":" ","price":6.36},{"type":"A","date":"2018-03-21T05:23:57.000Z","volume":13000,"label":" ","price":6.36},{"type":"U","date":"2018-03-21T05:23:58.000Z","volume":5000,"label":"X","price":6.36},{"type":"A","date":"2018-03-21T05:24:00.000Z","volume":10000,"label":" ","price":6.36},{"type":"A","date":"2018-03-21T05:24:20.000Z","volume":41000,"label":" ","price":6.36},{"type":"A","date":"2018-03-21T05:24:30.000Z","volume":10000,"label":" ","price":6.36},{"type":"A","date":"2018-03-21T05:25:01.000Z","volume":13000,"label":" ","price":6.36},{"type":"U","date":"2018-03-21T05:25:15.000Z","volume":1000,"label":"X","price":6.35},{"type":"A","date":"2018-03-21T05:25:48.000Z","volume":6000,"label":" ","price":6.36},{"type":"A","date":"2018-03-21T05:26:03.000Z","volume":13000,"label":" ","price":6.36},{"type":"A","date":"2018-03-21T05:26:03.000Z","volume":8000,"label":" ","price":6.36},{"type":"B","date":"2018-03-21T05:26:03.000Z","volume":4000,"label":" ","price":6.35},{"type":"A","date":"2018-03-21T05:26:15.000Z","volume":30000,"label":" ","price":6.36},{"type":"B","date":"2018-03-21T05:26:16.000Z","volume":5000,"label":" ","price":6.35},{"type":"A","date":"2018-03-21T05:26:16.000Z","volume":10000,"label":" ","price":6.36},{"type":"B","date":"2018-03-21T05:26:16.000Z","volume":2000,"label":" ","price":6.35},{"type":"A","date":"2018-03-21T05:26:18.000Z","volume":2000,"label":" ","price":6.36},{"type":"B","date":"2018-03-21T05:26:18.000Z","volume":1000,"label":" ","price":6.35},{"type":"A","date":"2018-03-21T05:27:05.000Z","volume":13000,"label":" ","price":6.36},{"type":"B","date":"2018-03-21T05:27:05.000Z","volume":2000,"label":" ","price":6.35},{"type":"B","date":"2018-03-21T05:27:25.000Z","volume":20000,"label":" ","price":6.35},{"type":"B","date":"2018-03-21T05:27:25.000Z","volume":3000,"label":" ","price":6.35},{"type":"A","date":"2018-03-21T05:27:27.000Z","volume":4000,"label":" ","price":6.36},{"type":"B","date":"2018-03-21T05:27:27.000Z","volume":1000,"label":" ","price":6.35},{"type":"A","date":"2018-03-21T05:27:34.000Z","volume":12000,"label":" ","price":6.36},{"type":"B","date":"2018-03-21T05:27:34.000Z","volume":2000,"label":" ","price":6.35},{"type":"B","date":"2018-03-21T05:28:06.000Z","volume":339000,"label":" ","price":6.35},{"type":"B","date":"2018-03-21T05:28:06.000Z","volume":8000,"label":" ","price":6.35},{"type":"B","date":"2018-03-21T05:28:06.000Z","volume":7000,"label":" ","price":6.35},{"type":"B","date":"2018-03-21T05:28:06.000Z","volume":1000,"label":" ","price":6.35},{"type":"B","date":"2018-03-21T05:28:06.000Z","volume":5000,"label":" ","price":6.35},{"type":"B","date":"2018-03-21T05:28:06.000Z","volume":33000,"label":" ","price":6.34},{"type":"A","date":"2018-03-21T05:28:06.000Z","volume":7000,"label":" ","price":6.35},{"type":"A","date":"2018-03-21T05:28:06.000Z","volume":6000,"label":" ","price":6.36},{"type":"B","date":"2018-03-21T05:28:06.000Z","volume":5000,"label":" ","price":6.34},{"type":"B","date":"2018-03-21T05:28:07.000Z","volume":3000,"label":" ","price":6.34},{"type":"A","date":"2018-03-21T05:29:00.000Z","volume":1000,"label":"Y","price":6.35},{"type":"A","date":"2018-03-21T05:29:00.000Z","volume":6000,"label":" ","price":6.35},{"type":"A","date":"2018-03-21T05:29:08.000Z","volume":13000,"label":" ","price":6.35},{"type":"B","date":"2018-03-21T05:29:09.000Z","volume":2000,"label":" ","price":6.34},{"type":"B","date":"2018-03-21T05:29:09.000Z","volume":1000,"label":" ","price":6.34},{"type":"A","date":"2018-03-21T05:29:20.000Z","volume":7000,"label":"Y","price":6.35},{"type":"B","date":"2018-03-21T05:29:20.000Z","volume":1000,"label":" ","price":6.34},{"type":"A","date":"2018-03-21T05:30:11.000Z","volume":7000,"label":" ","price":6.35},{"type":"B","date":"2018-03-21T05:30:11.000Z","volume":1000,"label":" ","price":6.34},{"type":"A","date":"2018-03-21T05:30:12.000Z","volume":6000,"label":" ","price":6.35},{"type":"A","date":"2018-03-21T05:30:23.000Z","volume":1000,"label":"Y","price":6.35},{"type":"A","date":"2018-03-21T05:30:23.000Z","volume":6000,"label":" ","price":6.35},{"type":"A","date":"2018-03-21T05:31:06.000Z","volume":1000,"label":" ","price":6.35},{"type":"A","date":"2018-03-21T05:31:14.000Z","volume":1000,"label":" ","price":6.35},{"type":"A","date":"2018-03-21T05:31:15.000Z","volume":2000,"label":" ","price":6.35},{"type":"A","date":"2018-03-21T05:31:17.000Z","volume":8000,"label":" ","price":6.36},{"type":"B","date":"2018-03-21T05:31:17.000Z","volume":1000,"label":" ","price":6.35},{"type":"A","date":"2018-03-21T05:31:21.000Z","volume":8000,"label":" ","price":6.36},{"type":"B","date":"2018-03-21T05:31:21.000Z","volume":1000,"label":" ","price":6.35},{"type":"B","date":"2018-03-21T05:31:34.000Z","volume":38000,"label":" ","price":6.35},{"type":"B","date":"2018-03-21T05:31:34.000Z","volume":6000,"label":" ","price":6.34},{"type":"B","date":"2018-03-21T05:31:34.000Z","volume":1000,"label":" ","price":6.34},{"type":"B","date":"2018-03-21T05:31:59.000Z","volume":10000,"label":" ","price":6.34},{"type":"B","date":"2018-03-21T05:31:59.000Z","volume":2000,"label":" ","price":6.34},{"type":"A","date":"2018-03-21T05:32:07.000Z","volume":8000,"label":" ","price":6.35},{"type":"A","date":"2018-03-21T05:32:22.000Z","volume":13000,"label":" ","price":6.35},{"type":"B","date":"2018-03-21T05:32:23.000Z","volume":2000,"label":" ","price":6.34},{"type":"A","date":"2018-03-21T05:32:59.000Z","volume":8000,"label":" ","price":6.35},{"type":"B","date":"2018-03-21T05:32:59.000Z","volume":2000,"label":" ","price":6.34},{"type":"A","date":"2018-03-21T05:33:22.000Z","volume":6000,"label":" ","price":6.35},{"type":"B","date":"2018-03-21T05:33:23.000Z","volume":1000,"label":" ","price":6.34},{"type":"A","date":"2018-03-21T05:33:24.000Z","volume":13000,"label":" ","price":6.35},{"type":"B","date":"2018-03-21T05:33:24.000Z","volume":2000,"label":" ","price":6.34},{"type":"U","date":"2018-03-21T05:33:37.000Z","volume":748,"label":"D","price":6.3},{"type":"A","date":"2018-03-21T05:33:51.000Z","volume":8000,"label":" ","price":6.35},{"type":"A","date":"2018-03-21T05:34:03.000Z","volume":30000,"label":" ","price":6.35},{"type":"A","date":"2018-03-21T05:34:10.000Z","volume":2000,"label":" ","price":6.35},{"type":"A","date":"2018-03-21T05:34:26.000Z","volume":13000,"label":" ","price":6.36},{"type":"B","date":"2018-03-21T05:34:26.000Z","volume":2000,"label":" ","price":6.35},{"type":"A","date":"2018-03-21T05:34:30.000Z","volume":10000,"label":" ","price":6.36},{"type":"B","date":"2018-03-21T05:34:30.000Z","volume":2000,"label":" ","price":6.35},{"type":"A","date":"2018-03-21T05:34:56.000Z","volume":8000,"label":" ","price":6.36},{"type":"B","date":"2018-03-21T05:34:56.000Z","volume":1000,"label":" ","price":6.35},{"type":"U","date":"2018-03-21T05:34:56.000Z","volume":89,"label":"D","price":6.28},{"type":"B","date":"2018-03-21T05:34:57.000Z","volume":1000,"label":" ","price":6.35},{"type":"B","date":"2018-03-21T05:35:14.000Z","volume":10000,"label":"Y","price":6.35},{"type":"B","date":"2018-03-21T05:35:14.000Z","volume":1000,"label":" ","price":6.35},{"type":"A","date":"2018-03-21T05:35:28.000Z","volume":13000,"label":" ","price":6.36},{"type":"B","date":"2018-03-21T05:35:28.000Z","volume":2000,"label":" ","price":6.35},{"type":"B","date":"2018-03-21T05:35:28.000Z","volume":1000,"label":" ","price":6.35},{"type":"A","date":"2018-03-21T05:35:35.000Z","volume":7000,"label":" ","price":6.36},{"type":"B","date":"2018-03-21T05:35:53.000Z","volume":1000,"label":" ","price":6.35},{"type":"B","date":"2018-03-21T05:35:58.000Z","volume":10000,"label":" ","price":6.35},{"type":"B","date":"2018-03-21T05:35:59.000Z","volume":2000,"label":" ","price":6.35},{"type":"A","date":"2018-03-21T05:36:27.000Z","volume":8000,"label":" ","price":6.36},{"type":"A","date":"2018-03-21T05:36:29.000Z","volume":13000,"label":" ","price":6.36},{"type":"A","date":"2018-03-21T05:36:55.000Z","volume":5000,"label":" ","price":6.36},{"type":"A","date":"2018-03-21T05:37:05.000Z","volume":30000,"label":" ","price":6.36},{"type":"A","date":"2018-03-21T05:37:06.000Z","volume":8000,"label":" ","price":6.36},{"type":"A","date":"2018-03-21T05:37:31.000Z","volume":13000,"label":" ","price":6.36},{"type":"A","date":"2018-03-21T05:37:32.000Z","volume":12000,"label":" ","price":6.36},{"type":"A","date":"2018-03-21T05:37:58.000Z","volume":12000,"label":" ","price":6.36},{"type":"A","date":"2018-03-21T05:38:20.000Z","volume":10000,"label":" ","price":6.36},{"type":"A","date":"2018-03-21T05:38:32.000Z","volume":13000,"label":" ","price":6.36},{"type":"A","date":"2018-03-21T05:38:37.000Z","volume":8000,"label":" ","price":6.36},{"type":"A","date":"2018-03-21T05:38:45.000Z","volume":1000,"label":" ","price":6.36},{"type":"A","date":"2018-03-21T05:38:59.000Z","volume":29000,"label":" ","price":6.36},{"type":"A","date":"2018-03-21T05:39:00.000Z","volume":10000,"label":" ","price":6.36},{"type":"A","date":"2018-03-21T05:39:34.000Z","volume":13000,"label":" ","price":6.36},{"type":"A","date":"2018-03-21T05:39:42.000Z","volume":7000,"label":" ","price":6.36},{"type":"A","date":"2018-03-21T05:40:36.000Z","volume":13000,"label":" ","price":6.36},{"type":"A","date":"2018-03-21T05:40:40.000Z","volume":8000,"label":" ","price":6.36},{"type":"B","date":"2018-03-21T05:41:15.000Z","volume":76000,"label":" ","price":6.35},{"type":"A","date":"2018-03-21T05:41:26.000Z","volume":15000,"label":" ","price":6.36},{"type":"A","date":"2018-03-21T05:41:38.000Z","volume":13000,"label":" ","price":6.36},{"type":"A","date":"2018-03-21T05:42:18.000Z","volume":30000,"label":" ","price":6.36},{"type":"A","date":"2018-03-21T05:42:40.000Z","volume":13000,"label":" ","price":6.36},{"type":"B","date":"2018-03-21T05:43:24.000Z","volume":8000,"label":" ","price":6.35},{"type":"A","date":"2018-03-21T05:43:24.000Z","volume":2000,"label":" ","price":6.36},{"type":"B","date":"2018-03-21T05:43:29.000Z","volume":970000,"label":" ","price":6.35},{"type":"B","date":"2018-03-21T05:43:29.000Z","volume":2000,"label":" ","price":6.35},{"type":"B","date":"2018-03-21T05:43:29.000Z","volume":7000,"label":" ","price":6.35},{"type":"A","date":"2018-03-21T05:43:30.000Z","volume":21000,"label":" ","price":6.35},{"type":"A","date":"2018-03-21T05:43:35.000Z","volume":1000,"label":" ","price":6.35},{"type":"A","date":"2018-03-21T05:43:42.000Z","volume":13000,"label":" ","price":6.35},{"type":"A","date":"2018-03-21T05:44:15.000Z","volume":7000,"label":" ","price":6.35},{"type":"A","date":"2018-03-21T05:44:41.000Z","volume":8000,"label":" ","price":6.35},{"type":"A","date":"2018-03-21T05:44:44.000Z","volume":13000,"label":" ","price":6.35},{"type":"A","date":"2018-03-21T05:45:07.000Z","volume":7000,"label":" ","price":6.35},{"type":"B","date":"2018-03-21T05:45:44.000Z","volume":5000,"label":" ","price":6.34},{"type":"A","date":"2018-03-21T05:45:45.000Z","volume":13000,"label":" ","price":6.35},{"type":"A","date":"2018-03-21T05:45:59.000Z","volume":8000,"label":" ","price":6.35},{"type":"B","date":"2018-03-21T05:46:06.000Z","volume":10000,"label":" ","price":6.34},{"type":"A","date":"2018-03-21T05:46:25.000Z","volume":10000,"label":" ","price":6.35},{"type":"A","date":"2018-03-21T05:46:25.000Z","volume":8000,"label":" ","price":6.35},{"type":"B","date":"2018-03-21T05:46:29.000Z","volume":4000,"label":" ","price":6.34},{"type":"A","date":"2018-03-21T05:46:29.000Z","volume":1000,"label":" ","price":6.35},{"type":"A","date":"2018-03-21T05:46:31.000Z","volume":1000,"label":" ","price":6.35},{"type":"A","date":"2018-03-21T05:46:47.000Z","volume":13000,"label":" ","price":6.35},{"type":"A","date":"2018-03-21T05:46:51.000Z","volume":8000,"label":" ","price":6.35},{"type":"A","date":"2018-03-21T05:46:58.000Z","volume":7000,"label":" ","price":6.35},{"type":"B","date":"2018-03-21T05:47:13.000Z","volume":1000,"label":" ","price":6.34},{"type":"A","date":"2018-03-21T05:47:30.000Z","volume":7000,"label":" ","price":6.35},{"type":"A","date":"2018-03-21T05:47:34.000Z","volume":1000,"label":" ","price":6.35},{"type":"U","date":"2018-03-21T05:47:42.000Z","volume":1000,"label":"X","price":6.34},{"type":"A","date":"2018-03-21T05:47:50.000Z","volume":13000,"label":" ","price":6.35},{"type":"A","date":"2018-03-21T05:48:05.000Z","volume":1000,"label":" ","price":6.35},{"type":"A","date":"2018-03-21T05:48:08.000Z","volume":8000,"label":"Y","price":6.35},{"type":"A","date":"2018-03-21T05:48:08.000Z","volume":5000,"label":"Y","price":6.35},{"type":"U","date":"2018-03-21T05:48:13.000Z","volume":5000,"label":"X","price":6.35},{"type":"B","date":"2018-03-21T05:48:16.000Z","volume":106000,"label":" ","price":6.34},{"type":"B","date":"2018-03-21T05:48:19.000Z","volume":8000,"label":" ","price":6.34},{"type":"A","date":"2018-03-21T05:48:22.000Z","volume":8000,"label":" ","price":6.35},{"type":"A","date":"2018-03-21T05:48:52.000Z","volume":13000,"label":" ","price":6.35},{"type":"B","date":"2018-03-21T05:49:07.000Z","volume":1000,"label":" ","price":6.34},{"type":"A","date":"2018-03-21T05:49:14.000Z","volume":1000,"label":" ","price":6.35},{"type":"A","date":"2018-03-21T05:49:14.000Z","volume":10000,"label":" ","price":6.35},{"type":"A","date":"2018-03-21T05:49:26.000Z","volume":20000,"label":"Y","price":6.35},{"type":"A","date":"2018-03-21T05:49:33.000Z","volume":17000,"label":"Y","price":6.35},{"type":"A","date":"2018-03-21T05:49:40.000Z","volume":8000,"label":" ","price":6.35},{"type":"A","date":"2018-03-21T05:49:54.000Z","volume":13000,"label":" ","price":6.35},{"type":"A","date":"2018-03-21T05:50:06.000Z","volume":7000,"label":" ","price":6.35},{"type":"A","date":"2018-03-21T05:50:17.000Z","volume":1000,"label":" ","price":6.35},{"type":"U","date":"2018-03-21T05:50:35.000Z","volume":1000,"label":"X","price":6.34},{"type":"A","date":"2018-03-21T05:50:55.000Z","volume":13000,"label":" ","price":6.35},{"type":"A","date":"2018-03-21T05:50:58.000Z","volume":8000,"label":" ","price":6.35},{"type":"B","date":"2018-03-21T05:50:58.000Z","volume":5000,"label":" ","price":6.34},{"type":"B","date":"2018-03-21T05:51:09.000Z","volume":7000,"label":" ","price":6.34},{"type":"A","date":"2018-03-21T05:51:24.000Z","volume":8000,"label":" ","price":6.35},{"type":"A","date":"2018-03-21T05:51:26.000Z","volume":1000,"label":" ","price":6.35},{"type":"A","date":"2018-03-21T05:51:50.000Z","volume":8000,"label":" ","price":6.35},{"type":"A","date":"2018-03-21T05:51:57.000Z","volume":13000,"label":" ","price":6.35},{"type":"B","date":"2018-03-21T05:52:10.000Z","volume":1000,"label":" ","price":6.34},{"type":"U","date":"2018-03-21T05:52:16.000Z","volume":1000,"label":"X","price":6.34},{"type":"A","date":"2018-03-21T05:52:29.000Z","volume":8000,"label":" ","price":6.35},{"type":"B","date":"2018-03-21T05:52:29.000Z","volume":1000,"label":" ","price":6.34},{"type":"B","date":"2018-03-21T05:52:32.000Z","volume":1000,"label":" ","price":6.34},{"type":"A","date":"2018-03-21T05:52:38.000Z","volume":1000,"label":" ","price":6.35},{"type":"A","date":"2018-03-21T05:52:59.000Z","volume":13000,"label":" ","price":6.35},{"type":"A","date":"2018-03-21T05:53:08.000Z","volume":8000,"label":" ","price":6.35},{"type":"A","date":"2018-03-21T05:53:11.000Z","volume":8000,"label":" ","price":6.35},{"type":"B","date":"2018-03-21T05:53:12.000Z","volume":1000,"label":" ","price":6.34},{"type":"U","date":"2018-03-21T05:53:21.000Z","volume":2000,"label":"X","price":6.34},{"type":"A","date":"2018-03-21T05:53:34.000Z","volume":12000,"label":" ","price":6.35},{"type":"B","date":"2018-03-21T05:53:36.000Z","volume":5000,"label":" ","price":6.34},{"type":"A","date":"2018-03-21T05:53:46.000Z","volume":1000,"label":" ","price":6.35},{"type":"A","date":"2018-03-21T05:54:00.000Z","volume":12000,"label":" ","price":6.35},{"type":"A","date":"2018-03-21T05:54:01.000Z","volume":13000,"label":" ","price":6.35},{"type":"A","date":"2018-03-21T05:54:21.000Z","volume":1000,"label":" ","price":6.35},{"type":"A","date":"2018-03-21T05:54:52.000Z","volume":8000,"label":" ","price":6.35},{"type":"A","date":"2018-03-21T05:55:03.000Z","volume":13000,"label":" ","price":6.35},{"type":"A","date":"2018-03-21T05:55:18.000Z","volume":7000,"label":" ","price":6.35},{"type":"A","date":"2018-03-21T05:55:28.000Z","volume":1000,"label":" ","price":6.35},{"type":"A","date":"2018-03-21T05:55:34.000Z","volume":12000,"label":"Y","price":6.35},{"type":"A","date":"2018-03-21T05:55:44.000Z","volume":8000,"label":" ","price":6.35},{"type":"U","date":"2018-03-21T05:55:47.000Z","volume":1000,"label":"X","price":6.34},{"type":"U","date":"2018-03-21T05:56:00.000Z","volume":1000,"label":"X","price":6.34},{"type":"A","date":"2018-03-21T05:56:03.000Z","volume":1000,"label":" ","price":6.35},{"type":"B","date":"2018-03-21T05:56:05.000Z","volume":1000,"label":" ","price":6.34},{"type":"A","date":"2018-03-21T05:56:05.000Z","volume":13000,"label":" ","price":6.35},{"type":"B","date":"2018-03-21T05:56:06.000Z","volume":2000,"label":" ","price":6.34},{"type":"A","date":"2018-03-21T05:56:10.000Z","volume":8000,"label":" ","price":6.35},{"type":"B","date":"2018-03-21T05:56:11.000Z","volume":5000,"label":" ","price":6.34},{"type":"B","date":"2018-03-21T05:56:32.000Z","volume":2000,"label":" ","price":6.34},{"type":"A","date":"2018-03-21T05:56:37.000Z","volume":1000,"label":" ","price":6.35},{"type":"A","date":"2018-03-21T05:57:00.000Z","volume":9000,"label":" ","price":6.35},{"type":"A","date":"2018-03-21T05:57:07.000Z","volume":13000,"label":" ","price":6.35},{"type":"A","date":"2018-03-21T05:57:14.000Z","volume":1000,"label":" ","price":6.35},{"type":"B","date":"2018-03-21T05:57:18.000Z","volume":8000,"label":"Y","price":6.34},{"type":"B","date":"2018-03-21T05:57:18.000Z","volume":2000,"label":" ","price":6.34},{"type":"A","date":"2018-03-21T05:57:28.000Z","volume":2000,"label":" ","price":6.35},{"type":"B","date":"2018-03-21T05:57:45.000Z","volume":8000,"label":" ","price":6.34},{"type":"A","date":"2018-03-21T05:58:09.000Z","volume":13000,"label":" ","price":6.35},{"type":"B","date":"2018-03-21T05:58:14.000Z","volume":1000,"label":" ","price":6.34},{"type":"A","date":"2018-03-21T05:58:16.000Z","volume":1000,"label":" ","price":6.35},{"type":"A","date":"2018-03-21T05:58:33.000Z","volume":7000,"label":" ","price":6.35},{"type":"U","date":"2018-03-21T05:58:33.000Z","volume":1000,"label":"X","price":6.345},{"type":"U","date":"2018-03-21T05:58:33.000Z","volume":1000,"label":"X","price":6.34},{"type":"A","date":"2018-03-21T05:59:11.000Z","volume":13000,"label":" ","price":6.35},{"type":"U","date":"2018-03-21T05:59:17.000Z","volume":1000,"label":"X","price":6.34},{"type":"A","date":"2018-03-21T05:59:18.000Z","volume":20000,"label":"Y","price":6.35},{"type":"A","date":"2018-03-21T05:59:24.000Z","volume":1000,"label":" ","price":6.35},{"type":"A","date":"2018-03-21T05:59:25.000Z","volume":8000,"label":" ","price":6.35},{"type":"B","date":"2018-03-21T05:59:26.000Z","volume":1000,"label":"Y","price":6.34},{"type":"B","date":"2018-03-21T05:59:28.000Z","volume":5000,"label":" ","price":6.34},{"type":"B","date":"2018-03-21T05:59:51.000Z","volume":1000,"label":" ","price":6.34},{"type":"A","date":"2018-03-21T05:59:55.000Z","volume":1000,"label":" ","price":6.35},{"type":"B","date":"2018-03-21T06:00:09.000Z","volume":1000,"label":" ","price":6.34},{"type":"A","date":"2018-03-21T06:00:12.000Z","volume":13000,"label":" ","price":6.35},{"type":"A","date":"2018-03-21T06:00:17.000Z","volume":10000,"label":" ","price":6.35},{"type":"U","date":"2018-03-21T06:00:21.000Z","volume":85000,"label":"X","price":6.34},{"type":"B","date":"2018-03-21T06:00:21.000Z","volume":15000,"label":" ","price":6.34},{"type":"A","date":"2018-03-21T06:00:43.000Z","volume":8000,"label":" ","price":6.35},{"type":"B","date":"2018-03-21T06:00:45.000Z","volume":20000,"label":" ","price":6.34},{"type":"A","date":"2018-03-21T06:01:01.000Z","volume":1000,"label":"Y","price":6.35},{"type":"A","date":"2018-03-21T06:01:01.000Z","volume":1000,"label":" ","price":6.35},{"type":"A","date":"2018-03-21T06:01:09.000Z","volume":7000,"label":" ","price":6.35},{"type":"A","date":"2018-03-21T06:01:12.000Z","volume":20000,"label":" ","price":6.35},{"type":"A","date":"2018-03-21T06:01:15.000Z","volume":13000,"label":" ","price":6.35},{"type":"B","date":"2018-03-21T06:01:17.000Z","volume":5000,"label":" ","price":6.34},{"type":"A","date":"2018-03-21T06:01:33.000Z","volume":1000,"label":" ","price":6.35},{"type":"A","date":"2018-03-21T06:01:40.000Z","volume":3000,"label":" ","price":6.35},{"type":"A","date":"2018-03-21T06:02:00.000Z","volume":8000,"label":" ","price":6.35},{"type":"A","date":"2018-03-21T06:02:11.000Z","volume":2000,"label":" ","price":6.35},{"type":"A","date":"2018-03-21T06:02:19.000Z","volume":13000,"label":" ","price":6.35},{"type":"B","date":"2018-03-21T06:02:24.000Z","volume":18000,"label":" ","price":6.34},{"type":"A","date":"2018-03-21T06:02:32.000Z","volume":10000,"label":" ","price":6.35},{"type":"A","date":"2018-03-21T06:02:41.000Z","volume":60000,"label":" ","price":6.35},{"type":"U","date":"2018-03-21T06:02:43.000Z","volume":325,"label":"D","price":6.27},{"type":"A","date":"2018-03-21T06:02:43.000Z","volume":2000,"label":" ","price":6.35},{"type":"A","date":"2018-03-21T06:02:53.000Z","volume":8000,"label":" ","price":6.35},{"type":"A","date":"2018-03-21T06:02:58.000Z","volume":20000,"label":" ","price":6.35},{"type":"A","date":"2018-03-21T06:03:05.000Z","volume":24000,"label":" ","price":6.35},{"type":"A","date":"2018-03-21T06:03:16.000Z","volume":1000,"label":" ","price":6.35},{"type":"A","date":"2018-03-21T06:03:19.000Z","volume":7000,"label":" ","price":6.35},{"type":"A","date":"2018-03-21T06:03:21.000Z","volume":13000,"label":" ","price":6.35},{"type":"A","date":"2018-03-21T06:03:31.000Z","volume":2000,"label":" ","price":6.35},{"type":"A","date":"2018-03-21T06:03:45.000Z","volume":8000,"label":" ","price":6.35},{"type":"A","date":"2018-03-21T06:03:46.000Z","volume":1000,"label":" ","price":6.35},{"type":"A","date":"2018-03-21T06:04:21.000Z","volume":1000,"label":" ","price":6.35},{"type":"A","date":"2018-03-21T06:04:22.000Z","volume":13000,"label":" ","price":6.35},{"type":"A","date":"2018-03-21T06:04:24.000Z","volume":8000,"label":" ","price":6.35},{"type":"A","date":"2018-03-21T06:04:24.000Z","volume":169000,"label":" ","price":6.35},{"type":"A","date":"2018-03-21T06:04:24.000Z","volume":115000,"label":" ","price":6.35},{"type":"B","date":"2018-03-21T06:04:26.000Z","volume":4000,"label":" ","price":6.35},{"type":"B","date":"2018-03-21T06:04:26.000Z","volume":7000,"label":"Y","price":6.35},{"type":"B","date":"2018-03-21T06:04:26.000Z","volume":1000,"label":" ","price":6.35},{"type":"U","date":"2018-03-21T06:04:32.000Z","volume":809,"label":"D","price":6.28},{"type":"B","date":"2018-03-21T06:04:39.000Z","volume":1000,"label":" ","price":6.35},{"type":"B","date":"2018-03-21T06:04:39.000Z","volume":3000,"label":" ","price":6.35},{"type":"B","date":"2018-03-21T06:05:03.000Z","volume":10000,"label":" ","price":6.35},{"type":"A","date":"2018-03-21T06:05:24.000Z","volume":13000,"label":" ","price":6.36},{"type":"A","date":"2018-03-21T06:05:27.000Z","volume":18000,"label":" ","price":6.36},{"type":"A","date":"2018-03-21T06:05:29.000Z","volume":8000,"label":" ","price":6.36},{"type":"B","date":"2018-03-21T06:05:30.000Z","volume":4000,"label":" ","price":6.35},{"type":"B","date":"2018-03-21T06:05:32.000Z","volume":4000,"label":" ","price":6.35},{"type":"B","date":"2018-03-21T06:05:40.000Z","volume":10000,"label":" ","price":6.35},{"type":"A","date":"2018-03-21T06:05:55.000Z","volume":8000,"label":" ","price":6.36},{"type":"A","date":"2018-03-21T06:06:17.000Z","volume":10000,"label":"Y","price":6.36},{"type":"A","date":"2018-03-21T06:06:17.000Z","volume":50000,"label":" ","price":6.36},{"type":"B","date":"2018-03-21T06:06:20.000Z","volume":4000,"label":" ","price":6.35},{"type":"B","date":"2018-03-21T06:06:24.000Z","volume":1000,"label":" ","price":6.35},{"type":"A","date":"2018-03-21T06:06:26.000Z","volume":13000,"label":" ","price":6.36},{"type":"A","date":"2018-03-21T06:06:47.000Z","volume":8000,"label":" ","price":6.36},{"type":"U","date":"2018-03-21T06:06:52.000Z","volume":265,"label":"D","price":6.29},{"type":"B","date":"2018-03-21T06:06:58.000Z","volume":1000,"label":" ","price":6.35}