[{"type":"U","date":"2018-04-10T01:20:00.000Z","volume":1000,"label":"U","price":13.36},{"type":"B","date":"2018-04-10T01:30:00.000Z","volume":4000,"label":" ","price":13.36},{"type":"A","date":"2018-04-10T01:44:00.000Z","volume":2000,"label":" ","price":13.36},{"type":"B","date":"2018-04-10T01:48:55.000Z","volume":4000,"label":" ","price":13.34},{"type":"A","date":"2018-04-10T01:55:29.000Z","volume":1000,"label":" ","price":13.34},{"type":"A","date":"2018-04-10T01:55:29.000Z","volume":1000,"label":" ","price":13.34},{"type":"A","date":"2018-04-10T02:05:18.000Z","volume":4000,"label":" ","price":13.34},{"type":"A","date":"2018-04-10T02:08:02.000Z","volume":1000,"label":" ","price":13.36},{"type":"A","date":"2018-04-10T02:08:02.000Z","volume":11000,"label":" ","price":13.36},{"type":"U","date":"2018-04-10T02:08:03.000Z","volume":3000,"label":" ","price":13.36},{"type":"U","date":"2018-04-10T02:08:03.000Z","volume":4000,"label":" ","price":13.36},{"type":"A","date":"2018-04-10T02:08:07.000Z","volume":2000,"label":" ","price":13.36},{"type":"A","date":"2018-04-10T02:08:07.000Z","volume":2000,"label":" ","price":13.36},{"type":"U","date":"2018-04-10T02:10:39.000Z","volume":252000,"label":"X","price":13.36},{"type":"A","date":"2018-04-10T02:19:53.000Z","volume":2000,"label":" ","price":13.38},{"type":"A","date":"2018-04-10T02:19:53.000Z","volume":1000,"label":" ","price":13.38},{"type":"A","date":"2018-04-10T02:26:16.000Z","volume":2000,"label":" ","price":13.38},{"type":"A","date":"2018-04-10T02:26:54.000Z","volume":3000,"label":" ","price":13.38},{"type":"A","date":"2018-04-10T02:27:39.000Z","volume":1000,"label":" ","price":13.38},{"type":"A","date":"2018-04-10T02:27:39.000Z","volume":1000,"label":" ","price":13.38},{"type":"A","date":"2018-04-10T02:28:41.000Z","volume":1000,"label":" ","price":13.38},{"type":"A","date":"2018-04-10T02:29:02.000Z","volume":4000,"label":" ","price":13.4},{"type":"A","date":"2018-04-10T02:34:00.000Z","volume":1000,"label":" ","price":13.4},{"type":"A","date":"2018-04-10T02:34:45.000Z","volume":2000,"label":" ","price":13.4},{"type":"A","date":"2018-04-10T02:34:45.000Z","volume":1000,"label":" ","price":13.4},{"type":"A","date":"2018-04-10T02:35:42.000Z","volume":3000,"label":" ","price":13.4},{"type":"A","date":"2018-04-10T02:45:08.000Z","volume":1000,"label":" ","price":13.4},{"type":"A","date":"2018-04-10T02:49:12.000Z","volume":2000,"label":" ","price":13.4},{"type":"A","date":"2018-04-10T02:50:08.000Z","volume":1000,"label":" ","price":13.4},{"type":"A","date":"2018-04-10T03:01:34.000Z","volume":1000,"label":"Y","price":13.4},{"type":"A","date":"2018-04-10T03:07:29.000Z","volume":1000,"label":" ","price":13.42},{"type":"A","date":"2018-04-10T03:10:26.000Z","volume":1000,"label":" ","price":13.44},{"type":"A","date":"2018-04-10T03:14:44.000Z","volume":3000,"label":" ","price":13.44},{"type":"A","date":"2018-04-10T03:14:44.000Z","volume":1000,"label":" ","price":13.44},{"type":"B","date":"2018-04-10T03:14:45.000Z","volume":2000,"label":" ","price":13.44},{"type":"A","date":"2018-04-10T03:21:30.000Z","volume":4000,"label":" ","price":13.44},{"type":"A","date":"2018-04-10T03:21:52.000Z","volume":2000,"label":" ","price":13.44},{"type":"A","date":"2018-04-10T03:22:19.000Z","volume":4000,"label":" ","price":13.44},{"type":"B","date":"2018-04-10T03:22:20.000Z","volume":5000,"label":" ","price":13.44},{"type":"A","date":"2018-04-10T03:27:23.000Z","volume":2000,"label":" ","price":13.52},{"type":"B","date":"2018-04-10T03:28:59.000Z","volume":1000,"label":"Y","price":13.48},{"type":"A","date":"2018-04-10T03:35:05.000Z","volume":1000,"label":" ","price":13.52},{"type":"A","date":"2018-04-10T03:38:24.000Z","volume":2000,"label":" ","price":13.52},{"type":"A","date":"2018-04-10T03:52:36.000Z","volume":2000,"label":" ","price":13.52},{"type":"B","date":"2018-04-10T03:52:37.000Z","volume":1000,"label":" ","price":13.52},{"type":"A","date":"2018-04-10T03:54:57.000Z","volume":2000,"label":" ","price":13.52},{"type":"A","date":"2018-04-10T03:55:08.000Z","volume":4000,"label":" ","price":13.52},{"type":"A","date":"2018-04-10T03:56:05.000Z","volume":3000,"label":" ","price":13.52},{"type":"B","date":"2018-04-10T03:56:05.000Z","volume":3000,"label":" ","price":13.52},{"type":"A","date":"2018-04-10T05:12:48.000Z","volume":3000,"label":" ","price":13.54},{"type":"A","date":"2018-04-10T05:18:47.000Z","volume":2000,"label":" ","price":13.54},{"type":"A","date":"2018-04-10T05:20:29.000Z","volume":2000,"label":" ","price":13.54},{"type":"B","date":"2018-04-10T05:20:29.000Z","volume":3000,"label":" ","price":13.54},{"type":"B","date":"2018-04-10T05:23:29.000Z","volume":11000,"label":" ","price":13.54},{"type":"B","date":"2018-04-10T05:23:32.000Z","volume":1000,"label":" ","price":13.5},{"type":"A","date":"2018-04-10T06:01:28.000Z","volume":2000,"label":" ","price":13.56},{"type":"A","date":"2018-04-10T06:35:09.000Z","volume":10000,"label":" ","price":13.56},{"type":"A","date":"2018-04-10T06:41:44.000Z","volume":1000,"label":"Y","price":13.58},{"type":"A","date":"2018-04-10T06:56:16.000Z","volume":1000,"label":" ","price":13.58},{"type":"A","date":"2018-04-10T06:56:16.000Z","volume":1000,"label":" ","price":13.58},{"type":"B","date":"2018-04-10T06:59:21.000Z","volume":3000,"label":" ","price":13.56},{"type":"B","date":"2018-04-10T06:59:54.000Z","volume":1000,"label":" ","price":13.56},{"type":"B","date":"2018-04-10T07:16:28.000Z","volume":12000,"label":" ","price":13.54},{"type":"B","date":"2018-04-10T07:16:35.000Z","volume":10000,"label":" ","price":13.52},{"type":"B","date":"2018-04-10T07:16:43.000Z","volume":10000,"label":" ","price":13.5},{"type":"A","date":"2018-04-10T07:16:49.000Z","volume":1000,"label":" ","price":13.48},{"type":"A","date":"2018-04-10T07:23:11.000Z","volume":2000,"label":" ","price":13.52},{"type":"B","date":"2018-04-10T07:32:09.000Z","volume":9000,"label":" ","price":13.48},{"type":"B","date":"2018-04-10T07:32:09.000Z","volume":20000,"label":" ","price":13.44},{"type":"B","date":"2018-04-10T07:32:09.000Z","volume":37000,"label":" ","price":13.4},{"type":"B","date":"2018-04-10T07:32:11.000Z","volume":34000,"label":" ","price":13.4},{"type":"B","date":"2018-04-10T07:32:12.000Z","volume":1000,"label":" ","price":13.4},{"type":"B","date":"2018-04-10T07:32:22.000Z","volume":2000,"label":" ","price":13.4},{"type":"A","date":"2018-04-10T07:33:54.000Z","volume":4000,"label":"Y","price":13.46},{"type":"A","date":"2018-04-10T07:34:24.000Z","volume":1000,"label":" ","price":13.5},{"type":"B","date":"2018-04-10T07:38:37.000Z","volume":6000,"label":" ","price":13.44},{"type":"B","date":"2018-04-10T07:38:37.000Z","volume":5000,"label":" ","price":13.44},{"type":"B","date":"2018-04-10T07:38:45.000Z","volume":2000,"label":" ","price":13.44},{"type":"B","date":"2018-04-10T07:39:16.000Z","volume":4000,"label":" ","price":13.46},{"type":"A","date":"2018-04-10T07:40:03.000Z","volume":3000,"label":" ","price":13.46},{"type":"B","date":"2018-04-10T07:40:37.000Z","volume":1000,"label":" ","price":13.44},{"type":"A","date":"2018-04-10T07:43:04.000Z","volume":1000,"label":" ","price":13.46},{"type":"B","date":"2018-04-10T07:43:38.000Z","volume":7000,"label":" ","price":13.42},{"type":"B","date":"2018-04-10T07:43:38.000Z","volume":28000,"label":" ","price":13.4},{"type":"A","date":"2018-04-10T07:44:06.000Z","volume":1000,"label":" ","price":13.44},{"type":"B","date":"2018-04-10T07:44:08.000Z","volume":2000,"label":" ","price":13.4},{"type":"A","date":"2018-04-10T07:45:36.000Z","volume":1000,"label":" ","price":13.44},{"type":"A","date":"2018-04-10T07:47:10.000Z","volume":2000,"label":"Y","price":13.44},{"type":"A","date":"2018-04-10T07:47:10.000Z","volume":2000,"label":" ","price":13.44},{"type":"A","date":"2018-04-10T07:47:14.000Z","volume":1000,"label":"Y","price":13.4},{"type":"A","date":"2018-04-10T07:47:14.000Z","volume":3000,"label":" ","price":13.4},{"type":"A","date":"2018-04-10T07:47:18.000Z","volume":1000,"label":" ","price":13.4},{"type":"A","date":"2018-04-10T07:47:18.000Z","volume":1000,"label":"Y","price":13.4},{"type":"A","date":"2018-04-10T07:48:06.000Z","volume":1000,"label":" ","price":13.4},{"type":"A","date":"2018-04-10T07:48:23.000Z","volume":1000,"label":"Y","price":13.4},{"type":"A","date":"2018-04-10T07:50:07.000Z","volume":5000,"label":" ","price":13.4},{"type":"A","date":"2018-04-10T07:50:07.000Z","volume":1000,"label":"Y","price":13.4},{"type":"A","date":"2018-04-10T07:50:10.000Z","volume":1000,"label":" ","price":13.4},{"type":"A","date":"2018-04-10T07:50:36.000Z","volume":1000,"label":" ","price":13.4},{"type":"A","date":"2018-04-10T07:51:57.000Z","volume":1000,"label":" ","price":13.4},{"type":"A","date":"2018-04-10T07:53:06.000Z","volume":1000,"label":" ","price":13.4},{"type":"B","date":"2018-04-10T07:55:19.000Z","volume":4000,"label":" ","price":13.38},{"type":"B","date":"2018-04-10T07:55:19.000Z","volume":2000,"label":" ","price":13.38},{"type":"B","date":"2018-04-10T07:55:19.000Z","volume":2000,"label":" ","price":13.38},{"type":"B","date":"2018-04-10T07:55:19.000Z","volume":13000,"label":" ","price":13.38},{"type":"A","date":"2018-04-10T07:55:37.000Z","volume":1000,"label":" ","price":13.5},{"type":"A","date":"2018-04-10T07:56:14.000Z","volume":2000,"label":"Y","price":13.5},{"type":"A","date":"2018-04-10T07:56:14.000Z","volume":7000,"label":" ","price":13.5},{"type":"B","date":"2018-04-10T07:56:14.000Z","volume":7000,"label":" ","price":13.5},{"type":"B","date":"2018-04-10T07:56:14.000Z","volume":1000,"label":" ","price":13.5},{"type":"B","date":"2018-04-10T07:57:54.000Z","volume":1000,"label":" ","price":13.44},{"type":"B","date":"2018-04-10T07:58:09.000Z","volume":1000,"label":" ","price":13.4},{"type":"U","date":"2018-04-10T07:58:39.000Z","volume":2000,"label":" ","price":13.44},{"type":"B","date":"2018-04-10T07:58:45.000Z","volume":1000,"label":" ","price":13.38},{"type":"B","date":"2018-04-10T07:58:45.000Z","volume":4000,"label":" ","price":13.38},{"type":"B","date":"2018-04-10T07:59:11.000Z","volume":1000,"label":" ","price":13.38},{"type":"B","date":"2018-04-10T07:59:27.000Z","volume":5000,"label":" ","price":13.38},{"type":"B","date":"2018-04-10T07:59:41.000Z","volume":1000,"label":" ","price":13.38},{"type":"B","date":"2018-04-10T07:59:50.000Z","volume":1000,"label":" ","price":13.38}]