[{"type":"U","date":"2018-04-16T01:20:00.000Z","volume":252000,"label":"U","price":17.4},{"type":"A","date":"2018-04-16T01:30:01.000Z","volume":2000,"label":" ","price":17.52},{"type":"A","date":"2018-04-16T01:30:01.000Z","volume":6000,"label":" ","price":17.58},{"type":"B","date":"2018-04-16T01:30:01.000Z","volume":4000,"label":" ","price":17.44},{"type":"B","date":"2018-04-16T01:30:01.000Z","volume":4000,"label":" ","price":17.42},{"type":"U","date":"2018-04-16T01:30:01.000Z","volume":8000,"label":" ","price":17.5},{"type":"A","date":"2018-04-16T01:30:01.000Z","volume":2000,"label":" ","price":17.58},{"type":"A","date":"2018-04-16T01:30:02.000Z","volume":6000,"label":" ","price":17.5},{"type":"A","date":"2018-04-16T01:30:02.000Z","volume":2000,"label":" ","price":17.5},{"type":"A","date":"2018-04-16T01:30:02.000Z","volume":20000,"label":" ","price":17.58},{"type":"B","date":"2018-04-16T01:30:02.000Z","volume":2000,"label":" ","price":17.42},{"type":"B","date":"2018-04-16T01:30:02.000Z","volume":2000,"label":" ","price":17.42},{"type":"U","date":"2018-04-16T01:30:03.000Z","volume":4000,"label":" ","price":17.52},{"type":"A","date":"2018-04-16T01:30:03.000Z","volume":12000,"label":" ","price":17.58},{"type":"A","date":"2018-04-16T01:30:06.000Z","volume":12000,"label":"Y","price":17.58},{"type":"A","date":"2018-04-16T01:30:07.000Z","volume":4000,"label":" ","price":17.58},{"type":"A","date":"2018-04-16T01:30:08.000Z","volume":10000,"label":" ","price":17.58},{"type":"U","date":"2018-04-16T01:30:09.000Z","volume":2000,"label":" ","price":17.56},{"type":"A","date":"2018-04-16T01:30:09.000Z","volume":22000,"label":" ","price":17.58},{"type":"A","date":"2018-04-16T01:30:09.000Z","volume":2000,"label":" ","price":17.58},{"type":"U","date":"2018-04-16T01:30:11.000Z","volume":6000,"label":" ","price":17.56},{"type":"B","date":"2018-04-16T01:30:11.000Z","volume":2000,"label":" ","price":17.54},{"type":"A","date":"2018-04-16T01:30:12.000Z","volume":22000,"label":" ","price":17.6},{"type":"A","date":"2018-04-16T01:30:13.000Z","volume":6000,"label":"Y","price":17.6},{"type":"A","date":"2018-04-16T01:30:13.000Z","volume":2000,"label":" ","price":17.6},{"type":"A","date":"2018-04-16T01:30:13.000Z","volume":18000,"label":" ","price":17.6},{"type":"A","date":"2018-04-16T01:30:13.000Z","volume":18000,"label":" ","price":17.6},{"type":"A","date":"2018-04-16T01:30:13.000Z","volume":2000,"label":" ","price":17.62},{"type":"A","date":"2018-04-16T01:30:13.000Z","volume":4000,"label":" ","price":17.6},{"type":"B","date":"2018-04-16T01:30:13.000Z","volume":10000,"label":" ","price":17.54},{"type":"B","date":"2018-04-16T01:30:14.000Z","volume":6000,"label":" ","price":17.54},{"type":"U","date":"2018-04-16T01:30:14.000Z","volume":2000,"label":" ","price":17.62},{"type":"U","date":"2018-04-16T01:30:14.000Z","volume":26000,"label":" ","price":17.62},{"type":"B","date":"2018-04-16T01:30:14.000Z","volume":2000,"label":" ","price":17.54},{"type":"B","date":"2018-04-16T01:30:14.000Z","volume":8000,"label":" ","price":17.52},{"type":"U","date":"2018-04-16T01:30:15.000Z","volume":12000,"label":" ","price":17.62},{"type":"B","date":"2018-04-16T01:30:15.000Z","volume":4000,"label":" ","price":17.54},{"type":"A","date":"2018-04-16T01:30:16.000Z","volume":6000,"label":" ","price":17.66},{"type":"B","date":"2018-04-16T01:30:16.000Z","volume":2000,"label":" ","price":17.6},{"type":"B","date":"2018-04-16T01:30:18.000Z","volume":4000,"label":" ","price":17.6},{"type":"A","date":"2018-04-16T01:30:18.000Z","volume":46000,"label":" ","price":17.68},{"type":"U","date":"2018-04-16T01:30:18.000Z","volume":2000,"label":" ","price":17.66},{"type":"B","date":"2018-04-16T01:30:19.000Z","volume":4000,"label":" ","price":17.6},{"type":"B","date":"2018-04-16T01:30:19.000Z","volume":6000,"label":" ","price":17.56},{"type":"B","date":"2018-04-16T01:30:19.000Z","volume":4000,"label":" ","price":17.54},{"type":"B","date":"2018-04-16T01:30:22.000Z","volume":8000,"label":" ","price":17.68},{"type":"B","date":"2018-04-16T01:30:22.000Z","volume":2000,"label":" ","price":17.68},{"type":"B","date":"2018-04-16T01:30:22.000Z","volume":8000,"label":" ","price":17.68},{"type":"B","date":"2018-04-16T01:30:25.000Z","volume":10000,"label":" ","price":17.62},{"type":"B","date":"2018-04-16T01:30:25.000Z","volume":12000,"label":" ","price":17.62},{"type":"A","date":"2018-04-16T01:30:25.000Z","volume":2000,"label":"Y","price":17.74},{"type":"A","date":"2018-04-16T01:30:25.000Z","volume":2000,"label":" ","price":17.74},{"type":"B","date":"2018-04-16T01:30:26.000Z","volume":2000,"label":" ","price":17.62},{"type":"B","date":"2018-04-16T01:30:28.000Z","volume":8000,"label":" ","price":17.62},{"type":"B","date":"2018-04-16T01:30:31.000Z","volume":8000,"label":" ","price":17.62},{"type":"B","date":"2018-04-16T01:30:31.000Z","volume":2000,"label":" ","price":17.6},{"type":"U","date":"2018-04-16T01:30:32.000Z","volume":6000,"label":" ","price":17.62},{"type":"B","date":"2018-04-16T01:30:32.000Z","volume":14000,"label":" ","price":17.6},{"type":"A","date":"2018-04-16T01:30:32.000Z","volume":4000,"label":" ","price":17.7},{"type":"U","date":"2018-04-16T01:30:33.000Z","volume":2000,"label":" ","price":17.68},{"type":"A","date":"2018-04-16T01:30:33.000Z","volume":10000,"label":" ","price":17.7},{"type":"A","date":"2018-04-16T01:30:33.000Z","volume":50000,"label":" ","price":17.7},{"type":"B","date":"2018-04-16T01:30:34.000Z","volume":2000,"label":" ","price":17.7},{"type":"B","date":"2018-04-16T01:30:36.000Z","volume":2000,"label":"Y","price":17.68},{"type":"B","date":"2018-04-16T01:30:36.000Z","volume":4000,"label":" ","price":17.68},{"type":"A","date":"2018-04-16T01:30:36.000Z","volume":10000,"label":" ","price":17.74},{"type":"A","date":"2018-04-16T01:30:36.000Z","volume":4000,"label":" ","price":17.74},{"type":"U","date":"2018-04-16T01:30:37.000Z","volume":22000,"label":" ","price":17.74},{"type":"A","date":"2018-04-16T01:30:37.000Z","volume":8000,"label":" ","price":17.76},{"type":"U","date":"2018-04-16T01:30:37.000Z","volume":22000,"label":" ","price":17.74},{"type":"A","date":"2018-04-16T01:30:40.000Z","volume":4000,"label":" ","price":17.76},{"type":"A","date":"2018-04-16T01:30:41.000Z","volume":2000,"label":" ","price":17.78},{"type":"A","date":"2018-04-16T01:30:41.000Z","volume":2000,"label":" ","price":17.8},{"type":"A","date":"2018-04-16T01:30:41.000Z","volume":10000,"label":" ","price":17.78},{"type":"A","date":"2018-04-16T01:30:41.000Z","volume":14000,"label":" ","price":17.8},{"type":"A","date":"2018-04-16T01:30:42.000Z","volume":6000,"label":" ","price":17.8},{"type":"B","date":"2018-04-16T01:30:42.000Z","volume":2000,"label":" ","price":17.76},{"type":"A","date":"2018-04-16T01:30:42.000Z","volume":10000,"label":" ","price":17.78},{"type":"A","date":"2018-04-16T01:30:43.000Z","volume":4000,"label":" ","price":17.8},{"type":"U","date":"2018-04-16T01:30:43.000Z","volume":2000,"label":" ","price":17.76},{"type":"A","date":"2018-04-16T01:30:44.000Z","volume":2000,"label":" ","price":17.8},{"type":"B","date":"2018-04-16T01:30:46.000Z","volume":10000,"label":" ","price":17.7},{"type":"B","date":"2018-04-16T01:30:48.000Z","volume":2000,"label":" ","price":17.68},{"type":"A","date":"2018-04-16T01:30:51.000Z","volume":2000,"label":" ","price":17.76},{"type":"A","date":"2018-04-16T01:30:51.000Z","volume":4000,"label":" ","price":17.78},{"type":"A","date":"2018-04-16T01:30:51.000Z","volume":6000,"label":" ","price":17.8},{"type":"U","date":"2018-04-16T01:30:52.000Z","volume":18000,"label":" ","price":17.84},{"type":"B","date":"2018-04-16T01:30:53.000Z","volume":20000,"label":" ","price":17.78},{"type":"B","date":"2018-04-16T01:30:53.000Z","volume":8000,"label":" ","price":17.78},{"type":"B","date":"2018-04-16T01:30:53.000Z","volume":2000,"label":" ","price":17.64},{"type":"B","date":"2018-04-16T01:30:53.000Z","volume":2000,"label":" ","price":17.62},{"type":"A","date":"2018-04-16T01:30:54.000Z","volume":4000,"label":" ","price":17.76},{"type":"A","date":"2018-04-16T01:30:54.000Z","volume":6000,"label":" ","price":17.76},{"type":"A","date":"2018-04-16T01:30:55.000Z","volume":2000,"label":" ","price":17.8},{"type":"A","date":"2018-04-16T01:30:55.000Z","volume":2000,"label":" ","price":17.8},{"type":"A","date":"2018-04-16T01:30:57.000Z","volume":2000,"label":" ","price":17.78},{"type":"A","date":"2018-04-16T01:30:58.000Z","volume":2000,"label":" ","price":17.76},{"type":"A","date":"2018-04-16T01:30:58.000Z","volume":4000,"label":" ","price":17.78},{"type":"A","date":"2018-04-16T01:30:58.000Z","volume":24000,"label":" ","price":17.78},{"type":"B","date":"2018-04-16T01:31:02.000Z","volume":2000,"label":" ","price":17.68},{"type":"U","date":"2018-04-16T01:31:02.000Z","volume":4000,"label":" ","price":17.74},{"type":"U","date":"2018-04-16T01:31:04.000Z","volume":2000,"label":" ","price":17.72},{"type":"A","date":"2018-04-16T01:31:04.000Z","volume":2000,"label":" ","price":17.74},{"type":"A","date":"2018-04-16T01:31:04.000Z","volume":2000,"label":" ","price":17.76},{"type":"A","date":"2018-04-16T01:31:04.000Z","volume":4000,"label":" ","price":17.78},{"type":"A","date":"2018-04-16T01:31:05.000Z","volume":2000,"label":" ","price":17.78},{"type":"A","date":"2018-04-16T01:31:05.000Z","volume":6000,"label":" ","price":17.8},{"type":"A","date":"2018-04-16T01:31:05.000Z","volume":2000,"label":" ","price":17.8},{"type":"U","date":"2018-04-16T01:31:08.000Z","volume":8000,"label":" ","price":17.8},{"type":"U","date":"2018-04-16T01:31:20.000Z","volume":2000,"label":" ","price":17.72},{"type":"A","date":"2018-04-16T01:31:21.000Z","volume":2000,"label":" ","price":17.76},{"type":"B","date":"2018-04-16T01:31:23.000Z","volume":6000,"label":" ","price":17.66},{"type":"B","date":"2018-04-16T01:31:23.000Z","volume":10000,"label":" ","price":17.64},{"type":"B","date":"2018-04-16T01:31:25.000Z","volume":2000,"label":" ","price":17.64},{"type":"A","date":"2018-04-16T01:31:27.000Z","volume":6000,"label":" ","price":17.74},{"type":"U","date":"2018-04-16T01:31:28.000Z","volume":6000,"label":" ","price":17.7},{"type":"U","date":"2018-04-16T01:31:28.000Z","volume":2000,"label":" ","price":17.74},{"type":"A","date":"2018-04-16T01:31:31.000Z","volume":6000,"label":" ","price":17.76},{"type":"B","date":"2018-04-16T01:31:31.000Z","volume":6000,"label":" ","price":17.64},{"type":"A","date":"2018-04-16T01:31:34.000Z","volume":2000,"label":" ","price":17.74},{"type":"A","date":"2018-04-16T01:31:34.000Z","volume":2000,"label":" ","price":17.74},{"type":"B","date":"2018-04-16T01:31:35.000Z","volume":4000,"label":" ","price":17.64},{"type":"U","date":"2018-04-16T01:31:40.000Z","volume":2000,"label":" ","price":17.62},{"type":"U","date":"2018-04-16T01:31:54.000Z","volume":2000,"label":" ","price":17.64},{"type":"A","date":"2018-04-16T01:31:55.000Z","volume":2000,"label":" ","price":17.68},{"type":"A","date":"2018-04-16T01:31:55.000Z","volume":10000,"label":" ","price":17.7},{"type":"A","date":"2018-04-16T01:31:55.000Z","volume":32000,"label":" ","price":17.7},{"type":"A","date":"2018-04-16T01:31:55.000Z","volume":2000,"label":" ","price":17.7},{"type":"B","date":"2018-04-16T01:31:56.000Z","volume":8000,"label":" ","price":17.62},{"type":"B","date":"2018-04-16T01:31:56.000Z","volume":2000,"label":" ","price":17.62},{"type":"U","date":"2018-04-16T01:32:02.000Z","volume":4000,"label":" ","price":17.68},{"type":"A","date":"2018-04-16T01:32:02.000Z","volume":14000,"label":" ","price":17.72},{"type":"B","date":"2018-04-16T01:32:14.000Z","volume":2000,"label":" ","price":17.64},{"type":"A","date":"2018-04-16T01:32:24.000Z","volume":10000,"label":" ","price":17.7},{"type":"B","date":"2018-04-16T01:32:24.000Z","volume":2000,"label":" ","price":17.64},{"type":"B","date":"2018-04-16T01:32:24.000Z","volume":8000,"label":" ","price":17.62},{"type":"B","date":"2018-04-16T01:32:31.000Z","volume":10000,"label":" ","price":17.62},{"type":"B","date":"2018-04-16T01:32:31.000Z","volume":16000,"label":" ","price":17.62},{"type":"B","date":"2018-04-16T01:32:36.000Z","volume":2000,"label":" ","price":17.64},{"type":"B","date":"2018-04-16T01:32:36.000Z","volume":4000,"label":" ","price":17.62},{"type":"B","date":"2018-04-16T01:32:37.000Z","volume":4000,"label":" ","price":17.62},{"type":"U","date":"2018-04-16T01:32:37.000Z","volume":2000,"label":" ","price":17.64},{"type":"A","date":"2018-04-16T01:32:37.000Z","volume":4000,"label":" ","price":17.66},{"type":"A","date":"2018-04-16T01:32:45.000Z","volume":2000,"label":" ","price":17.64},{"type":"B","date":"2018-04-16T01:32:47.000Z","volume":6000,"label":" ","price":17.62},{"type":"A","date":"2018-04-16T01:32:52.000Z","volume":2000,"label":" ","price":17.66},{"type":"A","date":"2018-04-16T01:32:56.000Z","volume":2000,"label":" ","price":17.68},{"type":"B","date":"2018-04-16T01:33:06.000Z","volume":26000,"label":" ","price":17.6},{"type":"B","date":"2018-04-16T01:33:07.000Z","volume":2000,"label":" ","price":17.58},{"type":"U","date":"2018-04-16T01:33:15.000Z","volume":10000,"label":" ","price":17.56},{"type":"B","date":"2018-04-16T01:33:24.000Z","volume":2000,"label":" ","price":17.56},{"type":"B","date":"2018-04-16T01:33:30.000Z","volume":2000,"label":" ","price":17.56},{"type":"A","date":"2018-04-16T01:33:31.000Z","volume":2000,"label":" ","price":17.6},{"type":"B","date":"2018-04-16T01:33:40.000Z","volume":8000,"label":" ","price":17.58},{"type":"A","date":"2018-04-16T01:33:41.000Z","volume":2000,"label":" ","price":17.6},{"type":"U","date":"2018-04-16T01:33:43.000Z","volume":4000,"label":" ","price":17.58},{"type":"A","date":"2018-04-16T01:33:45.000Z","volume":10000,"label":" ","price":17.6},{"type":"A","date":"2018-04-16T01:33:45.000Z","volume":4000,"label":" ","price":17.6},{"type":"A","date":"2018-04-16T01:33:46.000Z","volume":2000,"label":" ","price":17.6},{"type":"A","date":"2018-04-16T01:33:46.000Z","volume":6000,"label":" ","price":17.6},{"type":"A","date":"2018-04-16T01:33:51.000Z","volume":10000,"label":" ","price":17.6},{"type":"A","date":"2018-04-16T01:33:53.000Z","volume":2000,"label":" ","price":17.6},{"type":"A","date":"2018-04-16T01:33:53.000Z","volume":2000,"label":" ","price":17.6},{"type":"A","date":"2018-04-16T01:33:54.000Z","volume":2000,"label":" ","price":17.62},{"type":"B","date":"2018-04-16T01:33:55.000Z","volume":2000,"label":" ","price":17.6},{"type":"A","date":"2018-04-16T01:33:58.000Z","volume":10000,"label":" ","price":17.62},{"type":"A","date":"2018-04-16T01:33:59.000Z","volume":2000,"label":" ","price":17.64},{"type":"A","date":"2018-04-16T01:33:59.000Z","volume":2000,"label":" ","price":17.64},{"type":"A","date":"2018-04-16T01:34:00.000Z","volume":6000,"label":" ","price":17.64},{"type":"A","date":"2018-04-16T01:34:01.000Z","volume":2000,"label":" ","price":17.66},{"type":"A","date":"2018-04-16T01:34:09.000Z","volume":2000,"label":" ","price":17.66},{"type":"B","date":"2018-04-16T01:34:16.000Z","volume":4000,"label":" ","price":17.62},{"type":"B","date":"2018-04-16T01:34:17.000Z","volume":4000,"label":" ","price":17.62},{"type":"A","date":"2018-04-16T01:34:18.000Z","volume":2000,"label":" ","price":17.66},{"type":"A","date":"2018-04-16T01:34:31.000Z","volume":2000,"label":" ","price":17.66},{"type":"B","date":"2018-04-16T01:34:39.000Z","volume":10000,"label":" ","price":17.62},{"type":"B","date":"2018-04-16T01:34:45.000Z","volume":4000,"label":" ","price":17.62},{"type":"B","date":"2018-04-16T01:34:50.000Z","volume":10000,"label":" ","price":17.62},{"type":"B","date":"2018-04-16T01:34:50.000Z","volume":4000,"label":" ","price":17.62},{"type":"U","date":"2018-04-16T01:34:52.000Z","volume":2000,"label":" ","price":17.62},{"type":"B","date":"2018-04-16T01:35:02.000Z","volume":2000,"label":" ","price":17.62},{"type":"A","date":"2018-04-16T01:35:04.000Z","volume":4000,"label":" ","price":17.64},{"type":"A","date":"2018-04-16T01:35:04.000Z","volume":6000,"label":" ","price":17.66},{"type":"B","date":"2018-04-16T01:35:08.000Z","volume":2000,"label":" ","price":17.62},{"type":"B","date":"2018-04-16T01:35:08.000Z","volume":22000,"label":" ","price":17.62},{"type":"A","date":"2018-04-16T01:35:25.000Z","volume":18000,"label":" ","price":17.62},{"type":"A","date":"2018-04-16T01:35:25.000Z","volume":8000,"label":" ","price":17.62},{"type":"A","date":"2018-04-16T01:35:25.000Z","volume":2000,"label":" ","price":17.62},{"type":"A","date":"2018-04-16T01:35:27.000Z","volume":4000,"label":" ","price":17.64},{"type":"A","date":"2018-04-16T01:35:27.000Z","volume":6000,"label":" ","price":17.66},{"type":"U","date":"2018-04-16T01:35:33.000Z","volume":4000,"label":" ","price":17.64},{"type":"U","date":"2018-04-16T01:35:33.000Z","volume":2000,"label":" ","price":17.64},{"type":"A","date":"2018-04-16T01:35:55.000Z","volume":2000,"label":" ","price":17.66},{"type":"A","date":"2018-04-16T01:35:59.000Z","volume":4000,"label":" ","price":17.64},{"type":"A","date":"2018-04-16T01:35:59.000Z","volume":2000,"label":" ","price":17.64},{"type":"A","date":"2018-04-16T01:36:07.000Z","volume":4000,"label":" ","price":17.66},{"type":"A","date":"2018-04-16T01:36:11.000Z","volume":2000,"label":" ","price":17.66},{"type":"B","date":"2018-04-16T01:36:13.000Z","volume":2000,"label":" ","price":17.62},{"type":"A","date":"2018-04-16T01:36:14.000Z","volume":20000,"label":" ","price":17.66},{"type":"A","date":"2018-04-16T01:36:15.000Z","volume":10000,"label":" ","price":17.66},{"type":"B","date":"2018-04-16T01:36:17.000Z","volume":6000,"label":" ","price":17.64},{"type":"A","date":"2018-04-16T01:36:25.000Z","volume":2000,"label":" ","price":17.64},{"type":"A","date":"2018-04-16T01:36:28.000Z","volume":2000,"label":" ","price":17.64},{"type":"A","date":"2018-04-16T01:36:28.000Z","volume":2000,"label":" ","price":17.64},{"type":"A","date":"2018-04-16T01:36:30.000Z","volume":18000,"label":" ","price":17.66},{"type":"A","date":"2018-04-16T01:36:36.000Z","volume":4000,"label":" ","price":17.66},{"type":"A","date":"2018-04-16T01:36:39.000Z","volume":56000,"label":" ","price":17.66},{"type":"A","date":"2018-04-16T01:36:40.000Z","volume":16000,"label":" ","price":17.68},{"type":"B","date":"2018-04-16T01:36:43.000Z","volume":52000,"label":" ","price":17.66},{"type":"A","date":"2018-04-16T01:36:43.000Z","volume":6000,"label":" ","price":17.64},{"type":"A","date":"2018-04-16T01:36:46.000Z","volume":4000,"label":" ","price":17.64},{"type":"A","date":"2018-04-16T01:36:47.000Z","volume":16000,"label":" ","price":17.64},{"type":"A","date":"2018-04-16T01:36:52.000Z","volume":4000,"label":" ","price":17.64},{"type":"A","date":"2018-04-16T01:36:53.000Z","volume":62000,"label":" ","price":17.64},{"type":"A","date":"2018-04-16T01:36:56.000Z","volume":4000,"label":" ","price":17.64},{"type":"A","date":"2018-04-16T01:36:58.000Z","volume":4000,"label":" ","price":17.64},{"type":"B","date":"2018-04-16T01:36:59.000Z","volume":16000,"label":" ","price":17.62},{"type":"A","date":"2018-04-16T01:37:04.000Z","volume":4000,"label":" ","price":17.62},{"type":"A","date":"2018-04-16T01:37:10.000Z","volume":2000,"label":" ","price":17.62},{"type":"B","date":"2018-04-16T01:37:24.000Z","volume":24000,"label":" ","price":17.6},{"type":"B","date":"2018-04-16T01:37:24.000Z","volume":4000,"label":" ","price":17.58},{"type":"B","date":"2018-04-16T01:37:24.000Z","volume":2000,"label":" ","price":17.56},{"type":"A","date":"2018-04-16T01:37:24.000Z","volume":2000,"label":" ","price":17.62},{"type":"A","date":"2018-04-16T01:37:36.000Z","volume":12000,"label":" ","price":17.62},{"type":"A","date":"2018-04-16T01:37:37.000Z","volume":6000,"label":" ","price":17.62},{"type":"B","date":"2018-04-16T01:37:38.000Z","volume":2000,"label":" ","price":17.6},{"type":"U","date":"2018-04-16T01:38:00.000Z","volume":1103,"label":"D","price":17.52},{"type":"B","date":"2018-04-16T01:38:48.000Z","volume":8000,"label":" ","price":17.58},{"type":"B","date":"2018-04-16T01:38:48.000Z","volume":2000,"label":" ","price":17.58},{"type":"A","date":"2018-04-16T01:39:00.000Z","volume":2000,"label":" ","price":17.6},{"type":"U","date":"2018-04-16T01:39:15.000Z","volume":2000,"label":" ","price":17.58},{"type":"B","date":"2018-04-16T01:39:24.000Z","volume":20000,"label":" ","price":17.56},{"type":"A","date":"2018-04-16T01:39:30.000Z","volume":4000,"label":" ","price":17.6},{"type":"B","date":"2018-04-16T01:39:35.000Z","volume":8000,"label":" ","price":17.56},{"type":"A","date":"2018-04-16T01:39:35.000Z","volume":2000,"label":" ","price":17.56},{"type":"B","date":"2018-04-16T01:40:05.000Z","volume":2000,"label":" ","price":17.54},{"type":"B","date":"2018-04-16T01:40:05.000Z","volume":4000,"label":" ","price":17.54},{"type":"B","date":"2018-04-16T01:40:05.000Z","volume":26000,"label":" ","price":17.54},{"type":"A","date":"2018-04-16T01:40:07.000Z","volume":22000,"label":" ","price":17.56},{"type":"B","date":"2018-04-16T01:40:10.000Z","volume":2000,"label":" ","price":17.54},{"type":"B","date":"2018-04-16T01:40:12.000Z","volume":2000,"label":" ","price":17.54},{"type":"A","date":"2018-04-16T01:40:19.000Z","volume":2000,"label":" ","price":17.56},{"type":"B","date":"2018-04-16T01:40:20.000Z","volume":6000,"label":" ","price":17.54},{"type":"B","date":"2018-04-16T01:40:54.000Z","volume":10000,"label":" ","price":17.54},{"type":"B","date":"2018-04-16T01:40:56.000Z","volume":4000,"label":" ","price":17.54},{"type":"B","date":"2018-04-16T01:40:58.000Z","volume":6000,"label":" ","price":17.54},{"type":"B","date":"2018-04-16T01:40:58.000Z","volume":30000,"label":" ","price":17.54},{"type":"B","date":"2018-04-16T01:41:01.000Z","volume":4000,"label":" ","price":17.54},{"type":"B","date":"2018-04-16T01:41:01.000Z","volume":10000,"label":" ","price":17.54},{"type":"B","date":"2018-04-16T01:41:01.000Z","volume":28000,"label":" ","price":17.54},{"type":"B","date":"2018-04-16T01:41:04.000Z","volume":10000,"label":" ","price":17.54},{"type":"B","date":"2018-04-16T01:41:05.000Z","volume":4000,"label":" ","price":17.54},{"type":"B","date":"2018-04-16T01:41:07.000Z","volume":20000,"label":" ","price":17.54},{"type":"B","date":"2018-04-16T01:41:09.000Z","volume":2000,"label":" ","price":17.54},{"type":"B","date":"2018-04-16T01:41:11.000Z","volume":4000,"label":" ","price":17.54},{"type":"B","date":"2018-04-16T01:41:12.000Z","volume":4000,"label":" ","price":17.54},{"type":"A","date":"2018-04-16T01:41:17.000Z","volume":14000,"label":" ","price":17.56},{"type":"B","date":"2018-04-16T01:41:19.000Z","volume":4000,"label":" ","price":17.54},{"type":"B","date":"2018-04-16T01:41:27.000Z","volume":2000,"label":" ","price":17.54},{"type":"B","date":"2018-04-16T01:41:31.000Z","volume":2000,"label":" ","price":17.54},{"type":"B","date":"2018-04-16T01:41:38.000Z","volume":4000,"label":" ","price":17.52},{"type":"B","date":"2018-04-16T01:41:43.000Z","volume":6000,"label":" ","price":17.52},{"type":"B","date":"2018-04-16T01:42:05.000Z","volume":26000,"label":" ","price":17.52},{"type":"B","date":"2018-04-16T01:42:05.000Z","volume":12000,"label":" ","price":17.52},{"type":"B","date":"2018-04-16T01:42:06.000Z","volume":2000,"label":" ","price":17.52},{"type":"B","date":"2018-04-16T01:42:09.000Z","volume":2000,"label":" ","price":17.52},{"type":"B","date":"2018-04-16T01:42:14.000Z","volume":4000,"label":" ","price":17.52},{"type":"B","date":"2018-04-16T01:42:20.000Z","volume":10000,"label":" ","price":17.52},{"type":"B","date":"2018-04-16T01:42:21.000Z","volume":4000,"label":" ","price":17.52},{"type":"B","date":"2018-04-16T01:42:23.000Z","volume":10000,"label":" ","price":17.52},{"type":"B","date":"2018-04-16T01:42:26.000Z","volume":10000,"label":" ","price":17.52},{"type":"B","date":"2018-04-16T01:42:27.000Z","volume":2000,"label":" ","price":17.52},{"type":"B","date":"2018-04-16T01:42:29.000Z","volume":4000,"label":" ","price":17.52},{"type":"B","date":"2018-04-16T01:42:29.000Z","volume":4000,"label":" ","price":17.52},{"type":"B","date":"2018-04-16T01:42:30.000Z","volume":2000,"label":" ","price":17.52},{"type":"B","date":"2018-04-16T01:42:30.000Z","volume":10000,"label":" ","price":17.52},{"type":"B","date":"2018-04-16T01:42:31.000Z","volume":2000,"label":" ","price":17.52},{"type":"B","date":"2018-04-16T01:42:51.000Z","volume":2000,"label":" ","price":17.52},{"type":"A","date":"2018-04-16T01:43:04.000Z","volume":2000,"label":" ","price":17.54},{"type":"B","date":"2018-04-16T01:43:12.000Z","volume":6000,"label":" ","price":17.52},{"type":"B","date":"2018-04-16T01:43:14.000Z","volume":4000,"label":" ","price":17.52},{"type":"B","date":"2018-04-16T01:43:15.000Z","volume":4000,"label":" ","price":17.52},{"type":"A","date":"2018-04-16T01:43:20.000Z","volume":142000,"label":" ","price":17.54},{"type":"B","date":"2018-04-16T01:43:26.000Z","volume":10000,"label":" ","price":17.54},{"type":"A","date":"2018-04-16T01:43:29.000Z","volume":42000,"label":" ","price":17.56},{"type":"B","date":"2018-04-16T01:43:44.000Z","volume":2000,"label":"Y","price":17.56},{"type":"B","date":"2018-04-16T01:43:44.000Z","volume":18000,"label":" ","price":17.56},{"type":"B","date":"2018-04-16T01:43:44.000Z","volume":48000,"label":" ","price":17.54},{"type":"B","date":"2018-04-16T01:43:44.000Z","volume":32000,"label":" ","price":17.52},{"type":"B","date":"2018-04-16T01:43:44.000Z","volume":8000,"label":" ","price":17.5},{"type":"B","date":"2018-04-16T01:43:44.000Z","volume":16000,"label":" ","price":17.5},{"type":"B","date":"2018-04-16T01:43:44.000Z","volume":14000,"label":" ","price":17.52},{"type":"B","date":"2018-04-16T01:43:44.000Z","volume":2000,"label":" ","price":17.5},{"type":"B","date":"2018-04-16T01:43:44.000Z","volume":28000,"label":" ","price":17.52},{"type":"B","date":"2018-04-16T01:43:44.000Z","volume":18000,"label":" ","price":17.52},{"type":"B","date":"2018-04-16T01:43:44.000Z","volume":12000,"label":" ","price":17.52},{"type":"B","date":"2018-04-16T01:43:44.000Z","volume":2000,"label":" ","price":17.5},{"type":"B","date":"2018-04-16T01:43:52.000Z","volume":4000,"label":" ","price":17.5},{"type":"B","date":"2018-04-16T01:44:10.000Z","volume":10000,"label":" ","price":17.5},{"type":"B","date":"2018-04-16T01:44:10.000Z","volume":10000,"label":" ","price":17.5},{"type":"B","date":"2018-04-16T01:44:14.000Z","volume":4000,"label":" ","price":17.5},{"type":"B","date":"2018-04-16T01:44:14.000Z","volume":2000,"label":" ","price":17.5},{"type":"B","date":"2018-04-16T01:44:14.000Z","volume":4000,"label":" ","price":17.5},{"type":"B","date":"2018-04-16T01:44:34.000Z","volume":2000,"label":" ","price":17.5},{"type":"A","date":"2018-04-16T01:44:43.000Z","volume":42000,"label":" ","price":17.54},{"type":"A","date":"2018-04-16T01:44:43.000Z","volume":4000,"label":" ","price":17.54},{"type":"A","date":"2018-04-16T01:45:00.000Z","volume":12000,"label":" ","price":17.54},{"type":"B","date":"2018-04-16T01:45:20.000Z","volume":2000,"label":" ","price":17.56},{"type":"A","date":"2018-04-16T01:45:21.000Z","volume":20000,"label":" ","price":17.58},{"type":"A","date":"2018-04-16T01:45:31.000Z","volume":4000,"label":" ","price":17.58},{"type":"A","date":"2018-04-16T01:45:31.000Z","volume":4000,"label":" ","price":17.58},{"type":"A","date":"2018-04-16T01:45:41.000Z","volume":10000,"label":" ","price":17.58},{"type":"B","date":"2018-04-16T01:45:46.000Z","volume":12000,"label":" ","price":17.58},{"type":"U","date":"2018-04-16T01:46:05.000Z","volume":4000,"label":" ","price":17.58},{"type":"A","date":"2018-04-16T01:46:06.000Z","volume":32000,"label":" ","price":17.6},{"type":"A","date":"2018-04-16T01:46:06.000Z","volume":66000,"label":" ","price":17.6},{"type":"A","date":"2018-04-16T01:46:18.000Z","volume":6000,"label":" ","price":17.64},{"type":"A","date":"2018-04-16T01:46:45.000Z","volume":30000,"label":" ","price":17.62},{"type":"A","date":"2018-04-16T01:46:45.000Z","volume":2000,"label":" ","price":17.62},{"type":"B","date":"2018-04-16T01:46:46.000Z","volume":2000,"label":" ","price":17.6},{"type":"B","date":"2018-04-16T01:46:59.000Z","volume":4000,"label":" ","price":17.6},{"type":"B","date":"2018-04-16T01:47:08.000Z","volume":4000,"label":" ","price":17.62},{"type":"B","date":"2018-04-16T01:47:08.000Z","volume":2000,"label":" ","price":17.6},{"type":"B","date":"2018-04-16T01:47:12.000Z","volume":2000,"label":" ","price":17.6},{"type":"A","date":"2018-04-16T01:47:14.000Z","volume":2000,"label":" ","price":17.6},{"type":"A","date":"2018-04-16T01:47:19.000Z","volume":14000,"label":" ","price":17.6},{"type":"A","date":"2018-04-16T01:47:37.000Z","volume":2000,"label":" ","price":17.64},{"type":"B","date":"2018-04-16T01:47:39.000Z","volume":10000,"label":" ","price":17.6},{"type":"B","date":"2018-04-16T01:47:51.000Z","volume":10000,"label":" ","price":17.62},{"type":"B","date":"2018-04-16T01:47:54.000Z","volume":14000,"label":" ","price":17.62},{"type":"B","date":"2018-04-16T01:48:05.000Z","volume":20000,"label":" ","price":17.62},{"type":"U","date":"2018-04-16T01:48:17.000Z","volume":786,"label":"D","price":17.5},{"type":"U","date":"2018-04-16T01:48:19.000Z","volume":2000,"label":" ","price":17.62},{"type":"A","date":"2018-04-16T01:48:19.000Z","volume":2000,"label":" ","price":17.64},{"type":"B","date":"2018-04-16T01:48:31.000Z","volume":8000,"label":" ","price":17.62},{"type":"B","date":"2018-04-16T01:48:31.000Z","volume":36000,"label":" ","price":17.6},{"type":"B","date":"2018-04-16T01:48:38.000Z","volume":2000,"label":" ","price":17.56},{"type":"B","date":"2018-04-16T01:48:59.000Z","volume":2000,"label":" ","price":17.56},{"type":"B","date":"2018-04-16T01:49:02.000Z","volume":4000,"label":" ","price":17.56},{"type":"B","date":"2018-04-16T01:49:03.000Z","volume":4000,"label":" ","price":17.56},{"type":"U","date":"2018-04-16T01:49:07.000Z","volume":299,"label":"D","price":17.5},{"type":"A","date":"2018-04-16T01:49:10.000Z","volume":10000,"label":" ","price":17.58},{"type":"A","date":"2018-04-16T01:49:20.000Z","volume":2000,"label":" ","price":17.58},{"type":"B","date":"2018-04-16T01:49:44.000Z","volume":2000,"label":" ","price":17.56},{"type":"B","date":"2018-04-16T01:50:26.000Z","volume":2000,"label":"Y","price":17.56},{"type":"B","date":"2018-04-16T01:50:50.000Z","volume":10000,"label":" ","price":17.56},{"type":"B","date":"2018-04-16T01:51:24.000Z","volume":4000,"label":" ","price":17.56},{"type":"B","date":"2018-04-16T01:51:28.000Z","volume":4000,"label":" ","price":17.56},{"type":"B","date":"2018-04-16T01:51:28.000Z","volume":46000,"label":" ","price":17.54},{"type":"U","date":"2018-04-16T01:51:30.000Z","volume":2000,"label":" ","price":17.56},{"type":"A","date":"2018-04-16T01:51:30.000Z","volume":14000,"label":"Y","price":17.56},{"type":"A","date":"2018-04-16T01:51:30.000Z","volume":2000,"label":" ","price":17.56},{"type":"A","date":"2018-04-16T01:51:38.000Z","volume":4000,"label":"Y","price":17.56},{"type":"A","date":"2018-04-16T01:51:45.000Z","volume":2000,"label":" ","price":17.56},{"type":"B","date":"2018-04-16T01:51:49.000Z","volume":50000,"label":" ","price":17.54},{"type":"B","date":"2018-04-16T01:51:50.000Z","volume":6000,"label":" ","price":17.54},{"type":"A","date":"2018-04-16T01:51:53.000Z","volume":4000,"label":"Y","price":17.56},{"type":"A","date":"2018-04-16T01:51:53.000Z","volume":14000,"label":" ","price":17.56},{"type":"A","date":"2018-04-16T01:52:00.000Z","volume":4000,"label":"Y","price":17.56},{"type":"A","date":"2018-04-16T01:52:07.000Z","volume":36000,"label":" ","price":17.56},{"type":"A","date":"2018-04-16T01:52:07.000Z","volume":12000,"label":" ","price":17.58},{"type":"A","date":"2018-04-16T01:52:08.000Z","volume":16000,"label":" ","price":17.6},{"type":"A","date":"2018-04-16T01:52:15.000Z","volume":6000,"label":" ","price":17.6},{"type":"B","date":"2018-04-16T01:52:30.000Z","volume":2000,"label":" ","price":17.58},{"type":"A","date":"2018-04-16T01:52:38.000Z","volume":2000,"label":" ","price":17.6},{"type":"B","date":"2018-04-16T01:52:50.000Z","volume":2000,"label":" ","price":17.58},{"type":"A","date":"2018-04-16T01:52:53.000Z","volume":2000,"label":" ","price":17.6},{"type":"A","date":"2018-04-16T01:53:00.000Z","volume":2000,"label":"Y","price":17.6},{"type":"B","date":"2018-04-16T01:53:19.000Z","volume":2000,"label":" ","price":17.56},{"type":"A","date":"2018-04-16T01:53:21.000Z","volume":12000,"label":" ","price":17.6},{"type":"B","date":"2018-04-16T01:53:50.000Z","volume":24000,"label":" ","price":17.6},{"type":"B","date":"2018-04-16T01:53:51.000Z","volume":2000,"label":" ","price":17.6},{"type":"A","date":"2018-04-16T01:53:53.000Z","volume":6000,"label":" ","price":17.62},{"type":"B","date":"2018-04-16T01:53:56.000Z","volume":2000,"label":" ","price":17.6},{"type":"B","date":"2018-04-16T01:53:59.000Z","volume":2000,"label":" ","price":17.6},{"type":"A","date":"2018-04-16T01:54:26.000Z","volume":36000,"label":" ","price":17.6},{"type":"B","date":"2018-04-16T01:54:28.000Z","volume":4000,"label":" ","price":17.6},{"type":"A","date":"2018-04-16T01:54:31.000Z","volume":8000,"label":" ","price":17.6},{"type":"A","date":"2018-04-16T01:54:38.000Z","volume":4000,"label":" ","price":17.6},{"type":"A","date":"2018-04-16T01:54:43.000Z","volume":8000,"label":" ","price":17.58},{"type":"B","date":"2018-04-16T01:54:44.000Z","volume":6000,"label":" ","price":17.56},{"type":"A","date":"2018-04-16T01:54:46.000Z","volume":2000,"label":" ","price":17.58},{"type":"A","date":"2018-04-16T01:54:53.000Z","volume":2000,"label":" ","price":17.58},{"type":"A","date":"2018-04-16T01:55:00.000Z","volume":2000,"label":" ","price":17.58},{"type":"A","date":"2018-04-16T01:55:04.000Z","volume":2000,"label":" ","price":17.58},{"type":"A","date":"2018-04-16T01:55:05.000Z","volume":20000,"label":" ","price":17.58},{"type":"A","date":"2018-04-16T01:55:05.000Z","volume":2000,"label":" ","price":17.58},{"type":"A","date":"2018-04-16T01:55:08.000Z","volume":6000,"label":"Y","price":17.58},{"type":"A","date":"2018-04-16T01:55:10.000Z","volume":8000,"label":" ","price":17.58},{"type":"A","date":"2018-04-16T01:55:16.000Z","volume":4000,"label":" ","price":17.6},{"type":"A","date":"2018-04-16T01:55:20.000Z","volume":10000,"label":" ","price":17.6},{"type":"A","date":"2018-04-16T01:55:20.000Z","volume":2000,"label":" ","price":17.6},{"type":"A","date":"2018-04-16T01:55:23.000Z","volume":4000,"label":" ","price":17.6},{"type":"A","date":"2018-04-16T01:55:29.000Z","volume":4000,"label":" ","price":17.6},{"type":"A","date":"2018-04-16T01:55:29.000Z","volume":8000,"label":" ","price":17.6},{"type":"A","date":"2018-04-16T01:55:31.000Z","volume":6000,"label":" ","price":17.62},{"type":"A","date":"2018-04-16T01:55:38.000Z","volume":2000,"label":" ","price":17.62},{"type":"B","date":"2018-04-16T01:55:41.000Z","volume":2000,"label":" ","price":17.6},{"type":"B","date":"2018-04-16T01:56:00.000Z","volume":10000,"label":" ","price":17.6},{"type":"A","date":"2018-04-16T01:56:01.000Z","volume":4000,"label":" ","price":17.62},{"type":"B","date":"2018-04-16T01:56:05.000Z","volume":6000,"label":" ","price":17.6},{"type":"B","date":"2018-04-16T01:56:09.000Z","volume":10000,"label":" ","price":17.6},{"type":"B","date":"2018-04-16T01:56:13.000Z","volume":2000,"label":" ","price":17.6},{"type":"A","date":"2018-04-16T01:56:16.000Z","volume":2000,"label":" ","price":17.62},{"type":"A","date":"2018-04-16T01:56:22.000Z","volume":16000,"label":" ","price":17.62},{"type":"B","date":"2018-04-16T01:56:22.000Z","volume":14000,"label":" ","price":17.62},{"type":"A","date":"2018-04-16T01:56:23.000Z","volume":10000,"label":" ","price":17.62},{"type":"B","date":"2018-04-16T01:56:30.000Z","volume":20000,"label":"Y","price":17.6},{"type":"B","date":"2018-04-16T01:56:30.000Z","volume":10000,"label":" ","price":17.6},{"type":"A","date":"2018-04-16T01:56:31.000Z","volume":12000,"label":" ","price":17.62},{"type":"A","date":"2018-04-16T01:56:35.000Z","volume":36000,"label":" ","price":17.62},{"type":"A","date":"2018-04-16T01:56:38.000Z","volume":14000,"label":" ","price":17.64},{"type":"A","date":"2018-04-16T01:56:46.000Z","volume":4000,"label":" ","price":17.64},{"type":"A","date":"2018-04-16T01:56:54.000Z","volume":2000,"label":" ","price":17.64},{"type":"B","date":"2018-04-16T01:57:00.000Z","volume":2000,"label":" ","price":17.62},{"type":"A","date":"2018-04-16T01:57:03.000Z","volume":2000,"label":" ","price":17.64},{"type":"A","date":"2018-04-16T01:57:05.000Z","volume":8000,"label":" ","price":17.64},{"type":"A","date":"2018-04-16T01:57:09.000Z","volume":4000,"label":"Y","price":17.64},{"type":"A","date":"2018-04-16T01:57:17.000Z","volume":12000,"label":" ","price":17.64},{"type":"A","date":"2018-04-16T01:57:24.000Z","volume":6000,"label":" ","price":17.66},{"type":"A","date":"2018-04-16T01:57:24.000Z","volume":2000,"label":" ","price":17.66},{"type":"B","date":"2018-04-16T01:57:28.000Z","volume":10000,"label":" ","price":17.64},{"type":"B","date":"2018-04-16T01:57:29.000Z","volume":18000,"label":" ","price":17.64},{"type":"B","date":"2018-04-16T01:57:29.000Z","volume":12000,"label":" ","price":17.62},{"type":"A","date":"2018-04-16T01:57:31.000Z","volume":4000,"label":" ","price":17.66},{"type":"B","date":"2018-04-16T01:57:32.000Z","volume":20000,"label":" ","price":17.62},{"type":"A","date":"2018-04-16T01:57:32.000Z","volume":4000,"label":" ","price":17.62},{"type":"A","date":"2018-04-16T01:57:35.000Z","volume":34000,"label":" ","price":17.64},{"type":"A","date":"2018-04-16T01:57:39.000Z","volume":10000,"label":" ","price":17.66},{"type":"B","date":"2018-04-16T01:57:40.000Z","volume":4000,"label":" ","price":17.64},{"type":"B","date":"2018-04-16T01:57:40.000Z","volume":6000,"label":" ","price":17.64},{"type":"A","date":"2018-04-16T01:57:46.000Z","volume":6000,"label":" ","price":17.66},{"type":"B","date":"2018-04-16T01:57:48.000Z","volume":4000,"label":" ","price":17.64},{"type":"A","date":"2018-04-16T01:57:56.000Z","volume":2000,"label":" ","price":17.64},{"type":"A","date":"2018-04-16T01:58:15.000Z","volume":8000,"label":" ","price":17.64},{"type":"B","date":"2018-04-16T01:58:40.000Z","volume":40000,"label":" ","price":17.62},{"type":"B","date":"2018-04-16T01:58:48.000Z","volume":20000,"label":" ","price":17.6},{"type":"B","date":"2018-04-16T01:58:50.000Z","volume":30000,"label":" ","price":17.58},{"type":"B","date":"2018-04-16T01:58:50.000Z","volume":18000,"label":" ","price":17.58},{"type":"A","date":"2018-04-16T01:58:57.000Z","volume":2000,"label":" ","price":17.58},{"type":"A","date":"2018-04-16T01:58:58.000Z","volume":20000,"label":" ","price":17.58},{"type":"B","date":"2018-04-16T01:59:02.000Z","volume":2000,"label":" ","price":17.56},{"type":"A","date":"2018-04-16T01:59:39.000Z","volume":2000,"label":" ","price":17.56},{"type":"A","date":"2018-04-16T01:59:43.000Z","volume":2000,"label":" ","price":17.56},{"type":"B","date":"2018-04-16T01:59:49.000Z","volume":8000,"label":" ","price":17.54},{"type":"B","date":"2018-04-16T01:59:58.000Z","volume":4000,"label":" ","price":17.52},{"type":"B","date":"2018-04-16T02:00:20.000Z","volume":6000,"label":" ","price":17.52},{"type":"B","date":"2018-04-16T02:00:20.000Z","volume":14000,"label":" ","price":17.5},{"type":"A","date":"2018-04-16T02:00:24.000Z","volume":4000,"label":" ","price":17.5},{"type":"A","date":"2018-04-16T02:00:26.000Z","volume":6000,"label":" ","price":17.5},{"type":"B","date":"2018-04-16T02:00:34.000Z","volume":12000,"label":" ","price":17.48},{"type":"A","date":"2018-04-16T02:00:42.000Z","volume":100000,"label":" ","price":17.5},{"type":"A","date":"2018-04-16T02:00:42.000Z","volume":2000,"label":" ","price":17.5},{"type":"B","date":"2018-04-16T02:00:46.000Z","volume":2000,"label":" ","price":17.48},{"type":"B","date":"2018-04-16T02:00:48.000Z","volume":16000,"label":" ","price":17.48},{"type":"B","date":"2018-04-16T02:00:49.000Z","volume":4000,"label":" ","price":17.46},{"type":"B","date":"2018-04-16T02:00:55.000Z","volume":4000,"label":" ","price":17.42},{"type":"A","date":"2018-04-16T02:01:04.000Z","volume":8000,"label":" ","price":17.42},{"type":"A","date":"2018-04-16T02:01:04.000Z","volume":46000,"label":" ","price":17.42},{"type":"A","date":"2018-04-16T02:01:04.000Z","volume":10000,"label":"Y","price":17.42},{"type":"A","date":"2018-04-16T02:01:04.000Z","volume":2000,"label":" ","price":17.42},{"type":"A","date":"2018-04-16T02:01:23.000Z","volume":2000,"label":" ","price":17.48},{"type":"A","date":"2018-04-16T02:01:50.000Z","volume":2000,"label":" ","price":17.48},{"type":"B","date":"2018-04-16T02:01:51.000Z","volume":18000,"label":" ","price":17.42},{"type":"B","date":"2018-04-16T02:01:51.000Z","volume":4000,"label":" ","price":17.4},{"type":"B","date":"2018-04-16T02:01:51.000Z","volume":22000,"label":" ","price":17.4},{"type":"A","date":"2018-04-16T02:01:59.000Z","volume":50000,"label":" ","price":17.42},{"type":"A","date":"2018-04-16T02:01:59.000Z","volume":4000,"label":" ","price":17.42},{"type":"B","date":"2018-04-16T02:01:59.000Z","volume":4000,"label":" ","price":17.4},{"type":"B","date":"2018-04-16T02:02:01.000Z","volume":4000,"label":" ","price":17.38},{"type":"B","date":"2018-04-16T02:02:01.000Z","volume":2000,"label":" ","price":17.38},{"type":"A","date":"2018-04-16T02:02:06.000Z","volume":2000,"label":" ","price":17.44},{"type":"U","date":"2018-04-16T02:02:15.000Z","volume":20000,"label":" ","price":17.4},{"type":"B","date":"2018-04-16T02:02:29.000Z","volume":2000,"label":" ","price":17.36},{"type":"U","date":"2018-04-16T02:02:48.000Z","volume":2000,"label":" ","price":17.38},{"type":"U","date":"2018-04-16T02:02:49.000Z","volume":2000,"label":" ","price":17.4},{"type":"B","date":"2018-04-16T02:02:58.000Z","volume":8000,"label":" ","price":17.4},{"type":"B","date":"2018-04-16T02:02:58.000Z","volume":10000,"label":" ","price":17.38},{"type":"B","date":"2018-04-16T02:02:59.000Z","volume":12000,"label":" ","price":17.38},{"type":"B","date":"2018-04-16T02:02:59.000Z","volume":8000,"label":" ","price":17.38},{"type":"B","date":"2018-04-16T02:02:59.000Z","volume":12000,"label":" ","price":17.38},{"type":"B","date":"2018-04-16T02:03:01.000Z","volume":10000,"label":" ","price":17.36},{"type":"B","date":"2018-04-16T02:03:01.000Z","volume":12000,"label":" ","price":17.36},{"type":"B","date":"2018-04-16T02:03:03.000Z","volume":4000,"label":" ","price":17.34},{"type":"B","date":"2018-04-16T02:03:24.000Z","volume":4000,"label":" ","price":17.32},{"type":"B","date":"2018-04-16T02:03:24.000Z","volume":2000,"label":" ","price":17.32},{"type":"B","date":"2018-04-16T02:03:24.000Z","volume":2000,"label":" ","price":17.32},{"type":"B","date":"2018-04-16T02:03:24.000Z","volume":8000,"label":" ","price":17.32},{"type":"A","date":"2018-04-16T02:03:24.000Z","volume":6000,"label":" ","price":17.42},{"type":"A","date":"2018-04-16T02:04:34.000Z","volume":2000,"label":" ","price":17.4},{"type":"A","date":"2018-04-16T02:04:36.000Z","volume":24000,"label":" ","price":17.4},{"type":"A","date":"2018-04-16T02:04:37.000Z","volume":2000,"label":" ","price":17.4},{"type":"A","date":"2018-04-16T02:04:54.000Z","volume":2000,"label":" ","price":17.4},{"type":"A","date":"2018-04-16T02:05:16.000Z","volume":4000,"label":" ","price":17.4},{"type":"A","date":"2018-04-16T02:05:20.000Z","volume":6000,"label":" ","price":17.4},{"type":"A","date":"2018-04-16T02:05:23.000Z","volume":6000,"label":" ","price":17.4},{"type":"A","date":"2018-04-16T02:05:26.000Z","volume":60000,"label":" ","price":17.4},{"type":"A","date":"2018-04-16T02:05:27.000Z","volume":2000,"label":" ","price":17.42},{"type":"A","date":"2018-04-16T02:05:41.000Z","volume":4000,"label":" ","price":17.42},{"type":"A","date":"2018-04-16T02:05:41.000Z","volume":6000,"label":" ","price":17.42},{"type":"A","date":"2018-04-16T02:05:49.000Z","volume":12000,"label":" ","price":17.42},{"type":"A","date":"2018-04-16T02:05:54.000Z","volume":2000,"label":"Y","price":17.46},{"type":"B","date":"2018-04-16T02:05:55.000Z","volume":4000,"label":" ","price":17.42},{"type":"B","date":"2018-04-16T02:05:55.000Z","volume":10000,"label":" ","price":17.4},{"type":"B","date":"2018-04-16T02:05:57.000Z","volume":2000,"label":" ","price":17.4},{"type":"A","date":"2018-04-16T02:06:21.000Z","volume":2000,"label":" ","price":17.46},{"type":"B","date":"2018-04-16T02:06:28.000Z","volume":10000,"label":" ","price":17.42},{"type":"A","date":"2018-04-16T02:06:32.000Z","volume":2000,"label":" ","price":17.46},{"type":"A","date":"2018-04-16T02:07:08.000Z","volume":8000,"label":" ","price":17.46},{"type":"B","date":"2018-04-16T02:07:17.000Z","volume":2000,"label":" ","price":17.44},{"type":"A","date":"2018-04-16T02:07:23.000Z","volume":2000,"label":" ","price":17.46},{"type":"A","date":"2018-04-16T02:07:32.000Z","volume":6000,"label":" ","price":17.46},{"type":"A","date":"2018-04-16T02:07:34.000Z","volume":6000,"label":" ","price":17.46},{"type":"B","date":"2018-04-16T02:07:34.000Z","volume":4000,"label":" ","price":17.44},{"type":"B","date":"2018-04-16T02:07:34.000Z","volume":6000,"label":" ","price":17.42},{"type":"A","date":"2018-04-16T02:08:08.000Z","volume":2000,"label":"Y","price":17.44},{"type":"A","date":"2018-04-16T02:08:29.000Z","volume":2000,"label":" ","price":17.44},{"type":"A","date":"2018-04-16T02:08:39.000Z","volume":16000,"label":" ","price":17.44},{"type":"A","date":"2018-04-16T02:08:39.000Z","volume":4000,"label":" ","price":17.44},{"type":"B","date":"2018-04-16T02:08:51.000Z","volume":12000,"label":" ","price":17.42},{"type":"A","date":"2018-04-16T02:08:51.000Z","volume":2000,"label":" ","price":17.44},{"type":"B","date":"2018-04-16T02:09:14.000Z","volume":6000,"label":" ","price":17.42},{"type":"A","date":"2018-04-16T02:09:38.000Z","volume":2000,"label":" ","price":17.42},{"type":"A","date":"2018-04-16T02:10:51.000Z","volume":4000,"label":" ","price":17.42},{"type":"A","date":"2018-04-16T02:11:01.000Z","volume":16000,"label":" ","price":17.42},{"type":"A","date":"2018-04-16T02:11:05.000Z","volume":2000,"label":" ","price":17.46},{"type":"A","date":"2018-04-16T02:11:21.000Z","volume":40000,"label":" ","price":17.46},{"type":"A","date":"2018-04-16T02:11:21.000Z","volume":4000,"label":" ","price":17.46},{"type":"A","date":"2018-04-16T02:11:22.000Z","volume":2000,"label":" ","price":17.46},{"type":"A","date":"2018-04-16T02:11:32.000Z","volume":2000,"label":" ","price":17.46},{"type":"A","date":"2018-04-16T02:11:45.000Z","volume":10000,"label":" ","price":17.46},{"type":"A","date":"2018-04-16T02:12:06.000Z","volume":6000,"label":" ","price":17.46},{"type":"B","date":"2018-04-16T02:12:16.000Z","volume":2000,"label":" ","price":17.46},{"type":"A","date":"2018-04-16T02:12:16.000Z","volume":2000,"label":" ","price":17.48},{"type":"B","date":"2018-04-16T02:12:31.000Z","volume":2000,"label":" ","price":17.46},{"type":"A","date":"2018-04-16T02:12:47.000Z","volume":2000,"label":" ","price":17.48},{"type":"A","date":"2018-04-16T02:12:53.000Z","volume":2000,"label":" ","price":17.48},{"type":"B","date":"2018-04-16T02:13:25.000Z","volume":2000,"label":" ","price":17.48},{"type":"A","date":"2018-04-16T02:13:36.000Z","volume":2000,"label":" ","price":17.5},{"type":"B","date":"2018-04-16T02:13:53.000Z","volume":2000,"label":" ","price":17.48},{"type":"A","date":"2018-04-16T02:14:31.000Z","volume":2000,"label":" ","price":17.5},{"type":"A","date":"2018-04-16T02:14:54.000Z","volume":6000,"label":" ","price":17.5},{"type":"B","date":"2018-04-16T02:14:58.000Z","volume":4000,"label":" ","price":17.48},{"type":"B","date":"2018-04-16T02:15:24.000Z","volume":2000,"label":" ","price":17.46},{"type":"B","date":"2018-04-16T02:15:42.000Z","volume":8000,"label":" ","price":17.46},{"type":"B","date":"2018-04-16T02:15:59.000Z","volume":50000,"label":" ","price":17.44},{"type":"B","date":"2018-04-16T02:16:02.000Z","volume":38000,"label":" ","price":17.44},{"type":"A","date":"2018-04-16T02:16:21.000Z","volume":16000,"label":" ","price":17.46},{"type":"B","date":"2018-04-16T02:17:10.000Z","volume":4000,"label":" ","price":17.46},{"type":"B","date":"2018-04-16T02:17:17.000Z","volume":2000,"label":" ","price":17.46},{"type":"B","date":"2018-04-16T02:17:33.000Z","volume":2000,"label":" ","price":17.46},{"type":"A","date":"2018-04-16T02:18:50.000Z","volume":8000,"label":" ","price":17.48},{"type":"B","date":"2018-04-16T02:18:51.000Z","volume":2000,"label":" ","price":17.46},{"type":"A","date":"2018-04-16T02:19:02.000Z","volume":34000,"label":" ","price":17.48},{"type":"A","date":"2018-04-16T02:19:06.000Z","volume":2000,"label":" ","price":17.48},{"type":"A","date":"2018-04-16T02:19:51.000Z","volume":2000,"label":" ","price":17.48},{"type":"B","date":"2018-04-16T02:21:01.000Z","volume":14000,"label":" ","price":17.46},{"type":"A","date":"2018-04-16T02:21:36.000Z","volume":2000,"label":" ","price":17.48},{"type":"A","date":"2018-04-16T02:21:43.000Z","volume":42000,"label":" ","price":17.48},{"type":"A","date":"2018-04-16T02:21:48.000Z","volume":6000,"label":" ","price":17.48},{"type":"A","date":"2018-04-16T02:21:50.000Z","volume":10000,"label":" ","price":17.48},{"type":"B","date":"2018-04-16T02:21:53.000Z","volume":2000,"label":" ","price":17.46},{"type":"B","date":"2018-04-16T02:21:58.000Z","volume":2000,"label":" ","price":17.46},{"type":"A","date":"2018-04-16T02:22:23.000Z","volume":8000,"label":" ","price":17.48},{"type":"B","date":"2018-04-16T02:23:03.000Z","volume":196000,"label":" ","price":17.44},{"type":"B","date":"2018-04-16T02:23:03.000Z","volume":90000,"label":" ","price":17.42},{"type":"B","date":"2018-04-16T02:23:03.000Z","volume":18000,"label":" ","price":17.4},{"type":"B","date":"2018-04-16T02:23:03.000Z","volume":4000,"label":" ","price":17.38},{"type":"B","date":"2018-04-16T02:23:03.000Z","volume":6000,"label":" ","price":17.34},{"type":"B","date":"2018-04-16T02:23:03.000Z","volume":16000,"label":" ","price":17.32},{"type":"B","date":"2018-04-16T02:23:03.000Z","volume":14000,"label":" ","price":17.3},{"type":"B","date":"2018-04-16T02:23:03.000Z","volume":6000,"label":" ","price":17.28},{"type":"U","date":"2018-04-16T02:23:03.000Z","volume":2000,"label":" ","price":17.42},{"type":"A","date":"2018-04-16T02:23:04.000Z","volume":2000,"label":" ","price":17.42},{"type":"U","date":"2018-04-16T02:23:09.000Z","volume":2000,"label":"X","price":17.38},{"type":"A","date":"2018-04-16T02:23:09.000Z","volume":4000,"label":" ","price":17.38},{"type":"B","date":"2018-04-16T02:23:12.000Z","volume":6000,"label":" ","price":17.36},{"type":"B","date":"2018-04-16T02:23:12.000Z","volume":2000,"label":" ","price":17.34},{"type":"B","date":"2018-04-16T02:23:18.000Z","volume":4000,"label":" ","price":17.34},{"type":"U","date":"2018-04-16T02:23:50.000Z","volume":4000,"label":" ","price":17.32},{"type":"B","date":"2018-04-16T02:23:50.000Z","volume":4000,"label":" ","price":17.28},{"type":"B","date":"2018-04-16T02:24:40.000Z","volume":4000,"label":" ","price":17.28},{"type":"B","date":"2018-04-16T02:24:40.000Z","volume":2000,"label":" ","price":17.28},{"type":"B","date":"2018-04-16T02:24:40.000Z","volume":2000,"label":" ","price":17.28},{"type":"A","date":"2018-04-16T02:24:53.000Z","volume":10000,"label":" ","price":17.34},{"type":"A","date":"2018-04-16T02:25:19.000Z","volume":84000,"label":" ","price":17.34},{"type":"A","date":"2018-04-16T02:25:32.000Z","volume":2000,"label":" ","price":17.4},{"type":"B","date":"2018-04-16T02:26:17.000Z","volume":2000,"label":" ","price":17.38},{"type":"A","date":"2018-04-16T02:26:24.000Z","volume":2000,"label":" ","price":17.4},{"type":"A","date":"2018-04-16T02:26:40.000Z","volume":2000,"label":" ","price":17.4},{"type":"A","date":"2018-04-16T02:26:50.000Z","volume":4000,"label":" ","price":17.4},{"type":"A","date":"2018-04-16T02:27:12.000Z","volume":6000,"label":" ","price":17.4},{"type":"A","date":"2018-04-16T02:27:22.000Z","volume":2000,"label":" ","price":17.4},{"type":"A","date":"2018-04-16T02:27:38.000Z","volume":40000,"label":" ","price":17.4},{"type":"U","date":"2018-04-16T02:27:38.000Z","volume":2000,"label":"X","price":17.4},{"type":"A","date":"2018-04-16T02:27:41.000Z","volume":2000,"label":" ","price":17.4},{"type":"U","date":"2018-04-16T02:27:43.000Z","volume":2000,"label":"X","price":17.4},{"type":"A","date":"2018-04-16T02:27:58.000Z","volume":2000,"label":" ","price":17.4},{"type":"A","date":"2018-04-16T02:28:03.000Z","volume":4000,"label":" ","price":17.4},{"type":"A","date":"2018-04-16T02:28:22.000Z","volume":6000,"label":" ","price":17.4},{"type":"B","date":"2018-04-16T02:28:25.000Z","volume":4000,"label":" ","price":17.4},{"type":"B","date":"2018-04-16T02:28:25.000Z","volume":12000,"label":" ","price":17.38},{"type":"A","date":"2018-04-16T02:28:25.000Z","volume":4000,"label":" ","price":17.38},{"type":"A","date":"2018-04-16T02:29:04.000Z","volume":2000,"label":" ","price":17.44},{"type":"B","date":"2018-04-16T02:29:17.000Z","volume":24000,"label":" ","price":17.36},{"type":"A","date":"2018-04-16T02:30:03.000Z","volume":2000,"label":" ","price":17.38},{"type":"B","date":"2018-04-16T02:30:34.000Z","volume":2000,"label":" ","price":17.36},{"type":"A","date":"2018-04-16T02:31:22.000Z","volume":2000,"label":" ","price":17.38},{"type":"A","date":"2018-04-16T02:31:22.000Z","volume":2000,"label":" ","price":17.38},{"type":"U","date":"2018-04-16T02:31:22.000Z","volume":2000,"label":"X","price":17.38},{"type":"A","date":"2018-04-16T02:31:38.000Z","volume":10000,"label":" ","price":17.38},{"type":"A","date":"2018-04-16T02:31:58.000Z","volume":2000,"label":" ","price":17.38},{"type":"B","date":"2018-04-16T02:32:32.000Z","volume":26000,"label":" ","price":17.36},{"type":"A","date":"2018-04-16T02:33:34.000Z","volume":10000,"label":" ","price":17.38},{"type":"B","date":"2018-04-16T02:34:56.000Z","volume":12000,"label":" ","price":17.34},{"type":"B","date":"2018-04-16T02:34:56.000Z","volume":2000,"label":"Y","price":17.34},{"type":"B","date":"2018-04-16T02:34:56.000Z","volume":16000,"label":" ","price":17.34},{"type":"B","date":"2018-04-16T02:35:13.000Z","volume":4000,"label":" ","price":17.32},{"type":"B","date":"2018-04-16T02:35:30.000Z","volume":10000,"label":" ","price":17.3},{"type":"B","date":"2018-04-16T02:35:33.000Z","volume":2000,"label":" ","price":17.32},{"type":"B","date":"2018-04-16T02:35:33.000Z","volume":8000,"label":" ","price":17.3},{"type":"A","date":"2018-04-16T02:35:39.000Z","volume":2000,"label":" ","price":17.3},{"type":"A","date":"2018-04-16T02:35:51.000Z","volume":34000,"label":" ","price":17.3},{"type":"B","date":"2018-04-16T02:36:23.000Z","volume":10000,"label":" ","price":17.3},{"type":"B","date":"2018-04-16T02:36:38.000Z","volume":2000,"label":" ","price":17.3},{"type":"B","date":"2018-04-16T02:37:45.000Z","volume":8000,"label":" ","price":17.3},{"type":"U","date":"2018-04-16T02:37:45.000Z","volume":2000,"label":"X","price":17.3},{"type":"A","date":"2018-04-16T02:38:46.000Z","volume":2000,"label":" ","price":17.3},{"type":"B","date":"2018-04-16T02:39:10.000Z","volume":30000,"label":"Y","price":17.28},{"type":"B","date":"2018-04-16T02:39:10.000Z","volume":30000,"label":" ","price":17.28},{"type":"B","date":"2018-04-16T02:39:51.000Z","volume":2000,"label":" ","price":17.26},{"type":"B","date":"2018-04-16T02:39:52.000Z","volume":2000,"label":" ","price":17.26},{"type":"A","date":"2018-04-16T02:39:57.000Z","volume":2000,"label":" ","price":17.24},{"type":"B","date":"2018-04-16T02:40:08.000Z","volume":14000,"label":" ","price":17.22},{"type":"A","date":"2018-04-16T02:40:10.000Z","volume":16000,"label":" ","price":17.24},{"type":"B","date":"2018-04-16T02:40:26.000Z","volume":30000,"label":" ","price":17.2},{"type":"B","date":"2018-04-16T02:41:14.000Z","volume":4000,"label":" ","price":17.2},{"type":"B","date":"2018-04-16T02:41:14.000Z","volume":18000,"label":" ","price":17.2},{"type":"B","date":"2018-04-16T02:41:38.000Z","volume":2000,"label":" ","price":17.18},{"type":"A","date":"2018-04-16T02:41:44.000Z","volume":2000,"label":" ","price":17.22},{"type":"B","date":"2018-04-16T02:41:51.000Z","volume":2000,"label":" ","price":17.2},{"type":"A","date":"2018-04-16T02:42:01.000Z","volume":2000,"label":" ","price":17.22},{"type":"B","date":"2018-04-16T02:42:12.000Z","volume":2000,"label":" ","price":17.2},{"type":"A","date":"2018-04-16T02:42:53.000Z","volume":4000,"label":" ","price":17.22},{"type":"A","date":"2018-04-16T02:42:59.000Z","volume":2000,"label":" ","price":17.22},{"type":"A","date":"2018-04-16T02:43:18.000Z","volume":32000,"label":" ","price":17.22},{"type":"A","date":"2018-04-16T02:44:45.000Z","volume":2000,"label":" ","price":17.24},{"type":"A","date":"2018-04-16T02:45:55.000Z","volume":20000,"label":" ","price":17.24},{"type":"A","date":"2018-04-16T02:46:07.000Z","volume":28000,"label":" ","price":17.24},{"type":"B","date":"2018-04-16T02:46:15.000Z","volume":4000,"label":" ","price":17.24},{"type":"B","date":"2018-04-16T02:47:14.000Z","volume":40000,"label":" ","price":17.22},{"type":"A","date":"2018-04-16T02:48:03.000Z","volume":4000,"label":" ","price":17.26},{"type":"B","date":"2018-04-16T02:48:15.000Z","volume":28000,"label":" ","price":17.2},{"type":"B","date":"2018-04-16T02:49:12.000Z","volume":2000,"label":" ","price":17.22},{"type":"B","date":"2018-04-16T02:49:14.000Z","volume":4000,"label":" ","price":17.22},{"type":"U","date":"2018-04-16T02:49:15.000Z","volume":2000,"label":"X","price":17.22},{"type":"B","date":"2018-04-16T02:49:19.000Z","volume":2000,"label":" ","price":17.2},{"type":"B","date":"2018-04-16T02:49:26.000Z","volume":20000,"label":" ","price":17.2},{"type":"B","date":"2018-04-16T02:49:26.000Z","volume":20000,"label":" ","price":17.2},{"type":"U","date":"2018-04-16T02:49:47.000Z","volume":250,"label":"D","price":17.1},{"type":"B","date":"2018-04-16T02:50:19.000Z","volume":8000,"label":" ","price":17.18},{"type":"B","date":"2018-04-16T02:50:21.000Z","volume":2000,"label":" ","price":17.18},{"type":"B","date":"2018-04-16T02:50:24.000Z","volume":2000,"label":" ","price":17.18},{"type":"B","date":"2018-04-16T02:50:33.000Z","volume":4000,"label":"Y","price":17.18},{"type":"B","date":"2018-04-16T02:50:33.000Z","volume":2000,"label":" ","price":17.18},{"type":"B","date":"2018-04-16T02:50:33.000Z","volume":8000,"label":" ","price":17.18},{"type":"B","date":"2018-04-16T02:50:47.000Z","volume":2000,"label":" ","price":17.16},{"type":"B","date":"2018-04-16T02:50:47.000Z","volume":2000,"label":" ","price":17.16},{"type":"B","date":"2018-04-16T02:50:48.000Z","volume":2000,"label":" ","price":17.16},{"type":"B","date":"2018-04-16T02:50:58.000Z","volume":10000,"label":" ","price":17.14},{"type":"B","date":"2018-04-16T02:50:58.000Z","volume":46000,"label":"Y","price":17.12},{"type":"B","date":"2018-04-16T02:50:58.000Z","volume":4000,"label":" ","price":17.12},{"type":"B","date":"2018-04-16T02:50:58.000Z","volume":16000,"label":" ","price":17.12},{"type":"B","date":"2018-04-16T02:51:14.000Z","volume":16000,"label":" ","price":17.08},{"type":"B","date":"2018-04-16T02:51:14.000Z","volume":14000,"label":" ","price":17.08},{"type":"B","date":"2018-04-16T02:51:29.000Z","volume":2000,"label":" ","price":17.06},{"type":"B","date":"2018-04-16T02:51:29.000Z","volume":10000,"label":" ","price":17.06},{"type":"U","date":"2018-04-16T02:51:38.000Z","volume":2000,"label":"X","price":17.06},{"type":"U","date":"2018-04-16T02:52:19.000Z","volume":10000,"label":" ","price":17.04},{"type":"B","date":"2018-04-16T02:52:53.000Z","volume":2000,"label":"Y","price":17.02},{"type":"B","date":"2018-04-16T02:52:53.000Z","volume":4000,"label":" ","price":17.02},{"type":"A","date":"2018-04-16T02:52:56.000Z","volume":6000,"label":" ","price":17.04},{"type":"B","date":"2018-04-16T02:53:43.000Z","volume":2000,"label":" ","price":17},{"type":"B","date":"2018-04-16T02:53:47.000Z","volume":2000,"label":" ","price":17},{"type":"B","date":"2018-04-16T02:53:57.000Z","volume":4000,"label":" ","price":17},{"type":"A","date":"2018-04-16T02:54:02.000Z","volume":2000,"label":" ","price":17.02},{"type":"B","date":"2018-04-16T02:54:03.000Z","volume":2000,"label":" ","price":17},{"type":"B","date":"2018-04-16T02:54:03.000Z","volume":38000,"label":" ","price":17},{"type":"U","date":"2018-04-16T02:55:00.000Z","volume":2000,"label":"X","price":17},{"type":"A","date":"2018-04-16T02:55:00.000Z","volume":2000,"label":" ","price":17},{"type":"A","date":"2018-04-16T02:55:47.000Z","volume":2000,"label":" ","price":17},{"type":"B","date":"2018-04-16T02:55:48.000Z","volume":2000,"label":" ","price":16.98},{"type":"B","date":"2018-04-16T02:55:55.000Z","volume":4000,"label":" ","price":16.98},{"type":"U","date":"2018-04-16T02:56:02.000Z","volume":233,"label":"D","price":17.082},{"type":"U","date":"2018-04-16T02:56:09.000Z","volume":2000,"label":"X","price":16.96},{"type":"A","date":"2018-04-16T02:56:42.000Z","volume":2000,"label":" ","price":16.94},{"type":"B","date":"2018-04-16T02:56:51.000Z","volume":20000,"label":" ","price":16.92},{"type":"B","date":"2018-04-16T02:56:51.000Z","volume":16000,"label":" ","price":16.9},{"type":"B","date":"2018-04-16T02:56:51.000Z","volume":4000,"label":" ","price":16.88},{"type":"B","date":"2018-04-16T02:56:51.000Z","volume":20000,"label":" ","price":16.88},{"type":"B","date":"2018-04-16T02:56:51.000Z","volume":10000,"label":" ","price":16.88},{"type":"A","date":"2018-04-16T02:56:59.000Z","volume":2000,"label":" ","price":16.9},{"type":"B","date":"2018-04-16T02:56:59.000Z","volume":10000,"label":" ","price":16.86},{"type":"U","date":"2018-04-16T02:57:08.000Z","volume":2000,"label":"X","price":16.86},{"type":"B","date":"2018-04-16T02:57:09.000Z","volume":4000,"label":" ","price":16.84},{"type":"U","date":"2018-04-16T02:57:11.000Z","volume":2000,"label":" ","price":16.84},{"type":"A","date":"2018-04-16T02:57:14.000Z","volume":124000,"label":" ","price":16.88},{"type":"U","date":"2018-04-16T02:57:14.000Z","volume":34000,"label":" ","price":16.84},{"type":"B","date":"2018-04-16T02:57:14.000Z","volume":30000,"label":" ","price":16.8},{"type":"A","date":"2018-04-16T02:57:15.000Z","volume":18000,"label":" ","price":16.9},{"type":"B","date":"2018-04-16T02:57:15.000Z","volume":6000,"label":" ","price":16.9},{"type":"A","date":"2018-04-16T02:57:16.000Z","volume":30000,"label":" ","price":16.86},{"type":"B","date":"2018-04-16T02:57:16.000Z","volume":10000,"label":" ","price":16.8},{"type":"U","date":"2018-04-16T02:57:16.000Z","volume":14000,"label":" ","price":16.8},{"type":"U","date":"2018-04-16T02:57:29.000Z","volume":10000,"label":" ","price":16.82},{"type":"A","date":"2018-04-16T02:57:40.000Z","volume":6000,"label":" ","price":16.88},{"type":"U","date":"2018-04-16T02:57:40.000Z","volume":8000,"label":" ","price":16.82},{"type":"A","date":"2018-04-16T02:57:51.000Z","volume":10000,"label":" ","price":16.88},{"type":"U","date":"2018-04-16T02:57:57.000Z","volume":2000,"label":" ","price":16.82},{"type":"U","date":"2018-04-16T02:58:00.000Z","volume":2000,"label":" ","price":16.8},{"type":"A","date":"2018-04-16T02:58:08.000Z","volume":10000,"label":" ","price":16.88},{"type":"A","date":"2018-04-16T02:58:09.000Z","volume":10000,"label":" ","price":16.88},{"type":"A","date":"2018-04-16T02:58:09.000Z","volume":2000,"label":"Y","price":16.9},{"type":"A","date":"2018-04-16T02:58:40.000Z","volume":2000,"label":" ","price":16.84},{"type":"A","date":"2018-04-16T02:58:40.000Z","volume":6000,"label":" ","price":16.84},{"type":"A","date":"2018-04-16T02:58:40.000Z","volume":2000,"label":"Y","price":16.84},{"type":"A","date":"2018-04-16T02:58:40.000Z","volume":2000,"label":" ","price":16.84},{"type":"A","date":"2018-04-16T02:58:55.000Z","volume":6000,"label":"Y","price":16.86},{"type":"A","date":"2018-04-16T02:59:19.000Z","volume":16000,"label":" ","price":16.86},{"type":"A","date":"2018-04-16T02:59:25.000Z","volume":2000,"label":" ","price":16.86},{"type":"A","date":"2018-04-16T02:59:27.000Z","volume":2000,"label":" ","price":16.86},{"type":"B","date":"2018-04-16T02:59:30.000Z","volume":6000,"label":" ","price":16.84},{"type":"A","date":"2018-04-16T02:59:41.000Z","volume":10000,"label":" ","price":16.86},{"type":"A","date":"2018-04-16T03:00:45.000Z","volume":10000,"label":" ","price":16.86},{"type":"A","date":"2018-04-16T03:01:33.000Z","volume":4000,"label":" ","price":16.86},{"type":"A","date":"2018-04-16T03:01:55.000Z","volume":2000,"label":" ","price":16.86},{"type":"A","date":"2018-04-16T03:01:55.000Z","volume":2000,"label":" ","price":16.86},{"type":"A","date":"2018-04-16T03:02:38.000Z","volume":4000,"label":" ","price":16.86},{"type":"A","date":"2018-04-16T03:02:54.000Z","volume":2000,"label":" ","price":16.86},{"type":"A","date":"2018-04-16T03:03:06.000Z","volume":4000,"label":" ","price":16.86},{"type":"A","date":"2018-04-16T03:03:06.000Z","volume":12000,"label":" ","price":16.86},{"type":"A","date":"2018-04-16T03:03:44.000Z","volume":20000,"label":" ","price":16.88},{"type":"B","date":"2018-04-16T03:04:00.000Z","volume":2000,"label":" ","price":16.84},{"type":"A","date":"2018-04-16T03:04:01.000Z","volume":4000,"label":" ","price":16.88},{"type":"A","date":"2018-04-16T03:04:15.000Z","volume":2000,"label":" ","price":16.9},{"type":"A","date":"2018-04-16T03:05:01.000Z","volume":2000,"label":" ","price":16.96},{"type":"B","date":"2018-04-16T03:07:00.000Z","volume":2000,"label":" ","price":16.9},{"type":"A","date":"2018-04-16T03:08:15.000Z","volume":2000,"label":" ","price":16.96},{"type":"A","date":"2018-04-16T03:08:29.000Z","volume":10000,"label":" ","price":16.96},{"type":"B","date":"2018-04-16T03:08:49.000Z","volume":6000,"label":" ","price":16.9},{"type":"B","date":"2018-04-16T03:08:59.000Z","volume":4000,"label":" ","price":16.9},{"type":"B","date":"2018-04-16T03:10:02.000Z","volume":2000,"label":" ","price":16.92},{"type":"B","date":"2018-04-16T03:10:08.000Z","volume":2000,"label":" ","price":16.92},{"type":"A","date":"2018-04-16T03:11:26.000Z","volume":8000,"label":" ","price":16.96},{"type":"A","date":"2018-04-16T03:11:50.000Z","volume":4000,"label":" ","price":16.98},{"type":"A","date":"2018-04-16T03:12:17.000Z","volume":2000,"label":" ","price":17},{"type":"A","date":"2018-04-16T03:12:20.000Z","volume":2000,"label":" ","price":17},{"type":"B","date":"2018-04-16T03:13:00.000Z","volume":2000,"label":"Y","price":16.98},{"type":"A","date":"2018-04-16T03:13:08.000Z","volume":2000,"label":" ","price":17},{"type":"A","date":"2018-04-16T03:13:43.000Z","volume":12000,"label":" ","price":17},{"type":"A","date":"2018-04-16T03:13:56.000Z","volume":2000,"label":" ","price":17},{"type":"A","date":"2018-04-16T03:14:14.000Z","volume":2000,"label":" ","price":17},{"type":"A","date":"2018-04-16T03:14:17.000Z","volume":2000,"label":" ","price":17},{"type":"A","date":"2018-04-16T03:14:24.000Z","volume":2000,"label":" ","price":17},{"type":"B","date":"2018-04-16T03:14:57.000Z","volume":22000,"label":" ","price":16.98},{"type":"B","date":"2018-04-16T03:14:57.000Z","volume":2000,"label":" ","price":16.98},{"type":"U","date":"2018-04-16T03:14:57.000Z","volume":2000,"label":"X","price":16.98},{"type":"A","date":"2018-04-16T03:16:11.000Z","volume":8000,"label":" ","price":16.98},{"type":"A","date":"2018-04-16T03:17:33.000Z","volume":2000,"label":" ","price":16.98},{"type":"B","date":"2018-04-16T03:18:00.000Z","volume":2000,"label":" ","price":16.96},{"type":"A","date":"2018-04-16T03:18:02.000Z","volume":20000,"label":" ","price":16.98},{"type":"B","date":"2018-04-16T03:18:08.000Z","volume":4000,"label":" ","price":16.96},{"type":"B","date":"2018-04-16T03:18:54.000Z","volume":4000,"label":" ","price":16.96},{"type":"A","date":"2018-04-16T03:19:38.000Z","volume":2000,"label":" ","price":16.98},{"type":"B","date":"2018-04-16T03:19:53.000Z","volume":2000,"label":" ","price":16.96},{"type":"B","date":"2018-04-16T03:19:56.000Z","volume":2000,"label":" ","price":16.96},{"type":"B","date":"2018-04-16T03:20:14.000Z","volume":2000,"label":" ","price":16.96},{"type":"B","date":"2018-04-16T03:20:17.000Z","volume":2000,"label":" ","price":16.96},{"type":"B","date":"2018-04-16T03:20:17.000Z","volume":6000,"label":" ","price":16.96},{"type":"B","date":"2018-04-16T03:21:00.000Z","volume":2000,"label":" ","price":16.94},{"type":"B","date":"2018-04-16T03:22:22.000Z","volume":20000,"label":" ","price":16.94},{"type":"B","date":"2018-04-16T03:22:22.000Z","volume":4000,"label":" ","price":16.94},{"type":"B","date":"2018-04-16T03:22:32.000Z","volume":2000,"label":" ","price":16.94},{"type":"B","date":"2018-04-16T03:22:44.000Z","volume":2000,"label":" ","price":16.94},{"type":"B","date":"2018-04-16T03:22:44.000Z","volume":4000,"label":" ","price":16.94},{"type":"B","date":"2018-04-16T03:22:44.000Z","volume":2000,"label":" ","price":16.94},{"type":"U","date":"2018-04-16T03:23:23.000Z","volume":2000,"label":"X","price":16.94},{"type":"B","date":"2018-04-16T03:23:32.000Z","volume":2000,"label":" ","price":16.92},{"type":"B","date":"2018-04-16T03:23:33.000Z","volume":2000,"label":" ","price":16.92},{"type":"A","date":"2018-04-16T03:24:21.000Z","volume":4000,"label":" ","price":16.94},{"type":"A","date":"2018-04-16T03:24:21.000Z","volume":26000,"label":" ","price":16.94},{"type":"A","date":"2018-04-16T03:24:25.000Z","volume":4000,"label":" ","price":16.96},{"type":"A","date":"2018-04-16T03:25:04.000Z","volume":2000,"label":" ","price":16.98},{"type":"A","date":"2018-04-16T03:25:45.000Z","volume":4000,"label":" ","price":16.98},{"type":"A","date":"2018-04-16T03:25:51.000Z","volume":2000,"label":" ","price":17},{"type":"B","date":"2018-04-16T03:25:59.000Z","volume":6000,"label":" ","price":16.98},{"type":"A","date":"2018-04-16T03:26:49.000Z","volume":2000,"label":" ","price":16.98},{"type":"A","date":"2018-04-16T03:27:17.000Z","volume":2000,"label":" ","price":16.98},{"type":"A","date":"2018-04-16T03:27:17.000Z","volume":2000,"label":" ","price":16.98},{"type":"B","date":"2018-04-16T03:27:24.000Z","volume":2000,"label":" ","price":16.96},{"type":"A","date":"2018-04-16T03:27:31.000Z","volume":2000,"label":" ","price":17},{"type":"A","date":"2018-04-16T03:27:43.000Z","volume":2000,"label":" ","price":17},{"type":"A","date":"2018-04-16T03:28:20.000Z","volume":2000,"label":" ","price":17},{"type":"A","date":"2018-04-16T03:28:43.000Z","volume":6000,"label":" ","price":17},{"type":"A","date":"2018-04-16T03:28:43.000Z","volume":44000,"label":" ","price":17},{"type":"B","date":"2018-04-16T03:30:00.000Z","volume":2000,"label":" ","price":17},{"type":"A","date":"2018-04-16T03:30:05.000Z","volume":4000,"label":" ","price":17.02},{"type":"B","date":"2018-04-16T03:30:08.000Z","volume":2000,"label":" ","price":17.02},{"type":"A","date":"2018-04-16T03:30:48.000Z","volume":4000,"label":" ","price":17.04},{"type":"B","date":"2018-04-16T03:31:13.000Z","volume":10000,"label":" ","price":17.04},{"type":"A","date":"2018-04-16T03:31:24.000Z","volume":2000,"label":" ","price":17.08},{"type":"A","date":"2018-04-16T03:31:33.000Z","volume":2000,"label":" ","price":17.08},{"type":"A","date":"2018-04-16T03:32:03.000Z","volume":10000,"label":" ","price":17.1},{"type":"A","date":"2018-04-16T03:32:17.000Z","volume":10000,"label":" ","price":17.1},{"type":"B","date":"2018-04-16T03:32:28.000Z","volume":6000,"label":" ","price":17.08},{"type":"B","date":"2018-04-16T03:32:37.000Z","volume":2000,"label":" ","price":17.06},{"type":"B","date":"2018-04-16T03:32:40.000Z","volume":2000,"label":" ","price":17.04},{"type":"B","date":"2018-04-16T03:32:40.000Z","volume":8000,"label":" ","price":17.02},{"type":"B","date":"2018-04-16T03:32:43.000Z","volume":2000,"label":" ","price":17.04},{"type":"A","date":"2018-04-16T03:33:10.000Z","volume":2000,"label":" ","price":17.06},{"type":"A","date":"2018-04-16T03:33:44.000Z","volume":2000,"label":" ","price":17.06},{"type":"A","date":"2018-04-16T03:33:47.000Z","volume":2000,"label":" ","price":17.06},{"type":"A","date":"2018-04-16T03:33:50.000Z","volume":2000,"label":" ","price":17.06},{"type":"A","date":"2018-04-16T03:33:53.000Z","volume":2000,"label":" ","price":17.06},{"type":"A","date":"2018-04-16T03:33:57.000Z","volume":2000,"label":" ","price":17.06},{"type":"A","date":"2018-04-16T03:33:59.000Z","volume":2000,"label":" ","price":17.06},{"type":"B","date":"2018-04-16T03:35:00.000Z","volume":2000,"label":" ","price":17.06},{"type":"A","date":"2018-04-16T03:35:14.000Z","volume":8000,"label":" ","price":17.08},{"type":"A","date":"2018-04-16T03:35:29.000Z","volume":4000,"label":" ","price":17.08},{"type":"A","date":"2018-04-16T03:35:37.000Z","volume":2000,"label":" ","price":17.08},{"type":"A","date":"2018-04-16T03:36:04.000Z","volume":2000,"label":" ","price":17.1},{"type":"A","date":"2018-04-16T03:36:18.000Z","volume":10000,"label":" ","price":17.1},{"type":"A","date":"2018-04-16T03:36:20.000Z","volume":12000,"label":" ","price":17.1},{"type":"A","date":"2018-04-16T03:36:50.000Z","volume":4000,"label":" ","price":17.12},{"type":"B","date":"2018-04-16T03:37:11.000Z","volume":4000,"label":" ","price":17.1},{"type":"A","date":"2018-04-16T03:37:25.000Z","volume":20000,"label":" ","price":17.12},{"type":"A","date":"2018-04-16T03:37:27.000Z","volume":2000,"label":" ","price":17.12},{"type":"A","date":"2018-04-16T03:39:42.000Z","volume":2000,"label":" ","price":17.16},{"type":"B","date":"2018-04-16T03:40:00.000Z","volume":2000,"label":" ","price":17.14},{"type":"B","date":"2018-04-16T03:40:01.000Z","volume":2000,"label":" ","price":17.14},{"type":"A","date":"2018-04-16T03:40:05.000Z","volume":36000,"label":" ","price":17.16},{"type":"B","date":"2018-04-16T03:40:05.000Z","volume":2000,"label":" ","price":17.14},{"type":"A","date":"2018-04-16T03:40:14.000Z","volume":4000,"label":" ","price":17.2},{"type":"A","date":"2018-04-16T03:40:28.000Z","volume":2000,"label":" ","price":17.18},{"type":"U","date":"2018-04-16T03:40:37.000Z","volume":2000,"label":"X","price":17.18},{"type":"A","date":"2018-04-16T03:40:57.000Z","volume":4000,"label":" ","price":17.18},{"type":"B","date":"2018-04-16T03:41:05.000Z","volume":8000,"label":" ","price":17.18},{"type":"A","date":"2018-04-16T03:41:25.000Z","volume":10000,"label":" ","price":17.2},{"type":"A","date":"2018-04-16T03:41:36.000Z","volume":6000,"label":" ","price":17.2},{"type":"A","date":"2018-04-16T03:41:47.000Z","volume":2000,"label":" ","price":17.2},{"type":"A","date":"2018-04-16T03:41:48.000Z","volume":10000,"label":" ","price":17.2},{"type":"A","date":"2018-04-16T03:41:50.000Z","volume":2000,"label":" ","price":17.2},{"type":"A","date":"2018-04-16T03:42:37.000Z","volume":8000,"label":" ","price":17.2},{"type":"B","date":"2018-04-16T03:43:10.000Z","volume":14000,"label":" ","price":17.2},{"type":"B","date":"2018-04-16T03:44:11.000Z","volume":8000,"label":" ","price":17.2},{"type":"B","date":"2018-04-16T03:44:11.000Z","volume":4000,"label":" ","price":17.18},{"type":"A","date":"2018-04-16T03:44:11.000Z","volume":2000,"label":" ","price":17.2},{"type":"A","date":"2018-04-16T03:44:31.000Z","volume":10000,"label":" ","price":17.2},{"type":"A","date":"2018-04-16T03:44:31.000Z","volume":10000,"label":" ","price":17.22},{"type":"B","date":"2018-04-16T03:44:41.000Z","volume":2000,"label":" ","price":17.2},{"type":"A","date":"2018-04-16T03:44:41.000Z","volume":2000,"label":" ","price":17.2},{"type":"A","date":"2018-04-16T03:45:27.000Z","volume":20000,"label":" ","price":17.2},{"type":"A","date":"2018-04-16T03:45:48.000Z","volume":2000,"label":" ","price":17.22},{"type":"B","date":"2018-04-16T03:46:00.000Z","volume":2000,"label":" ","price":17.18},{"type":"A","date":"2018-04-16T03:47:22.000Z","volume":4000,"label":" ","price":17.2},{"type":"A","date":"2018-04-16T03:47:31.000Z","volume":4000,"label":" ","price":17.22},{"type":"A","date":"2018-04-16T03:48:11.000Z","volume":8000,"label":" ","price":17.24},{"type":"U","date":"2018-04-16T03:48:18.000Z","volume":2000,"label":" ","price":17.24},{"type":"A","date":"2018-04-16T03:48:18.000Z","volume":6000,"label":" ","price":17.24},{"type":"A","date":"2018-04-16T03:48:19.000Z","volume":6000,"label":" ","price":17.24},{"type":"A","date":"2018-04-16T03:48:20.000Z","volume":2000,"label":" ","price":17.26},{"type":"A","date":"2018-04-16T03:48:21.000Z","volume":14000,"label":" ","price":17.24},{"type":"U","date":"2018-04-16T03:48:26.000Z","volume":2000,"label":" ","price":17.26},{"type":"B","date":"2018-04-16T03:48:42.000Z","volume":2000,"label":" ","price":17.24},{"type":"B","date":"2018-04-16T03:48:47.000Z","volume":2000,"label":" ","price":17.24},{"type":"A","date":"2018-04-16T03:48:51.000Z","volume":26000,"label":" ","price":17.26},{"type":"A","date":"2018-04-16T03:48:51.000Z","volume":2000,"label":" ","price":17.24},{"type":"U","date":"2018-04-16T03:48:53.000Z","volume":2000,"label":"X","price":17.26},{"type":"B","date":"2018-04-16T03:48:53.000Z","volume":2000,"label":" ","price":17.24},{"type":"B","date":"2018-04-16T03:48:57.000Z","volume":2000,"label":" ","price":17.24},{"type":"B","date":"2018-04-16T03:49:01.000Z","volume":2000,"label":" ","price":17.24},{"type":"B","date":"2018-04-16T03:49:06.000Z","volume":2000,"label":" ","price":17.24},{"type":"B","date":"2018-04-16T03:49:10.000Z","volume":2000,"label":" ","price":17.24},{"type":"B","date":"2018-04-16T03:49:14.000Z","volume":2000,"label":" ","price":17.24},{"type":"B","date":"2018-04-16T03:49:18.000Z","volume":2000,"label":" ","price":17.24},{"type":"A","date":"2018-04-16T03:49:24.000Z","volume":6000,"label":" ","price":17.28},{"type":"B","date":"2018-04-16T03:49:48.000Z","volume":4000,"label":" ","price":17.24},{"type":"B","date":"2018-04-16T03:50:00.000Z","volume":2000,"label":" ","price":17.24},{"type":"A","date":"2018-04-16T03:50:01.000Z","volume":2000,"label":" ","price":17.28},{"type":"B","date":"2018-04-16T03:50:03.000Z","volume":2000,"label":" ","price":17.24},{"type":"B","date":"2018-04-16T03:50:19.000Z","volume":2000,"label":" ","price":17.24},{"type":"U","date":"2018-04-16T03:50:20.000Z","volume":2000,"label":" ","price":17.26},{"type":"B","date":"2018-04-16T03:50:22.000Z","volume":2000,"label":" ","price":17.26},{"type":"B","date":"2018-04-16T03:50:22.000Z","volume":2000,"label":" ","price":17.24},{"type":"B","date":"2018-04-16T03:50:22.000Z","volume":2000,"label":" ","price":17.24},{"type":"U","date":"2018-04-16T03:50:38.000Z","volume":6000,"label":" ","price":17.26},{"type":"U","date":"2018-04-16T03:50:38.000Z","volume":4000,"label":" ","price":17.26},{"type":"B","date":"2018-04-16T03:50:42.000Z","volume":2000,"label":" ","price":17.26},{"type":"A","date":"2018-04-16T03:50:42.000Z","volume":6000,"label":" ","price":17.26},{"type":"U","date":"2018-04-16T03:50:43.000Z","volume":2000,"label":"X","price":17.26},{"type":"B","date":"2018-04-16T03:50:51.000Z","volume":2000,"label":" ","price":17.24},{"type":"B","date":"2018-04-16T03:50:51.000Z","volume":2000,"label":" ","price":17.22},{"type":"A","date":"2018-04-16T03:50:51.000Z","volume":2000,"label":" ","price":17.26},{"type":"A","date":"2018-04-16T03:51:15.000Z","volume":10000,"label":" ","price":17.28},{"type":"U","date":"2018-04-16T03:51:17.000Z","volume":2000,"label":"X","price":17.26},{"type":"U","date":"2018-04-16T03:51:36.000Z","volume":2000,"label":"X","price":17.26},{"type":"U","date":"2018-04-16T03:51:38.000Z","volume":2000,"label":"X","price":17.26},{"type":"A","date":"2018-04-16T03:51:39.000Z","volume":4000,"label":" ","price":17.26},{"type":"B","date":"2018-04-16T03:51:47.000Z","volume":2000,"label":" ","price":17.26},{"type":"B","date":"2018-04-16T03:51:47.000Z","volume":2000,"label":" ","price":17.24},{"type":"A","date":"2018-04-16T03:51:48.000Z","volume":2000,"label":" ","price":17.26},{"type":"U","date":"2018-04-16T03:52:00.000Z","volume":4000,"label":" ","price":17.26},{"type":"A","date":"2018-04-16T03:52:04.000Z","volume":4000,"label":" ","price":17.26},{"type":"B","date":"2018-04-16T03:52:06.000Z","volume":4000,"label":" ","price":17.26},{"type":"U","date":"2018-04-16T03:52:08.000Z","volume":6000,"label":" ","price":17.24},{"type":"A","date":"2018-04-16T03:52:43.000Z","volume":10000,"label":" ","price":17.26},{"type":"B","date":"2018-04-16T03:52:47.000Z","volume":14000,"label":" ","price":17.24},{"type":"A","date":"2018-04-16T03:53:04.000Z","volume":2000,"label":" ","price":17.26},{"type":"B","date":"2018-04-16T03:53:23.000Z","volume":18000,"label":" ","price":17.22},{"type":"B","date":"2018-04-16T03:53:44.000Z","volume":26000,"label":" ","price":17.2},{"type":"B","date":"2018-04-16T03:54:49.000Z","volume":6000,"label":" ","price":17.2},{"type":"A","date":"2018-04-16T03:55:09.000Z","volume":30000,"label":" ","price":17.26},{"type":"B","date":"2018-04-16T03:55:54.000Z","volume":10000,"label":" ","price":17.2},{"type":"A","date":"2018-04-16T03:56:11.000Z","volume":28000,"label":" ","price":17.26},{"type":"A","date":"2018-04-16T03:56:11.000Z","volume":2000,"label":" ","price":17.26},{"type":"U","date":"2018-04-16T03:56:13.000Z","volume":2000,"label":" ","price":17.24},{"type":"A","date":"2018-04-16T03:56:15.000Z","volume":6000,"label":" ","price":17.26},{"type":"A","date":"2018-04-16T03:56:15.000Z","volume":14000,"label":" ","price":17.26},{"type":"U","date":"2018-04-16T03:56:23.000Z","volume":2000,"label":" ","price":17.24},{"type":"B","date":"2018-04-16T03:56:45.000Z","volume":6000,"label":" ","price":17.2},{"type":"A","date":"2018-04-16T03:56:51.000Z","volume":10000,"label":" ","price":17.26},{"type":"B","date":"2018-04-16T03:57:00.000Z","volume":2000,"label":" ","price":17.18},{"type":"A","date":"2018-04-16T03:57:40.000Z","volume":2000,"label":" ","price":17.26},{"type":"B","date":"2018-04-16T03:57:43.000Z","volume":16000,"label":" ","price":17.22},{"type":"A","date":"2018-04-16T03:57:50.000Z","volume":2000,"label":" ","price":17.26},{"type":"A","date":"2018-04-16T03:58:31.000Z","volume":2000,"label":" ","price":17.26},{"type":"B","date":"2018-04-16T03:59:41.000Z","volume":8000,"label":" ","price":17.2},{"type":"A","date":"2018-04-16T03:59:42.000Z","volume":2000,"label":" ","price":17.2},{"type":"A","date":"2018-04-16T03:59:47.000Z","volume":2000,"label":" ","price":17.2},{"type":"A","date":"2018-04-16T03:59:51.000Z","volume":8000,"label":" ","price":17.2},{"type":"B","date":"2018-04-16T05:00:00.000Z","volume":2000,"label":" ","price":17.2},{"type":"B","date":"2018-04-16T05:00:01.000Z","volume":10000,"label":" ","price":17.2},{"type":"B","date":"2018-04-16T05:00:03.000Z","volume":2000,"label":" ","price":17.18},{"type":"B","date":"2018-04-16T05:00:06.000Z","volume":28000,"label":" ","price":17.18},{"type":"A","date":"2018-04-16T05:00:07.000Z","volume":4000,"label":" ","price":17.2},{"type":"U","date":"2018-04-16T05:00:09.000Z","volume":8000,"label":" ","price":17.18},{"type":"B","date":"2018-04-16T05:00:18.000Z","volume":2000,"label":" ","price":17.18},{"type":"B","date":"2018-04-16T05:00:34.000Z","volume":8000,"label":" ","price":17.16},{"type":"B","date":"2018-04-16T05:00:51.000Z","volume":4000,"label":" ","price":17.12},{"type":"A","date":"2018-04-16T05:01:20.000Z","volume":60000,"label":" ","price":17.2},{"type":"B","date":"2018-04-16T05:01:29.000Z","volume":2000,"label":" ","price":17.14},{"type":"A","date":"2018-04-16T05:01:51.000Z","volume":4000,"label":" ","price":17.18},{"type":"A","date":"2018-04-16T05:01:51.000Z","volume":6000,"label":" ","price":17.2},{"type":"U","date":"2018-04-16T05:01:53.000Z","volume":2000,"label":"X","price":17.2},{"type":"B","date":"2018-04-16T05:01:55.000Z","volume":6000,"label":" ","price":17.2},{"type":"B","date":"2018-04-16T05:02:11.000Z","volume":4000,"label":" ","price":17.18},{"type":"B","date":"2018-04-16T05:03:40.000Z","volume":4000,"label":" ","price":17.16},{"type":"B","date":"2018-04-16T05:04:14.000Z","volume":10000,"label":" ","price":17.16},{"type":"B","date":"2018-04-16T05:04:14.000Z","volume":4000,"label":" ","price":17.16},{"type":"B","date":"2018-04-16T05:06:00.000Z","volume":2000,"label":" ","price":17.16},{"type":"B","date":"2018-04-16T05:06:08.000Z","volume":6000,"label":" ","price":17.16},{"type":"B","date":"2018-04-16T05:06:09.000Z","volume":4000,"label":" ","price":17.14},{"type":"B","date":"2018-04-16T05:06:16.000Z","volume":2000,"label":" ","price":17.14},{"type":"B","date":"2018-04-16T05:06:17.000Z","volume":12000,"label":" ","price":17.12},{"type":"A","date":"2018-04-16T05:06:23.000Z","volume":38000,"label":" ","price":17.16},{"type":"B","date":"2018-04-16T05:06:38.000Z","volume":2000,"label":" ","price":17.16},{"type":"B","date":"2018-04-16T05:06:38.000Z","volume":8000,"label":" ","price":17.16},{"type":"A","date":"2018-04-16T05:07:42.000Z","volume":14000,"label":" ","price":17.18},{"type":"A","date":"2018-04-16T05:08:15.000Z","volume":2000,"label":" ","price":17.18},{"type":"A","date":"2018-04-16T05:08:17.000Z","volume":2000,"label":" ","price":17.18},{"type":"A","date":"2018-04-16T05:08:19.000Z","volume":2000,"label":" ","price":17.18},{"type":"A","date":"2018-04-16T05:08:23.000Z","volume":4000,"label":" ","price":17.18},{"type":"A","date":"2018-04-16T05:08:23.000Z","volume":2000,"label":" ","price":17.18},{"type":"A","date":"2018-04-16T05:08:29.000Z","volume":2000,"label":" ","price":17.18},{"type":"A","date":"2018-04-16T05:08:29.000Z","volume":6000,"label":" ","price":17.18},{"type":"A","date":"2018-04-16T05:08:47.000Z","volume":2000,"label":"Y","price":17.2},{"type":"A","date":"2018-04-16T05:08:50.000Z","volume":2000,"label":" ","price":17.2},{"type":"B","date":"2018-04-16T05:08:51.000Z","volume":2000,"label":" ","price":17.18},{"type":"A","date":"2018-04-16T05:09:17.000Z","volume":10000,"label":" ","price":17.2},{"type":"A","date":"2018-04-16T05:09:17.000Z","volume":2000,"label":" ","price":17.2},{"type":"B","date":"2018-04-16T05:11:00.000Z","volume":2000,"label":" ","price":17.2},{"type":"A","date":"2018-04-16T05:11:48.000Z","volume":2000,"label":" ","price":17.24},{"type":"U","date":"2018-04-16T05:11:55.000Z","volume":2000,"label":" ","price":17.22},{"type":"A","date":"2018-04-16T05:12:22.000Z","volume":2000,"label":"Y","price":17.24},{"type":"U","date":"2018-04-16T05:13:30.000Z","volume":2000,"label":" ","price":17.22},{"type":"B","date":"2018-04-16T05:13:32.000Z","volume":2000,"label":" ","price":17.22},{"type":"B","date":"2018-04-16T05:13:44.000Z","volume":2000,"label":" ","price":17.22},{"type":"A","date":"2018-04-16T05:14:06.000Z","volume":10000,"label":" ","price":17.24},{"type":"B","date":"2018-04-16T05:14:39.000Z","volume":2000,"label":" ","price":17.22},{"type":"B","date":"2018-04-16T05:15:00.000Z","volume":2000,"label":" ","price":17.22},{"type":"A","date":"2018-04-16T05:15:45.000Z","volume":2000,"label":" ","price":17.22},{"type":"A","date":"2018-04-16T05:15:51.000Z","volume":4000,"label":" ","price":17.22},{"type":"B","date":"2018-04-16T05:16:06.000Z","volume":14000,"label":" ","price":17.2},{"type":"B","date":"2018-04-16T05:16:06.000Z","volume":18000,"label":" ","price":17.2},{"type":"B","date":"2018-04-16T05:17:12.000Z","volume":2000,"label":" ","price":17.2},{"type":"A","date":"2018-04-16T05:18:07.000Z","volume":10000,"label":" ","price":17.2},{"type":"B","date":"2018-04-16T05:20:01.000Z","volume":22000,"label":" ","price":17.18},{"type":"U","date":"2018-04-16T05:20:59.000Z","volume":2000,"label":" ","price":17.18},{"type":"B","date":"2018-04-16T05:21:02.000Z","volume":2000,"label":" ","price":17.18},{"type":"B","date":"2018-04-16T05:21:02.000Z","volume":2000,"label":" ","price":17.18},{"type":"B","date":"2018-04-16T05:22:00.000Z","volume":2000,"label":" ","price":17.16},{"type":"B","date":"2018-04-16T05:22:19.000Z","volume":10000,"label":" ","price":17.16},{"type":"B","date":"2018-04-16T05:23:19.000Z","volume":10000,"label":" ","price":17.16},{"type":"B","date":"2018-04-16T05:23:23.000Z","volume":8000,"label":" ","price":17.16},{"type":"B","date":"2018-04-16T05:23:33.000Z","volume":2000,"label":" ","price":17.16},{"type":"A","date":"2018-04-16T05:23:37.000Z","volume":2000,"label":" ","price":17.16},{"type":"B","date":"2018-04-16T05:24:07.000Z","volume":44000,"label":" ","price":17.14},{"type":"A","date":"2018-04-16T05:24:32.000Z","volume":6000,"label":" ","price":17.14},{"type":"B","date":"2018-04-16T05:25:21.000Z","volume":8000,"label":" ","price":17.12},{"type":"A","date":"2018-04-16T05:26:07.000Z","volume":10000,"label":" ","price":17.14},{"type":"B","date":"2018-04-16T05:27:00.000Z","volume":2000,"label":" ","price":17.12},{"type":"B","date":"2018-04-16T05:28:00.000Z","volume":2000,"label":" ","price":17.12},{"type":"B","date":"2018-04-16T05:30:00.000Z","volume":18000,"label":" ","price":17.12},{"type":"B","date":"2018-04-16T05:30:02.000Z","volume":2000,"label":" ","price":17.12},{"type":"A","date":"2018-04-16T05:30:37.000Z","volume":4000,"label":" ","price":17.12},{"type":"A","date":"2018-04-16T05:30:45.000Z","volume":48000,"label":" ","price":17.12},{"type":"B","date":"2018-04-16T05:31:54.000Z","volume":2000,"label":" ","price":17.12},{"type":"A","date":"2018-04-16T05:32:11.000Z","volume":2000,"label":" ","price":17.14},{"type":"B","date":"2018-04-16T05:32:15.000Z","volume":2000,"label":" ","price":17.12},{"type":"A","date":"2018-04-16T05:33:03.000Z","volume":2000,"label":" ","price":17.14},{"type":"B","date":"2018-04-16T05:33:27.000Z","volume":6000,"label":" ","price":17.12},{"type":"B","date":"2018-04-16T05:34:18.000Z","volume":10000,"label":" ","price":17.1},{"type":"B","date":"2018-04-16T05:35:00.000Z","volume":2000,"label":" ","price":17.08},{"type":"B","date":"2018-04-16T05:35:20.000Z","volume":4000,"label":" ","price":17.08},{"type":"B","date":"2018-04-16T05:35:32.000Z","volume":2000,"label":" ","price":17.12},{"type":"B","date":"2018-04-16T05:35:33.000Z","volume":2000,"label":" ","price":17.12},{"type":"B","date":"2018-04-16T05:35:47.000Z","volume":2000,"label":" ","price":17.1},{"type":"B","date":"2018-04-16T05:37:14.000Z","volume":2000,"label":" ","price":17.12},{"type":"B","date":"2018-04-16T05:38:32.000Z","volume":2000,"label":" ","price":17.1},{"type":"B","date":"2018-04-16T05:40:08.000Z","volume":2000,"label":" ","price":17.1},{"type":"A","date":"2018-04-16T05:40:10.000Z","volume":6000,"label":" ","price":17.1},{"type":"B","date":"2018-04-16T05:41:00.000Z","volume":2000,"label":" ","price":17.08},{"type":"B","date":"2018-04-16T05:42:39.000Z","volume":2000,"label":" ","price":17.08},{"type":"B","date":"2018-04-16T05:42:59.000Z","volume":20000,"label":" ","price":17.08},{"type":"B","date":"2018-04-16T05:43:02.000Z","volume":2000,"label":" ","price":17.06},{"type":"B","date":"2018-04-16T05:43:02.000Z","volume":2000,"label":"Y","price":17.06},{"type":"B","date":"2018-04-16T05:43:17.000Z","volume":4000,"label":" ","price":17.06},{"type":"U","date":"2018-04-16T05:44:37.000Z","volume":2000,"label":"X","price":17.05},{"type":"A","date":"2018-04-16T05:44:53.000Z","volume":2000,"label":" ","price":17.06},{"type":"B","date":"2018-04-16T05:45:00.000Z","volume":2000,"label":" ","price":17.04},{"type":"B","date":"2018-04-16T05:45:24.000Z","volume":4000,"label":" ","price":17.04},{"type":"B","date":"2018-04-16T05:45:32.000Z","volume":2000,"label":" ","price":17.04},{"type":"B","date":"2018-04-16T05:45:54.000Z","volume":10000,"label":" ","price":17.04},{"type":"A","date":"2018-04-16T05:45:55.000Z","volume":2000,"label":" ","price":17.04},{"type":"B","date":"2018-04-16T05:47:00.000Z","volume":2000,"label":" ","price":17.02},{"type":"B","date":"2018-04-16T05:47:00.000Z","volume":2000,"label":" ","price":17.02},{"type":"B","date":"2018-04-16T05:47:03.000Z","volume":2000,"label":" ","price":17.02},{"type":"B","date":"2018-04-16T05:47:54.000Z","volume":2000,"label":" ","price":17.02},{"type":"B","date":"2018-04-16T05:48:06.000Z","volume":2000,"label":" ","price":17.02},{"type":"A","date":"2018-04-16T05:48:31.000Z","volume":2000,"label":" ","price":17.04},{"type":"A","date":"2018-04-16T05:48:45.000Z","volume":2000,"label":" ","price":17.04},{"type":"U","date":"2018-04-16T05:49:37.000Z","volume":2000,"label":"X","price":17.03},{"type":"B","date":"2018-04-16T05:50:09.000Z","volume":2000,"label":" ","price":17.02},{"type":"B","date":"2018-04-16T05:51:07.000Z","volume":2000,"label":"Y","price":17.02},{"type":"B","date":"2018-04-16T05:51:07.000Z","volume":2000,"label":" ","price":17.02},{"type":"B","date":"2018-04-16T05:52:00.000Z","volume":2000,"label":" ","price":17.02},{"type":"B","date":"2018-04-16T05:53:46.000Z","volume":16000,"label":" ","price":17.02},{"type":"A","date":"2018-04-16T05:53:46.000Z","volume":4000,"label":" ","price":17.02},{"type":"B","date":"2018-04-16T05:54:04.000Z","volume":2000,"label":" ","price":17},{"type":"B","date":"2018-04-16T05:54:08.000Z","volume":2000,"label":" ","price":17},{"type":"A","date":"2018-04-16T05:55:08.000Z","volume":2000,"label":" ","price":17.02},{"type":"B","date":"2018-04-16T05:55:12.000Z","volume":6000,"label":" ","price":17},{"type":"B","date":"2018-04-16T05:55:17.000Z","volume":2000,"label":" ","price":17},{"type":"B","date":"2018-04-16T05:55:25.000Z","volume":10000,"label":" ","price":17},{"type":"A","date":"2018-04-16T05:55:28.000Z","volume":6000,"label":" ","price":17},{"type":"B","date":"2018-04-16T05:58:00.000Z","volume":2000,"label":" ","price":16.98},{"type":"B","date":"2018-04-16T05:58:43.000Z","volume":18000,"label":" ","price":16.98},{"type":"B","date":"2018-04-16T05:58:47.000Z","volume":2000,"label":" ","price":16.98},{"type":"B","date":"2018-04-16T05:58:47.000Z","volume":2000,"label":" ","price":16.98},{"type":"B","date":"2018-04-16T05:58:47.000Z","volume":2000,"label":"Y","price":16.98},{"type":"B","date":"2018-04-16T05:58:47.000Z","volume":2000,"label":" ","price":16.98},{"type":"A","date":"2018-04-16T05:58:48.000Z","volume":4000,"label":" ","price":17},{"type":"B","date":"2018-04-16T05:59:19.000Z","volume":2000,"label":" ","price":16.98},{"type":"B","date":"2018-04-16T06:00:25.000Z","volume":2000,"label":" ","price":16.98},{"type":"B","date":"2018-04-16T06:01:01.000Z","volume":6000,"label":" ","price":16.98},{"type":"A","date":"2018-04-16T06:01:57.000Z","volume":2000,"label":" ","price":17},{"type":"A","date":"2018-04-16T06:02:19.000Z","volume":180000,"label":" ","price":17},{"type":"U","date":"2018-04-16T06:02:21.000Z","volume":2000,"label":"X","price":17},{"type":"A","date":"2018-04-16T06:02:26.000Z","volume":10000,"label":" ","price":17.02},{"type":"A","date":"2018-04-16T06:02:26.000Z","volume":6000,"label":" ","price":17.02},{"type":"A","date":"2018-04-16T06:02:46.000Z","volume":8000,"label":" ","price":17.04},{"type":"A","date":"2018-04-16T06:02:49.000Z","volume":2000,"label":" ","price":17.04},{"type":"A","date":"2018-04-16T06:02:50.000Z","volume":30000,"label":" ","price":17.04},{"type":"A","date":"2018-04-16T06:03:03.000Z","volume":4000,"label":" ","price":17.06},{"type":"A","date":"2018-04-16T06:03:07.000Z","volume":32000,"label":" ","price":17.08},{"type":"A","date":"2018-04-16T06:03:11.000Z","volume":62000,"label":" ","price":17.1},{"type":"A","date":"2018-04-16T06:03:20.000Z","volume":6000,"label":" ","price":17.1},{"type":"B","date":"2018-04-16T06:05:00.000Z","volume":2000,"label":" ","price":17.06},{"type":"A","date":"2018-04-16T06:05:28.000Z","volume":2000,"label":" ","price":17.1},{"type":"A","date":"2018-04-16T06:05:34.000Z","volume":6000,"label":" ","price":17.1},{"type":"A","date":"2018-04-16T06:05:36.000Z","volume":2000,"label":" ","price":17.1},{"type":"B","date":"2018-04-16T06:06:17.000Z","volume":2000,"label":" ","price":17.08},{"type":"A","date":"2018-04-16T06:07:00.000Z","volume":2000,"label":" ","price":17.1},{"type":"B","date":"2018-04-16T06:07:15.000Z","volume":2000,"label":" ","price":17.08},{"type":"A","date":"2018-04-16T06:08:11.000Z","volume":2000,"label":" ","price":17.1},{"type":"B","date":"2018-04-16T06:08:43.000Z","volume":30000,"label":" ","price":17.08},{"type":"B","date":"2018-04-16T06:08:43.000Z","volume":6000,"label":" ","price":17.08},{"type":"B","date":"2018-04-16T06:08:43.000Z","volume":4000,"label":" ","price":17.08},{"type":"B","date":"2018-04-16T06:09:07.000Z","volume":20000,"label":" ","price":17.06},{"type":"B","date":"2018-04-16T06:09:09.000Z","volume":2000,"label":" ","price":17.06},{"type":"B","date":"2018-04-16T06:09:12.000Z","volume":2000,"label":" ","price":17.06},{"type":"B","date":"2018-04-16T06:09:15.000Z","volume":8000,"label":" ","price":17.06},{"type":"B","date":"2018-04-16T06:09:32.000Z","volume":2000,"label":" ","price":17.04},{"type":"B","date":"2018-04-16T06:09:32.000Z","volume":2000,"label":" ","price":17.04},{"type":"B","date":"2018-04-16T06:10:00.000Z","volume":2000,"label":" ","price":17.02},{"type":"B","date":"2018-04-16T06:10:53.000Z","volume":20000,"label":" ","price":17.02},{"type":"B","date":"2018-04-16T06:11:02.000Z","volume":2000,"label":" ","price":17},{"type":"A","date":"2018-04-16T06:11:18.000Z","volume":8000,"label":" ","price":17.02},{"type":"A","date":"2018-04-16T06:11:37.000Z","volume":2000,"label":" ","price":17.02},{"type":"A","date":"2018-04-16T06:13:05.000Z","volume":96000,"label":" ","price":17.02},{"type":"A","date":"2018-04-16T06:13:14.000Z","volume":8000,"label":" ","price":17.04},{"type":"A","date":"2018-04-16T06:13:56.000Z","volume":6000,"label":" ","price":17.04},{"type":"A","date":"2018-04-16T06:14:37.000Z","volume":2000,"label":" ","price":17.04},{"type":"B","date":"2018-04-16T06:16:00.000Z","volume":2000,"label":" ","price":17.02},{"type":"B","date":"2018-04-16T06:16:55.000Z","volume":6000,"label":" ","price":17.02},{"type":"A","date":"2018-04-16T06:17:13.000Z","volume":2000,"label":"Y","price":17.04},{"type":"A","date":"2018-04-16T06:17:13.000Z","volume":18000,"label":" ","price":17.04},{"type":"B","date":"2018-04-16T06:17:13.000Z","volume":2000,"label":" ","price":17.04},{"type":"A","date":"2018-04-16T06:17:30.000Z","volume":2000,"label":" ","price":17.06},{"type":"A","date":"2018-04-16T06:17:44.000Z","volume":2000,"label":" ","price":17.06},{"type":"B","date":"2018-04-16T06:17:48.000Z","volume":6000,"label":" ","price":17.04},{"type":"A","date":"2018-04-16T06:18:15.000Z","volume":2000,"label":" ","price":17.06},{"type":"A","date":"2018-04-16T06:18:56.000Z","volume":2000,"label":" ","price":17.06},{"type":"B","date":"2018-04-16T06:19:12.000Z","volume":20000,"label":" ","price":17.04},{"type":"B","date":"2018-04-16T06:19:12.000Z","volume":2000,"label":" ","price":17.04},{"type":"B","date":"2018-04-16T06:20:00.000Z","volume":2000,"label":" ","price":17.02},{"type":"B","date":"2018-04-16T06:20:17.000Z","volume":2000,"label":" ","price":17.02},{"type":"B","date":"2018-04-16T06:21:00.000Z","volume":2000,"label":" ","price":17.02},{"type":"B","date":"2018-04-16T06:22:54.000Z","volume":2000,"label":" ","price":17.02},{"type":"B","date":"2018-04-16T06:24:00.000Z","volume":2000,"label":" ","price":17.02},{"type":"B","date":"2018-04-16T06:25:18.000Z","volume":6000,"label":" ","price":17.02},{"type":"U","date":"2018-04-16T06:25:54.000Z","volume":2000,"label":"X","price":17.03},{"type":"B","date":"2018-04-16T06:26:05.000Z","volume":14000,"label":" ","price":17.02},{"type":"A","date":"2018-04-16T06:26:27.000Z","volume":2000,"label":" ","price":17.02},{"type":"B","date":"2018-04-16T06:26:40.000Z","volume":30000,"label":" ","price":17},{"type":"B","date":"2018-04-16T06:26:40.000Z","volume":4000,"label":" ","price":17},{"type":"A","date":"2018-04-16T06:27:08.000Z","volume":2000,"label":" ","price":17.02},{"type":"B","date":"2018-04-16T06:28:00.000Z","volume":2000,"label":" ","price":16.98},{"type":"B","date":"2018-04-16T06:28:17.000Z","volume":2000,"label":" ","price":17},{"type":"B","date":"2018-04-16T06:28:32.000Z","volume":6000,"label":" ","price":17},{"type":"B","date":"2018-04-16T06:28:39.000Z","volume":2000,"label":" ","price":17},{"type":"A","date":"2018-04-16T06:29:49.000Z","volume":98000,"label":" ","price":17.02},{"type":"B","date":"2018-04-16T06:30:04.000Z","volume":6000,"label":" ","price":17.02},{"type":"A","date":"2018-04-16T06:31:25.000Z","volume":6000,"label":" ","price":17.04},{"type":"A","date":"2018-04-16T06:31:56.000Z","volume":14000,"label":" ","price":17.04},{"type":"A","date":"2018-04-16T06:31:58.000Z","volume":4000,"label":" ","price":17.04},{"type":"A","date":"2018-04-16T06:32:11.000Z","volume":2000,"label":" ","price":17.04},{"type":"A","date":"2018-04-16T06:32:12.000Z","volume":12000,"label":" ","price":17.04},{"type":"A","date":"2018-04-16T06:32:12.000Z","volume":44000,"label":" ","price":17.04}