[{"type":"B","date":"2018-04-24T01:36:26.000Z","volume":60000,"label":" ","price":2.54},{"type":"A","date":"2018-04-24T01:38:42.000Z","volume":30000,"label":" ","price":2.58},{"type":"A","date":"2018-04-24T01:38:45.000Z","volume":50000,"label":" ","price":2.58},{"type":"A","date":"2018-04-24T01:44:00.000Z","volume":2000,"label":" ","price":2.6},{"type":"B","date":"2018-04-24T01:44:22.000Z","volume":24000,"label":" ","price":2.58},{"type":"B","date":"2018-04-24T01:45:10.000Z","volume":26000,"label":" ","price":2.58},{"type":"B","date":"2018-04-24T01:48:54.000Z","volume":28000,"label":" ","price":2.58},{"type":"B","date":"2018-04-24T01:49:16.000Z","volume":22000,"label":" ","price":2.58},{"type":"A","date":"2018-04-24T01:55:26.000Z","volume":18000,"label":" ","price":2.59},{"type":"B","date":"2018-04-24T01:55:32.000Z","volume":10000,"label":" ","price":2.59},{"type":"A","date":"2018-04-24T01:55:45.000Z","volume":2000,"label":" ","price":2.6},{"type":"A","date":"2018-04-24T01:55:45.000Z","volume":4000,"label":" ","price":2.6},{"type":"A","date":"2018-04-24T01:55:50.000Z","volume":2000,"label":" ","price":2.6},{"type":"B","date":"2018-04-24T01:56:21.000Z","volume":20000,"label":" ","price":2.6},{"type":"B","date":"2018-04-24T01:56:21.000Z","volume":8000,"label":" ","price":2.59},{"type":"B","date":"2018-04-24T01:58:09.000Z","volume":8000,"label":" ","price":2.6},{"type":"B","date":"2018-04-24T02:04:48.000Z","volume":36000,"label":" ","price":2.61},{"type":"A","date":"2018-04-24T02:08:47.000Z","volume":14000,"label":" ","price":2.64},{"type":"A","date":"2018-04-24T02:15:33.000Z","volume":20000,"label":" ","price":2.65},{"type":"A","date":"2018-04-24T02:16:02.000Z","volume":20000,"label":" ","price":2.65},{"type":"B","date":"2018-04-24T02:26:36.000Z","volume":24000,"label":" ","price":2.63},{"type":"A","date":"2018-04-24T02:27:57.000Z","volume":30000,"label":" ","price":2.62},{"type":"A","date":"2018-04-24T02:28:12.000Z","volume":20000,"label":" ","price":2.62},{"type":"A","date":"2018-04-24T02:33:40.000Z","volume":20000,"label":" ","price":2.62},{"type":"A","date":"2018-04-24T02:34:33.000Z","volume":20000,"label":" ","price":2.62},{"type":"B","date":"2018-04-24T02:40:32.000Z","volume":20000,"label":" ","price":2.62},{"type":"A","date":"2018-04-24T02:40:37.000Z","volume":2000,"label":" ","price":2.63},{"type":"B","date":"2018-04-24T02:41:08.000Z","volume":16000,"label":" ","price":2.62},{"type":"B","date":"2018-04-24T02:41:41.000Z","volume":10000,"label":" ","price":2.62},{"type":"B","date":"2018-04-24T02:41:52.000Z","volume":14000,"label":" ","price":2.62},{"type":"B","date":"2018-04-24T02:41:52.000Z","volume":24000,"label":" ","price":2.62},{"type":"B","date":"2018-04-24T02:51:13.000Z","volume":2000,"label":" ","price":2.61},{"type":"B","date":"2018-04-24T02:51:13.000Z","volume":12000,"label":" ","price":2.61},{"type":"A","date":"2018-04-24T02:53:56.000Z","volume":38000,"label":" ","price":2.61},{"type":"B","date":"2018-04-24T02:53:56.000Z","volume":2000,"label":" ","price":2.61},{"type":"B","date":"2018-04-24T02:54:42.000Z","volume":80000,"label":" ","price":2.58},{"type":"A","date":"2018-04-24T02:55:48.000Z","volume":30000,"label":" ","price":2.6},{"type":"A","date":"2018-04-24T03:00:16.000Z","volume":50000,"label":" ","price":2.6},{"type":"A","date":"2018-04-24T03:03:15.000Z","volume":2000,"label":" ","price":2.6},{"type":"A","date":"2018-04-24T03:03:15.000Z","volume":18000,"label":" ","price":2.61},{"type":"A","date":"2018-04-24T03:03:25.000Z","volume":30000,"label":" ","price":2.61},{"type":"A","date":"2018-04-24T03:05:20.000Z","volume":40000,"label":" ","price":2.61},{"type":"A","date":"2018-04-24T03:08:27.000Z","volume":50000,"label":" ","price":2.61},{"type":"A","date":"2018-04-24T03:13:12.000Z","volume":30000,"label":" ","price":2.6},{"type":"A","date":"2018-04-24T03:13:24.000Z","volume":20000,"label":" ","price":2.6},{"type":"A","date":"2018-04-24T03:16:37.000Z","volume":10000,"label":" ","price":2.61},{"type":"A","date":"2018-04-24T03:17:09.000Z","volume":30000,"label":" ","price":2.61},{"type":"A","date":"2018-04-24T03:22:56.000Z","volume":20000,"label":" ","price":2.6},{"type":"A","date":"2018-04-24T03:23:24.000Z","volume":38000,"label":" ","price":2.6},{"type":"A","date":"2018-04-24T03:25:49.000Z","volume":2000,"label":" ","price":2.6},{"type":"A","date":"2018-04-24T03:25:49.000Z","volume":28000,"label":" ","price":2.61},{"type":"A","date":"2018-04-24T03:31:08.000Z","volume":52000,"label":" ","price":2.61},{"type":"B","date":"2018-04-24T03:32:14.000Z","volume":20000,"label":" ","price":2.59},{"type":"A","date":"2018-04-24T03:33:36.000Z","volume":38000,"label":" ","price":2.6},{"type":"A","date":"2018-04-24T03:39:45.000Z","volume":50000,"label":" ","price":2.6},{"type":"A","date":"2018-04-24T03:40:35.000Z","volume":22000,"label":" ","price":2.6},{"type":"A","date":"2018-04-24T03:40:35.000Z","volume":2000,"label":" ","price":2.61},{"type":"A","date":"2018-04-24T03:44:06.000Z","volume":36000,"label":" ","price":2.6},{"type":"A","date":"2018-04-24T03:46:07.000Z","volume":30000,"label":" ","price":2.6},{"type":"A","date":"2018-04-24T03:51:49.000Z","volume":20000,"label":" ","price":2.6},{"type":"A","date":"2018-04-24T03:56:49.000Z","volume":10000,"label":" ","price":2.6},{"type":"A","date":"2018-04-24T05:01:19.000Z","volume":2000,"label":" ","price":2.6},{"type":"B","date":"2018-04-24T05:07:44.000Z","volume":100000,"label":" ","price":2.58},{"type":"B","date":"2018-04-24T05:08:33.000Z","volume":50000,"label":" ","price":2.58},{"type":"A","date":"2018-04-24T05:09:58.000Z","volume":50000,"label":" ","price":2.59},{"type":"A","date":"2018-04-24T05:12:24.000Z","volume":50000,"label":" ","price":2.6},{"type":"A","date":"2018-04-24T05:14:43.000Z","volume":60000,"label":" ","price":2.6},{"type":"A","date":"2018-04-24T05:14:43.000Z","volume":40000,"label":" ","price":2.6},{"type":"A","date":"2018-04-24T05:24:38.000Z","volume":40000,"label":" ","price":2.6},{"type":"A","date":"2018-04-24T05:24:48.000Z","volume":70000,"label":" ","price":2.6},{"type":"B","date":"2018-04-24T05:35:38.000Z","volume":50000,"label":" ","price":2.58},{"type":"A","date":"2018-04-24T05:36:14.000Z","volume":30000,"label":" ","price":2.6},{"type":"B","date":"2018-04-24T05:41:44.000Z","volume":70000,"label":" ","price":2.59},{"type":"B","date":"2018-04-24T05:42:44.000Z","volume":30000,"label":" ","price":2.59},{"type":"A","date":"2018-04-24T05:49:34.000Z","volume":60000,"label":" ","price":2.61},{"type":"A","date":"2018-04-24T05:50:14.000Z","volume":40000,"label":" ","price":2.61},{"type":"A","date":"2018-04-24T05:51:14.000Z","volume":20000,"label":" ","price":2.61},{"type":"B","date":"2018-04-24T05:52:25.000Z","volume":4000,"label":" ","price":2.59},{"type":"A","date":"2018-04-24T05:58:02.000Z","volume":50000,"label":" ","price":2.6},{"type":"A","date":"2018-04-24T05:58:34.000Z","volume":40000,"label":" ","price":2.6},{"type":"B","date":"2018-04-24T06:01:40.000Z","volume":14000,"label":" ","price":2.59},{"type":"B","date":"2018-04-24T06:06:26.000Z","volume":80000,"label":" ","price":2.58},{"type":"A","date":"2018-04-24T06:07:19.000Z","volume":20000,"label":" ","price":2.6},{"type":"B","date":"2018-04-24T06:17:34.000Z","volume":30000,"label":" ","price":2.58},{"type":"A","date":"2018-04-24T06:18:08.000Z","volume":40000,"label":" ","price":2.6},{"type":"A","date":"2018-04-24T06:34:49.000Z","volume":60000,"label":" ","price":2.59},{"type":"A","date":"2018-04-24T06:46:16.000Z","volume":50000,"label":" ","price":2.59},{"type":"B","date":"2018-04-24T06:50:36.000Z","volume":40000,"label":" ","price":2.58},{"type":"B","date":"2018-04-24T06:51:01.000Z","volume":30000,"label":" ","price":2.58},{"type":"B","date":"2018-04-24T07:02:48.000Z","volume":30000,"label":" ","price":2.58},{"type":"A","date":"2018-04-24T07:10:16.000Z","volume":60000,"label":" ","price":2.59},{"type":"A","date":"2018-04-24T07:17:51.000Z","volume":8000,"label":" ","price":2.58},{"type":"A","date":"2018-04-24T07:19:19.000Z","volume":20000,"label":" ","price":2.59},{"type":"A","date":"2018-04-24T07:39:10.000Z","volume":50000,"label":" ","price":2.59},{"type":"B","date":"2018-04-24T07:39:37.000Z","volume":6000,"label":"Y","price":2.58},{"type":"A","date":"2018-04-24T07:42:21.000Z","volume":50000,"label":" ","price":2.59},{"type":"B","date":"2018-04-24T07:42:53.000Z","volume":6000,"label":" ","price":2.58},{"type":"A","date":"2018-04-24T07:48:23.000Z","volume":4000,"label":" ","price":2.58},{"type":"A","date":"2018-04-24T07:48:23.000Z","volume":26000,"label":" ","price":2.59},{"type":"A","date":"2018-04-24T07:59:00.000Z","volume":8000,"label":" ","price":2.58},{"type":"B","date":"2018-04-24T07:59:06.000Z","volume":10000,"label":" ","price":2.57},{"type":"B","date":"2018-04-24T07:59:37.000Z","volume":2000,"label":" ","price":2.57}]