[{"type":"B","date":"2018-04-17T01:30:01.000Z","volume":1000,"label":" ","price":15.1},{"type":"B","date":"2018-04-17T01:30:02.000Z","volume":4000,"label":" ","price":14.88},{"type":"A","date":"2018-04-17T01:30:31.000Z","volume":500,"label":" ","price":15.1},{"type":"A","date":"2018-04-17T01:31:02.000Z","volume":500,"label":" ","price":15.1},{"type":"A","date":"2018-04-17T01:31:32.000Z","volume":500,"label":" ","price":15.22},{"type":"U","date":"2018-04-17T01:32:49.000Z","volume":10000,"label":" ","price":15.22},{"type":"U","date":"2018-04-17T01:32:49.000Z","volume":500,"label":" ","price":15.2},{"type":"U","date":"2018-04-17T01:32:49.000Z","volume":500,"label":" ","price":15.22},{"type":"A","date":"2018-04-17T01:32:50.000Z","volume":500,"label":" ","price":15.2},{"type":"B","date":"2018-04-17T01:32:50.000Z","volume":500,"label":" ","price":15.1},{"type":"A","date":"2018-04-17T01:32:50.000Z","volume":1000,"label":" ","price":15.2},{"type":"A","date":"2018-04-17T01:32:50.000Z","volume":500,"label":" ","price":15.2},{"type":"B","date":"2018-04-17T01:33:37.000Z","volume":500,"label":" ","price":15.12},{"type":"B","date":"2018-04-17T01:34:02.000Z","volume":1500,"label":" ","price":15.12},{"type":"B","date":"2018-04-17T01:34:02.000Z","volume":500,"label":" ","price":15.1},{"type":"B","date":"2018-04-17T01:34:02.000Z","volume":1000,"label":" ","price":15.02},{"type":"B","date":"2018-04-17T01:34:03.000Z","volume":500,"label":" ","price":15.14},{"type":"B","date":"2018-04-17T01:34:12.000Z","volume":500,"label":" ","price":15.14},{"type":"U","date":"2018-04-17T01:37:11.000Z","volume":500,"label":" ","price":15.08},{"type":"B","date":"2018-04-17T01:40:36.000Z","volume":1000,"label":" ","price":15.06},{"type":"B","date":"2018-04-17T01:41:38.000Z","volume":2000,"label":" ","price":15.06},{"type":"U","date":"2018-04-17T01:41:41.000Z","volume":500,"label":" ","price":15},{"type":"B","date":"2018-04-17T01:42:49.000Z","volume":1000,"label":" ","price":14.98},{"type":"A","date":"2018-04-17T01:42:49.000Z","volume":500,"label":" ","price":14.98},{"type":"A","date":"2018-04-17T01:42:51.000Z","volume":500,"label":" ","price":14.98},{"type":"B","date":"2018-04-17T01:43:15.000Z","volume":3000,"label":" ","price":14.96},{"type":"A","date":"2018-04-17T01:43:15.000Z","volume":500,"label":" ","price":14.98},{"type":"A","date":"2018-04-17T01:43:16.000Z","volume":500,"label":" ","price":14.98},{"type":"B","date":"2018-04-17T01:43:16.000Z","volume":500,"label":" ","price":14.96},{"type":"B","date":"2018-04-17T01:43:39.000Z","volume":2000,"label":" ","price":14.96},{"type":"A","date":"2018-04-17T01:43:51.000Z","volume":500,"label":" ","price":14.96},{"type":"A","date":"2018-04-17T01:44:08.000Z","volume":1500,"label":" ","price":14.96},{"type":"A","date":"2018-04-17T01:44:08.000Z","volume":1000,"label":" ","price":14.96},{"type":"B","date":"2018-04-17T01:44:35.000Z","volume":2500,"label":" ","price":14.94},{"type":"U","date":"2018-04-17T01:44:40.000Z","volume":500,"label":" ","price":14.92},{"type":"A","date":"2018-04-17T01:48:30.000Z","volume":2500,"label":" ","price":14.98},{"type":"A","date":"2018-04-17T01:48:32.000Z","volume":500,"label":" ","price":15},{"type":"A","date":"2018-04-17T01:50:44.000Z","volume":2500,"label":" ","price":15},{"type":"U","date":"2018-04-17T01:50:44.000Z","volume":500,"label":" ","price":15},{"type":"A","date":"2018-04-17T01:50:47.000Z","volume":500,"label":" ","price":15.06},{"type":"A","date":"2018-04-17T01:50:47.000Z","volume":500,"label":" ","price":15.06},{"type":"B","date":"2018-04-17T01:50:54.000Z","volume":1000,"label":" ","price":15.08},{"type":"B","date":"2018-04-17T01:50:54.000Z","volume":500,"label":" ","price":15.06},{"type":"U","date":"2018-04-17T01:50:54.000Z","volume":500,"label":" ","price":15.06},{"type":"B","date":"2018-04-17T01:50:55.000Z","volume":1000,"label":" ","price":15.04},{"type":"B","date":"2018-04-17T01:50:56.000Z","volume":1000,"label":" ","price":15.04},{"type":"A","date":"2018-04-17T01:50:56.000Z","volume":500,"label":" ","price":15.04},{"type":"A","date":"2018-04-17T01:50:56.000Z","volume":500,"label":" ","price":15.04},{"type":"B","date":"2018-04-17T01:50:56.000Z","volume":500,"label":" ","price":15.06},{"type":"B","date":"2018-04-17T01:50:57.000Z","volume":500,"label":" ","price":15.02},{"type":"B","date":"2018-04-17T01:55:16.000Z","volume":500,"label":" ","price":14.98},{"type":"U","date":"2018-04-17T01:56:40.000Z","volume":500,"label":" ","price":15.06},{"type":"B","date":"2018-04-17T01:57:55.000Z","volume":500,"label":"Y","price":15.06},{"type":"B","date":"2018-04-17T01:57:55.000Z","volume":500,"label":" ","price":15.06},{"type":"A","date":"2018-04-17T01:57:55.000Z","volume":500,"label":"Y","price":15.06},{"type":"A","date":"2018-04-17T01:57:55.000Z","volume":500,"label":" ","price":15.06},{"type":"A","date":"2018-04-17T01:57:55.000Z","volume":500,"label":" ","price":15.06},{"type":"B","date":"2018-04-17T01:57:55.000Z","volume":500,"label":" ","price":15.04},{"type":"B","date":"2018-04-17T01:58:10.000Z","volume":1000,"label":" ","price":15.06},{"type":"B","date":"2018-04-17T01:58:10.000Z","volume":1000,"label":" ","price":15.04},{"type":"A","date":"2018-04-17T02:01:07.000Z","volume":500,"label":" ","price":15},{"type":"B","date":"2018-04-17T02:01:07.000Z","volume":500,"label":" ","price":14.96},{"type":"B","date":"2018-04-17T02:03:13.000Z","volume":1000,"label":" ","price":14.98},{"type":"A","date":"2018-04-17T02:03:17.000Z","volume":500,"label":"Y","price":14.98},{"type":"B","date":"2018-04-17T02:03:49.000Z","volume":500,"label":" ","price":14.96},{"type":"A","date":"2018-04-17T02:05:01.000Z","volume":500,"label":" ","price":14.98},{"type":"B","date":"2018-04-17T02:05:23.000Z","volume":500,"label":" ","price":14.96},{"type":"B","date":"2018-04-17T02:05:25.000Z","volume":2000,"label":" ","price":14.96},{"type":"A","date":"2018-04-17T02:05:25.000Z","volume":500,"label":" ","price":14.96},{"type":"A","date":"2018-04-17T02:10:47.000Z","volume":500,"label":" ","price":14.98},{"type":"A","date":"2018-04-17T02:10:47.000Z","volume":500,"label":" ","price":14.98},{"type":"A","date":"2018-04-17T02:11:00.000Z","volume":1000,"label":" ","price":15},{"type":"A","date":"2018-04-17T02:11:00.000Z","volume":500,"label":" ","price":15},{"type":"A","date":"2018-04-17T02:11:01.000Z","volume":500,"label":" ","price":15.02},{"type":"A","date":"2018-04-17T02:11:02.000Z","volume":500,"label":" ","price":15.08},{"type":"B","date":"2018-04-17T02:11:05.000Z","volume":500,"label":" ","price":15.06},{"type":"B","date":"2018-04-17T02:11:05.000Z","volume":500,"label":" ","price":15.06},{"type":"B","date":"2018-04-17T02:11:17.000Z","volume":500,"label":" ","price":15.08},{"type":"B","date":"2018-04-17T02:11:22.000Z","volume":500,"label":" ","price":15.08},{"type":"B","date":"2018-04-17T02:11:22.000Z","volume":1500,"label":" ","price":15.06},{"type":"B","date":"2018-04-17T02:11:22.000Z","volume":500,"label":" ","price":15.04},{"type":"B","date":"2018-04-17T02:11:22.000Z","volume":500,"label":" ","price":15.02},{"type":"B","date":"2018-04-17T02:11:22.000Z","volume":500,"label":" ","price":14.96},{"type":"B","date":"2018-04-17T02:11:33.000Z","volume":500,"label":" ","price":15.02},{"type":"U","date":"2018-04-17T02:12:15.000Z","volume":500,"label":" ","price":15.02},{"type":"A","date":"2018-04-17T02:13:31.000Z","volume":500,"label":" ","price":15.06},{"type":"A","date":"2018-04-17T02:18:37.000Z","volume":2000,"label":" ","price":15.06},{"type":"A","date":"2018-04-17T02:19:56.000Z","volume":500,"label":" ","price":15.1},{"type":"U","date":"2018-04-17T02:20:01.000Z","volume":1000,"label":" ","price":15.1},{"type":"A","date":"2018-04-17T02:20:01.000Z","volume":500,"label":" ","price":15.12},{"type":"B","date":"2018-04-17T02:20:06.000Z","volume":500,"label":" ","price":15.1},{"type":"B","date":"2018-04-17T02:20:06.000Z","volume":500,"label":"Y","price":15.1},{"type":"B","date":"2018-04-17T02:20:19.000Z","volume":500,"label":" ","price":15.08},{"type":"B","date":"2018-04-17T02:21:10.000Z","volume":1500,"label":" ","price":15.08},{"type":"B","date":"2018-04-17T02:25:23.000Z","volume":500,"label":" ","price":15.06},{"type":"B","date":"2018-04-17T02:25:25.000Z","volume":500,"label":"Y","price":15.04},{"type":"B","date":"2018-04-17T02:25:25.000Z","volume":2500,"label":" ","price":15.04},{"type":"B","date":"2018-04-17T02:30:19.000Z","volume":500,"label":" ","price":15.04},{"type":"B","date":"2018-04-17T02:30:23.000Z","volume":500,"label":" ","price":15.04},{"type":"B","date":"2018-04-17T02:30:23.000Z","volume":2000,"label":" ","price":15.02},{"type":"A","date":"2018-04-17T02:30:23.000Z","volume":500,"label":" ","price":15.04},{"type":"A","date":"2018-04-17T02:30:33.000Z","volume":500,"label":" ","price":15.04},{"type":"A","date":"2018-04-17T02:30:36.000Z","volume":500,"label":" ","price":15.04},{"type":"A","date":"2018-04-17T02:30:47.000Z","volume":500,"label":" ","price":15.08},{"type":"A","date":"2018-04-17T02:30:49.000Z","volume":500,"label":" ","price":15.08},{"type":"B","date":"2018-04-17T02:31:06.000Z","volume":500,"label":" ","price":15.06},{"type":"B","date":"2018-04-17T02:31:49.000Z","volume":2000,"label":" ","price":15.06},{"type":"U","date":"2018-04-17T02:31:49.000Z","volume":500,"label":"X","price":15.04},{"type":"B","date":"2018-04-17T02:31:50.000Z","volume":1000,"label":" ","price":15.04},{"type":"B","date":"2018-04-17T02:35:16.000Z","volume":500,"label":" ","price":15.02},{"type":"B","date":"2018-04-17T02:39:26.000Z","volume":500,"label":" ","price":15.02},{"type":"A","date":"2018-04-17T02:43:04.000Z","volume":500,"label":" ","price":15.06},{"type":"A","date":"2018-04-17T02:43:04.000Z","volume":1000,"label":" ","price":15.06},{"type":"A","date":"2018-04-17T02:43:05.000Z","volume":500,"label":" ","price":15.06},{"type":"A","date":"2018-04-17T02:43:05.000Z","volume":500,"label":" ","price":15.06},{"type":"B","date":"2018-04-17T02:43:19.000Z","volume":500,"label":" ","price":15.08},{"type":"B","date":"2018-04-17T02:43:22.000Z","volume":500,"label":" ","price":15.06},{"type":"A","date":"2018-04-17T02:43:56.000Z","volume":500,"label":" ","price":15.06},{"type":"B","date":"2018-04-17T02:44:07.000Z","volume":500,"label":" ","price":15.06},{"type":"A","date":"2018-04-17T02:49:05.000Z","volume":500,"label":" ","price":15.06},{"type":"A","date":"2018-04-17T02:49:44.000Z","volume":1000,"label":" ","price":15.06},{"type":"B","date":"2018-04-17T02:50:19.000Z","volume":500,"label":" ","price":15.04},{"type":"A","date":"2018-04-17T02:51:36.000Z","volume":500,"label":" ","price":15.06},{"type":"A","date":"2018-04-17T02:51:37.000Z","volume":500,"label":" ","price":15.06},{"type":"A","date":"2018-04-17T02:52:10.000Z","volume":500,"label":" ","price":15.06},{"type":"B","date":"2018-04-17T02:54:50.000Z","volume":3500,"label":" ","price":15.04},{"type":"B","date":"2018-04-17T02:54:50.000Z","volume":1000,"label":" ","price":15.02},{"type":"B","date":"2018-04-17T02:54:51.000Z","volume":500,"label":" ","price":15},{"type":"A","date":"2018-04-17T02:54:51.000Z","volume":500,"label":" ","price":15.04},{"type":"A","date":"2018-04-17T02:54:51.000Z","volume":500,"label":" ","price":15.04},{"type":"B","date":"2018-04-17T02:54:52.000Z","volume":500,"label":" ","price":14.98},{"type":"B","date":"2018-04-17T02:55:11.000Z","volume":500,"label":" ","price":15},{"type":"B","date":"2018-04-17T02:55:18.000Z","volume":500,"label":" ","price":15},{"type":"B","date":"2018-04-17T02:55:23.000Z","volume":500,"label":" ","price":15},{"type":"B","date":"2018-04-17T02:56:12.000Z","volume":500,"label":" ","price":15},{"type":"A","date":"2018-04-17T02:56:53.000Z","volume":500,"label":" ","price":15.02},{"type":"A","date":"2018-04-17T02:57:05.000Z","volume":500,"label":" ","price":15.02},{"type":"A","date":"2018-04-17T02:57:05.000Z","volume":6500,"label":" ","price":15.02},{"type":"A","date":"2018-04-17T02:57:05.000Z","volume":500,"label":" ","price":15.02},{"type":"A","date":"2018-04-17T02:57:06.000Z","volume":1500,"label":" ","price":15.04},{"type":"B","date":"2018-04-17T02:57:06.000Z","volume":500,"label":" ","price":15.02},{"type":"A","date":"2018-04-17T02:57:10.000Z","volume":500,"label":" ","price":15.04},{"type":"A","date":"2018-04-17T02:57:10.000Z","volume":5500,"label":" ","price":15.04},{"type":"A","date":"2018-04-17T02:57:10.000Z","volume":1000,"label":" ","price":15.04},{"type":"A","date":"2018-04-17T02:57:13.000Z","volume":500,"label":" ","price":15.06},{"type":"A","date":"2018-04-17T02:57:13.000Z","volume":500,"label":" ","price":15.08},{"type":"A","date":"2018-04-17T02:57:17.000Z","volume":500,"label":" ","price":15.1},{"type":"A","date":"2018-04-17T02:57:17.000Z","volume":500,"label":" ","price":15.1},{"type":"A","date":"2018-04-17T02:57:17.000Z","volume":500,"label":" ","price":15.1},{"type":"A","date":"2018-04-17T02:57:21.000Z","volume":500,"label":" ","price":15.1},{"type":"B","date":"2018-04-17T02:57:22.000Z","volume":500,"label":" ","price":15.08},{"type":"B","date":"2018-04-17T02:57:50.000Z","volume":5500,"label":" ","price":15.06},{"type":"B","date":"2018-04-17T02:57:50.000Z","volume":1000,"label":" ","price":15.06},{"type":"B","date":"2018-04-17T02:58:15.000Z","volume":7000,"label":" ","price":15.04},{"type":"A","date":"2018-04-17T02:58:15.000Z","volume":500,"label":" ","price":15.04},{"type":"B","date":"2018-04-17T02:58:35.000Z","volume":500,"label":" ","price":15.02},{"type":"B","date":"2018-04-17T02:58:36.000Z","volume":500,"label":" ","price":15.02},{"type":"B","date":"2018-04-17T02:58:36.000Z","volume":2500,"label":" ","price":15.02},{"type":"B","date":"2018-04-17T02:58:36.000Z","volume":2000,"label":" ","price":15},{"type":"U","date":"2018-04-17T02:58:36.000Z","volume":500,"label":" ","price":15},{"type":"A","date":"2018-04-17T02:59:45.000Z","volume":500,"label":" ","price":15.02},{"type":"B","date":"2018-04-17T02:59:53.000Z","volume":1500,"label":" ","price":15},{"type":"B","date":"2018-04-17T03:00:02.000Z","volume":1500,"label":" ","price":15},{"type":"B","date":"2018-04-17T03:00:14.000Z","volume":2500,"label":" ","price":15},{"type":"B","date":"2018-04-17T03:00:19.000Z","volume":500,"label":" ","price":15},{"type":"B","date":"2018-04-17T03:00:28.000Z","volume":500,"label":" ","price":14.98},{"type":"B","date":"2018-04-17T03:01:46.000Z","volume":500,"label":" ","price":15},{"type":"B","date":"2018-04-17T03:05:21.000Z","volume":500,"label":" ","price":15},{"type":"A","date":"2018-04-17T03:06:36.000Z","volume":500,"label":" ","price":15.02},{"type":"A","date":"2018-04-17T03:07:18.000Z","volume":500,"label":" ","price":15.02},{"type":"A","date":"2018-04-17T03:08:27.000Z","volume":9000,"label":" ","price":15.02},{"type":"A","date":"2018-04-17T03:08:27.000Z","volume":500,"label":" ","price":15.04},{"type":"U","date":"2018-04-17T03:08:27.000Z","volume":2500,"label":" ","price":15.02},{"type":"A","date":"2018-04-17T03:08:27.000Z","volume":1500,"label":" ","price":15.04},{"type":"A","date":"2018-04-17T03:08:27.000Z","volume":1500,"label":" ","price":15.04},{"type":"A","date":"2018-04-17T03:08:29.000Z","volume":4000,"label":" ","price":15.06},{"type":"B","date":"2018-04-17T03:10:45.000Z","volume":500,"label":" ","price":15.06},{"type":"B","date":"2018-04-17T03:10:54.000Z","volume":4000,"label":" ","price":15.06},{"type":"A","date":"2018-04-17T03:10:54.000Z","volume":2500,"label":" ","price":15.06},{"type":"B","date":"2018-04-17T03:12:22.000Z","volume":6000,"label":" ","price":15.04},{"type":"B","date":"2018-04-17T03:13:17.000Z","volume":500,"label":" ","price":15.04},{"type":"B","date":"2018-04-17T03:13:17.000Z","volume":1500,"label":" ","price":15.04},{"type":"B","date":"2018-04-17T03:13:17.000Z","volume":1000,"label":" ","price":15.02},{"type":"B","date":"2018-04-17T03:13:46.000Z","volume":1000,"label":" ","price":15.04},{"type":"B","date":"2018-04-17T03:13:56.000Z","volume":500,"label":" ","price":15.04},{"type":"B","date":"2018-04-17T03:14:27.000Z","volume":1000,"label":" ","price":15.04},{"type":"B","date":"2018-04-17T03:20:35.000Z","volume":500,"label":" ","price":15.04},{"type":"B","date":"2018-04-17T03:21:24.000Z","volume":500,"label":" ","price":15.04},{"type":"B","date":"2018-04-17T03:23:05.000Z","volume":500,"label":" ","price":15.04},{"type":"B","date":"2018-04-17T03:23:05.000Z","volume":3500,"label":" ","price":15.04},{"type":"B","date":"2018-04-17T03:25:21.000Z","volume":500,"label":" ","price":15.04},{"type":"U","date":"2018-04-17T03:25:21.000Z","volume":500,"label":"X","price":15.04},{"type":"A","date":"2018-04-17T03:31:34.000Z","volume":500,"label":" ","price":15.06},{"type":"B","date":"2018-04-17T03:31:39.000Z","volume":1000,"label":" ","price":15.04},{"type":"B","date":"2018-04-17T03:32:44.000Z","volume":1000,"label":" ","price":15.04},{"type":"A","date":"2018-04-17T03:33:36.000Z","volume":500,"label":" ","price":15.06},{"type":"B","date":"2018-04-17T03:34:45.000Z","volume":1000,"label":" ","price":15.04},{"type":"B","date":"2018-04-17T03:36:42.000Z","volume":1000,"label":" ","price":15.04},{"type":"A","date":"2018-04-17T03:36:43.000Z","volume":500,"label":" ","price":15.06},{"type":"B","date":"2018-04-17T03:37:35.000Z","volume":500,"label":" ","price":15.04},{"type":"B","date":"2018-04-17T03:38:44.000Z","volume":1000,"label":" ","price":15.04},{"type":"B","date":"2018-04-17T03:40:43.000Z","volume":1000,"label":" ","price":15.04},{"type":"B","date":"2018-04-17T03:42:46.000Z","volume":1500,"label":" ","price":15.04},{"type":"B","date":"2018-04-17T03:46:47.000Z","volume":1000,"label":" ","price":15.04},{"type":"A","date":"2018-04-17T03:47:07.000Z","volume":500,"label":" ","price":15.06},{"type":"B","date":"2018-04-17T03:48:48.000Z","volume":1000,"label":" ","price":15.04},{"type":"B","date":"2018-04-17T03:50:46.000Z","volume":1000,"label":" ","price":15.04},{"type":"B","date":"2018-04-17T03:50:50.000Z","volume":2500,"label":" ","price":15.04},{"type":"A","date":"2018-04-17T03:52:32.000Z","volume":500,"label":" ","price":15.06},{"type":"B","date":"2018-04-17T03:54:36.000Z","volume":500,"label":" ","price":15.04},{"type":"B","date":"2018-04-17T03:55:34.000Z","volume":2500,"label":" ","price":15.04},{"type":"B","date":"2018-04-17T03:56:55.000Z","volume":500,"label":" ","price":15.04},{"type":"A","date":"2018-04-17T03:58:14.000Z","volume":1500,"label":" ","price":15.06},{"type":"B","date":"2018-04-17T03:58:19.000Z","volume":500,"label":" ","price":15.04},{"type":"A","date":"2018-04-17T03:58:40.000Z","volume":500,"label":" ","price":15.06},{"type":"B","date":"2018-04-17T03:58:40.000Z","volume":500,"label":" ","price":15.04},{"type":"B","date":"2018-04-17T05:00:03.000Z","volume":500,"label":" ","price":15.04},{"type":"A","date":"2018-04-17T05:00:16.000Z","volume":17500,"label":" ","price":15.06},{"type":"A","date":"2018-04-17T05:00:16.000Z","volume":2500,"label":" ","price":15.06},{"type":"U","date":"2018-04-17T05:00:16.000Z","volume":1000,"label":" ","price":15.06},{"type":"A","date":"2018-04-17T05:00:21.000Z","volume":2000,"label":" ","price":15.06},{"type":"A","date":"2018-04-17T05:00:24.000Z","volume":1000,"label":" ","price":15.06},{"type":"U","date":"2018-04-17T05:00:24.000Z","volume":500,"label":" ","price":15.06},{"type":"B","date":"2018-04-17T05:00:42.000Z","volume":500,"label":" ","price":15.1},{"type":"A","date":"2018-04-17T05:02:56.000Z","volume":500,"label":" ","price":15.12},{"type":"A","date":"2018-04-17T05:04:09.000Z","volume":500,"label":" ","price":15.12},{"type":"B","date":"2018-04-17T05:04:12.000Z","volume":500,"label":"Y","price":15.1},{"type":"B","date":"2018-04-17T05:04:12.000Z","volume":5000,"label":" ","price":15.1},{"type":"B","date":"2018-04-17T05:04:12.000Z","volume":1500,"label":" ","price":15.1},{"type":"B","date":"2018-04-17T05:04:13.000Z","volume":500,"label":" ","price":15.1},{"type":"B","date":"2018-04-17T05:04:13.000Z","volume":500,"label":" ","price":15.1},{"type":"B","date":"2018-04-17T05:04:15.000Z","volume":500,"label":" ","price":15.1},{"type":"B","date":"2018-04-17T05:04:21.000Z","volume":500,"label":" ","price":15.08},{"type":"U","date":"2018-04-17T05:04:21.000Z","volume":1000,"label":"X","price":15.08},{"type":"B","date":"2018-04-17T05:05:24.000Z","volume":500,"label":" ","price":15.08},{"type":"B","date":"2018-04-17T05:08:15.000Z","volume":1500,"label":" ","price":15.1},{"type":"B","date":"2018-04-17T05:10:29.000Z","volume":500,"label":" ","price":15.1},{"type":"A","date":"2018-04-17T05:11:13.000Z","volume":10000,"label":" ","price":15.12},{"type":"B","date":"2018-04-17T05:11:13.000Z","volume":2000,"label":" ","price":15.1},{"type":"B","date":"2018-04-17T05:11:30.000Z","volume":1000,"label":" ","price":15.1},{"type":"B","date":"2018-04-17T05:11:38.000Z","volume":1000,"label":" ","price":15.1},{"type":"U","date":"2018-04-17T05:14:24.000Z","volume":500,"label":"X","price":15.1},{"type":"B","date":"2018-04-17T05:15:23.000Z","volume":500,"label":" ","price":15.1},{"type":"A","date":"2018-04-17T05:16:44.000Z","volume":500,"label":" ","price":15.12},{"type":"A","date":"2018-04-17T05:17:05.000Z","volume":8000,"label":" ","price":15.12},{"type":"A","date":"2018-04-17T05:17:05.000Z","volume":500,"label":" ","price":15.12},{"type":"A","date":"2018-04-17T05:17:50.000Z","volume":1000,"label":" ","price":15.12},{"type":"B","date":"2018-04-17T05:17:50.000Z","volume":500,"label":" ","price":15.12},{"type":"A","date":"2018-04-17T05:18:17.000Z","volume":500,"label":" ","price":15.14},{"type":"B","date":"2018-04-17T05:25:21.000Z","volume":500,"label":" ","price":15.12},{"type":"B","date":"2018-04-17T05:26:05.000Z","volume":6500,"label":" ","price":15.12},{"type":"B","date":"2018-04-17T05:26:09.000Z","volume":3000,"label":" ","price":15.1},{"type":"U","date":"2018-04-17T05:28:11.000Z","volume":500,"label":"X","price":15.08},{"type":"B","date":"2018-04-17T05:28:25.000Z","volume":1500,"label":" ","price":15.08},{"type":"B","date":"2018-04-17T05:30:29.000Z","volume":1000,"label":" ","price":15.06},{"type":"U","date":"2018-04-17T05:30:55.000Z","volume":500,"label":"X","price":15.08},{"type":"B","date":"2018-04-17T05:31:33.000Z","volume":2500,"label":" ","price":15.08},{"type":"U","date":"2018-04-17T05:31:38.000Z","volume":500,"label":" ","price":15.1},{"type":"B","date":"2018-04-17T05:31:39.000Z","volume":500,"label":"Y","price":15.1},{"type":"B","date":"2018-04-17T05:31:52.000Z","volume":2500,"label":" ","price":15.1},{"type":"B","date":"2018-04-17T05:31:52.000Z","volume":500,"label":" ","price":15.1},{"type":"U","date":"2018-04-17T05:32:09.000Z","volume":500,"label":"X","price":15.08},{"type":"B","date":"2018-04-17T05:32:10.000Z","volume":500,"label":" ","price":15.06},{"type":"B","date":"2018-04-17T05:32:40.000Z","volume":500,"label":" ","price":15.04},{"type":"A","date":"2018-04-17T05:32:42.000Z","volume":14500,"label":" ","price":15.12},{"type":"B","date":"2018-04-17T05:32:42.000Z","volume":500,"label":" ","price":15.12},{"type":"A","date":"2018-04-17T05:32:52.000Z","volume":500,"label":" ","price":15.12},{"type":"A","date":"2018-04-17T05:32:52.000Z","volume":500,"label":" ","price":15.12},{"type":"B","date":"2018-04-17T05:38:40.000Z","volume":500,"label":" ","price":15.06},{"type":"B","date":"2018-04-17T05:40:23.000Z","volume":1000,"label":" ","price":15.06},{"type":"B","date":"2018-04-17T05:41:10.000Z","volume":500,"label":" ","price":15.06},{"type":"B","date":"2018-04-17T05:43:12.000Z","volume":4000,"label":" ","price":15.08},{"type":"B","date":"2018-04-17T05:43:12.000Z","volume":6000,"label":" ","price":15.06},{"type":"B","date":"2018-04-17T05:43:31.000Z","volume":5000,"label":" ","price":15.04},{"type":"U","date":"2018-04-17T05:43:42.000Z","volume":1000,"label":" ","price":15.04},{"type":"U","date":"2018-04-17T05:43:47.000Z","volume":1500,"label":" ","price":15.04},{"type":"U","date":"2018-04-17T05:45:15.000Z","volume":1000,"label":" ","price":15.06},{"type":"B","date":"2018-04-17T05:48:59.000Z","volume":6000,"label":" ","price":15.06},{"type":"B","date":"2018-04-17T05:49:15.000Z","volume":6500,"label":" ","price":15.04},{"type":"B","date":"2018-04-17T05:49:57.000Z","volume":1000,"label":" ","price":15.04},{"type":"B","date":"2018-04-17T05:50:10.000Z","volume":1000,"label":" ","price":15.04},{"type":"B","date":"2018-04-17T05:50:10.000Z","volume":500,"label":" ","price":15.04},{"type":"B","date":"2018-04-17T05:50:11.000Z","volume":1000,"label":" ","price":15.02},{"type":"B","date":"2018-04-17T05:50:28.000Z","volume":500,"label":" ","price":15.02},{"type":"B","date":"2018-04-17T05:50:28.000Z","volume":1000,"label":" ","price":15.02},{"type":"B","date":"2018-04-17T05:51:24.000Z","volume":10000,"label":" ","price":15},{"type":"B","date":"2018-04-17T05:52:20.000Z","volume":500,"label":" ","price":14.98},{"type":"B","date":"2018-04-17T05:53:04.000Z","volume":500,"label":" ","price":14.98},{"type":"B","date":"2018-04-17T05:57:09.000Z","volume":1000,"label":" ","price":15},{"type":"B","date":"2018-04-17T05:58:51.000Z","volume":1000,"label":" ","price":15.04},{"type":"A","date":"2018-04-17T05:58:51.000Z","volume":500,"label":" ","price":15.04},{"type":"B","date":"2018-04-17T06:00:04.000Z","volume":3500,"label":" ","price":15},{"type":"B","date":"2018-04-17T06:00:08.000Z","volume":1000,"label":" ","price":15},{"type":"B","date":"2018-04-17T06:00:17.000Z","volume":1000,"label":" ","price":15},{"type":"B","date":"2018-04-17T06:00:17.000Z","volume":1000,"label":" ","price":15},{"type":"B","date":"2018-04-17T06:00:23.000Z","volume":1000,"label":" ","price":15},{"type":"A","date":"2018-04-17T06:07:58.000Z","volume":1000,"label":" ","price":15.04},{"type":"B","date":"2018-04-17T06:08:08.000Z","volume":1000,"label":" ","price":15.02},{"type":"B","date":"2018-04-17T06:08:08.000Z","volume":1000,"label":" ","price":15.02},{"type":"B","date":"2018-04-17T06:10:13.000Z","volume":1000,"label":" ","price":15.02},{"type":"B","date":"2018-04-17T06:10:23.000Z","volume":500,"label":" ","price":15.02},{"type":"B","date":"2018-04-17T06:12:14.000Z","volume":1000,"label":" ","price":15.02},{"type":"B","date":"2018-04-17T06:13:11.000Z","volume":1000,"label":" ","price":15.02},{"type":"B","date":"2018-04-17T06:14:24.000Z","volume":500,"label":" ","price":15.02},{"type":"B","date":"2018-04-17T06:15:11.000Z","volume":1000,"label":" ","price":15.02},{"type":"B","date":"2018-04-17T06:15:26.000Z","volume":500,"label":" ","price":15.02},{"type":"B","date":"2018-04-17T06:15:26.000Z","volume":500,"label":" ","price":15.02},{"type":"B","date":"2018-04-17T06:15:26.000Z","volume":1500,"label":" ","price":15.02},{"type":"B","date":"2018-04-17T06:17:03.000Z","volume":6000,"label":" ","price":15},{"type":"B","date":"2018-04-17T06:17:10.000Z","volume":500,"label":" ","price":14.98},{"type":"B","date":"2018-04-17T06:17:35.000Z","volume":500,"label":" ","price":14.98},{"type":"B","date":"2018-04-17T06:17:41.000Z","volume":1000,"label":" ","price":14.98},{"type":"A","date":"2018-04-17T06:19:12.000Z","volume":500,"label":" ","price":15},{"type":"A","date":"2018-04-17T06:25:08.000Z","volume":2500,"label":" ","price":15},{"type":"B","date":"2018-04-17T06:25:09.000Z","volume":1000,"label":" ","price":14.98},{"type":"A","date":"2018-04-17T06:29:42.000Z","volume":500,"label":" ","price":15},{"type":"B","date":"2018-04-17T06:30:25.000Z","volume":500,"label":" ","price":14.98},{"type":"A","date":"2018-04-17T06:30:54.000Z","volume":2000,"label":" ","price":15},{"type":"B","date":"2018-04-17T06:31:49.000Z","volume":4000,"label":" ","price":14.98},{"type":"B","date":"2018-04-17T06:31:49.000Z","volume":8500,"label":" ","price":14.96},{"type":"B","date":"2018-04-17T06:31:51.000Z","volume":5000,"label":" ","price":14.96},{"type":"B","date":"2018-04-17T06:31:51.000Z","volume":3500,"label":" ","price":14.96},{"type":"U","date":"2018-04-17T06:31:51.000Z","volume":500,"label":"Y","price":14.98},{"type":"B","date":"2018-04-17T06:38:39.000Z","volume":1000,"label":" ","price":14.96},{"type":"B","date":"2018-04-17T06:39:34.000Z","volume":1500,"label":" ","price":14.98},{"type":"B","date":"2018-04-17T06:39:34.000Z","volume":1000,"label":" ","price":14.98},{"type":"A","date":"2018-04-17T06:39:35.000Z","volume":500,"label":" ","price":14.98},{"type":"B","date":"2018-04-17T06:39:35.000Z","volume":1000,"label":" ","price":14.96},{"type":"B","date":"2018-04-17T06:40:02.000Z","volume":1500,"label":" ","price":14.96},{"type":"B","date":"2018-04-17T06:40:02.000Z","volume":500,"label":" ","price":14.96},{"type":"A","date":"2018-04-17T06:40:02.000Z","volume":1000,"label":" ","price":14.98},{"type":"B","date":"2018-04-17T06:46:25.000Z","volume":500,"label":" ","price":14.98},{"type":"B","date":"2018-04-17T06:46:27.000Z","volume":2000,"label":" ","price":14.98},{"type":"A","date":"2018-04-17T06:46:27.000Z","volume":500,"label":" ","price":14.98},{"type":"B","date":"2018-04-17T06:50:24.000Z","volume":500,"label":" ","price":14.98},{"type":"B","date":"2018-04-17T06:50:37.000Z","volume":1000,"label":"Y","price":14.98},{"type":"B","date":"2018-04-17T06:51:07.000Z","volume":500,"label":" ","price":14.96},{"type":"A","date":"2018-04-17T06:51:07.000Z","volume":1500,"label":" ","price":14.98},{"type":"A","date":"2018-04-17T06:51:55.000Z","volume":2500,"label":" ","price":15},{"type":"A","date":"2018-04-17T06:52:04.000Z","volume":2000,"label":" ","price":15},{"type":"B","date":"2018-04-17T06:52:04.000Z","volume":500,"label":" ","price":14.98},{"type":"B","date":"2018-04-17T06:52:04.000Z","volume":1000,"label":" ","price":14.98},{"type":"A","date":"2018-04-17T06:58:14.000Z","volume":500,"label":" ","price":15},{"type":"A","date":"2018-04-17T06:58:53.000Z","volume":500,"label":" ","price":15},{"type":"A","date":"2018-04-17T06:59:56.000Z","volume":500,"label":" ","price":15},{"type":"A","date":"2018-04-17T07:01:47.000Z","volume":1000,"label":" ","price":15},{"type":"A","date":"2018-04-17T07:02:44.000Z","volume":500,"label":" ","price":15},{"type":"A","date":"2018-04-17T07:04:44.000Z","volume":500,"label":" ","price":15},{"type":"A","date":"2018-04-17T07:07:22.000Z","volume":500,"label":" ","price":15},{"type":"A","date":"2018-04-17T07:10:05.000Z","volume":500,"label":" ","price":15},{"type":"A","date":"2018-04-17T07:11:32.000Z","volume":500,"label":" ","price":15},{"type":"B","date":"2018-04-17T07:12:52.000Z","volume":14500,"label":" ","price":14.98},{"type":"B","date":"2018-04-17T07:12:52.000Z","volume":1000,"label":" ","price":14.96},{"type":"B","date":"2018-04-17T07:12:52.000Z","volume":1000,"label":" ","price":14.96},{"type":"B","date":"2018-04-17T07:12:52.000Z","volume":500,"label":"Y","price":14.96},{"type":"B","date":"2018-04-17T07:12:52.000Z","volume":500,"label":"Y","price":14.96},{"type":"B","date":"2018-04-17T07:12:52.000Z","volume":500,"label":" ","price":14.96},{"type":"B","date":"2018-04-17T07:12:59.000Z","volume":500,"label":" ","price":14.96},{"type":"A","date":"2018-04-17T07:12:59.000Z","volume":500,"label":" ","price":14.96},{"type":"B","date":"2018-04-17T07:14:11.000Z","volume":500,"label":" ","price":14.94},{"type":"B","date":"2018-04-17T07:15:11.000Z","volume":8500,"label":" ","price":14.94},{"type":"B","date":"2018-04-17T07:15:42.000Z","volume":1000,"label":" ","price":14.94},{"type":"B","date":"2018-04-17T07:16:49.000Z","volume":1500,"label":" ","price":14.94},{"type":"B","date":"2018-04-17T07:20:25.000Z","volume":1500,"label":" ","price":14.94},{"type":"B","date":"2018-04-17T07:20:44.000Z","volume":2000,"label":" ","price":14.94},{"type":"B","date":"2018-04-17T07:21:41.000Z","volume":500,"label":" ","price":14.92},{"type":"B","date":"2018-04-17T07:21:41.000Z","volume":500,"label":" ","price":14.92},{"type":"B","date":"2018-04-17T07:22:38.000Z","volume":500,"label":" ","price":14.92},{"type":"B","date":"2018-04-17T07:22:41.000Z","volume":500,"label":" ","price":14.92},{"type":"B","date":"2018-04-17T07:25:20.000Z","volume":500,"label":" ","price":14.9},{"type":"B","date":"2018-04-17T07:25:42.000Z","volume":5500,"label":" ","price":14.9},{"type":"A","date":"2018-04-17T07:25:42.000Z","volume":500,"label":" ","price":14.9},{"type":"B","date":"2018-04-17T07:26:02.000Z","volume":2500,"label":" ","price":14.88},{"type":"B","date":"2018-04-17T07:26:02.000Z","volume":1000,"label":" ","price":14.88},{"type":"B","date":"2018-04-17T07:29:24.000Z","volume":2500,"label":" ","price":14.92},{"type":"A","date":"2018-04-17T07:29:24.000Z","volume":500,"label":" ","price":14.92},{"type":"B","date":"2018-04-17T07:30:00.000Z","volume":500,"label":" ","price":14.88},{"type":"B","date":"2018-04-17T07:30:25.000Z","volume":500,"label":" ","price":14.88},{"type":"B","date":"2018-04-17T07:31:57.000Z","volume":500,"label":" ","price":14.9},{"type":"B","date":"2018-04-17T07:34:13.000Z","volume":500,"label":" ","price":14.92},{"type":"B","date":"2018-04-17T07:37:13.000Z","volume":500,"label":" ","price":14.92},{"type":"A","date":"2018-04-17T07:38:40.000Z","volume":500,"label":" ","price":14.94},{"type":"A","date":"2018-04-17T07:38:43.000Z","volume":500,"label":" ","price":14.94},{"type":"A","date":"2018-04-17T07:39:20.000Z","volume":2000,"label":" ","price":14.94},{"type":"A","date":"2018-04-17T07:39:24.000Z","volume":1500,"label":" ","price":14.96},{"type":"B","date":"2018-04-17T07:39:24.000Z","volume":1500,"label":" ","price":14.94},{"type":"B","date":"2018-04-17T07:39:24.000Z","volume":5500,"label":" ","price":14.92},{"type":"B","date":"2018-04-17T07:39:31.000Z","volume":3000,"label":" ","price":14.88},{"type":"B","date":"2018-04-17T07:41:27.000Z","volume":1000,"label":" ","price":14.86},{"type":"B","date":"2018-04-17T07:42:25.000Z","volume":500,"label":"Y","price":14.86},{"type":"B","date":"2018-04-17T07:42:53.000Z","volume":3000,"label":" ","price":14.86},{"type":"B","date":"2018-04-17T07:42:53.000Z","volume":1000,"label":" ","price":14.84},{"type":"B","date":"2018-04-17T07:42:53.000Z","volume":500,"label":" ","price":14.84},{"type":"B","date":"2018-04-17T07:42:53.000Z","volume":500,"label":" ","price":14.82},{"type":"B","date":"2018-04-17T07:43:34.000Z","volume":500,"label":" ","price":14.82},{"type":"B","date":"2018-04-17T07:44:40.000Z","volume":500,"label":" ","price":14.82},{"type":"B","date":"2018-04-17T07:44:52.000Z","volume":3000,"label":" ","price":14.82},{"type":"B","date":"2018-04-17T07:45:14.000Z","volume":500,"label":" ","price":14.82},{"type":"B","date":"2018-04-17T07:45:17.000Z","volume":2500,"label":" ","price":14.82},{"type":"B","date":"2018-04-17T07:45:18.000Z","volume":1000,"label":" ","price":14.8},{"type":"B","date":"2018-04-17T07:46:23.000Z","volume":500,"label":" ","price":14.8},{"type":"B","date":"2018-04-17T07:46:43.000Z","volume":500,"label":" ","price":14.8},{"type":"B","date":"2018-04-17T07:47:32.000Z","volume":500,"label":" ","price":14.8},{"type":"A","date":"2018-04-17T07:47:43.000Z","volume":4500,"label":" ","price":14.82},{"type":"B","date":"2018-04-17T07:50:14.000Z","volume":500,"label":"Y","price":14.8},{"type":"B","date":"2018-04-17T07:50:29.000Z","volume":500,"label":" ","price":14.8},{"type":"B","date":"2018-04-17T07:51:24.000Z","volume":500,"label":" ","price":14.8},{"type":"B","date":"2018-04-17T07:52:02.000Z","volume":500,"label":" ","price":14.82},{"type":"A","date":"2018-04-17T07:52:02.000Z","volume":500,"label":" ","price":14.88},{"type":"A","date":"2018-04-17T07:52:12.000Z","volume":1000,"label":" ","price":14.88},{"type":"B","date":"2018-04-17T07:53:03.000Z","volume":500,"label":"Y","price":14.9},{"type":"B","date":"2018-04-17T07:53:03.000Z","volume":2000,"label":" ","price":14.9},{"type":"A","date":"2018-04-17T07:53:03.000Z","volume":500,"label":"Y","price":14.9},{"type":"B","date":"2018-04-17T07:53:22.000Z","volume":3000,"label":" ","price":14.88},{"type":"B","date":"2018-04-17T07:53:22.000Z","volume":1000,"label":" ","price":14.86},{"type":"B","date":"2018-04-17T07:53:39.000Z","volume":500,"label":" ","price":14.86},{"type":"U","date":"2018-04-17T07:55:00.000Z","volume":500,"label":"X","price":14.86},{"type":"A","date":"2018-04-17T07:55:54.000Z","volume":500,"label":" ","price":14.92},{"type":"A","date":"2018-04-17T07:55:57.000Z","volume":2500,"label":" ","price":14.92},{"type":"B","date":"2018-04-17T07:55:57.000Z","volume":1000,"label":" ","price":14.9},{"type":"A","date":"2018-04-17T07:56:00.000Z","volume":2000,"label":" ","price":14.92},{"type":"B","date":"2018-04-17T07:56:00.000Z","volume":1000,"label":" ","price":14.92},{"type":"A","date":"2018-04-17T07:56:05.000Z","volume":500,"label":" ","price":14.96},{"type":"U","date":"2018-04-17T07:56:14.000Z","volume":2500,"label":" ","price":14.94},{"type":"B","date":"2018-04-17T07:56:19.000Z","volume":500,"label":" ","price":14.94},{"type":"A","date":"2018-04-17T07:56:27.000Z","volume":2000,"label":" ","price":14.96},{"type":"A","date":"2018-04-17T07:56:27.000Z","volume":500,"label":" ","price":14.96},{"type":"U","date":"2018-04-17T07:56:30.000Z","volume":3000,"label":" ","price":14.96},{"type":"B","date":"2018-04-17T07:56:34.000Z","volume":1000,"label":" ","price":14.96},{"type":"B","date":"2018-04-17T07:56:34.000Z","volume":1000,"label":" ","price":14.94},{"type":"B","date":"2018-04-17T07:56:41.000Z","volume":3000,"label":" ","price":14.94},{"type":"B","date":"2018-04-17T07:56:41.000Z","volume":1000,"label":" ","price":14.92},{"type":"A","date":"2018-04-17T07:57:33.000Z","volume":500,"label":" ","price":14.94},{"type":"B","date":"2018-04-17T07:57:44.000Z","volume":500,"label":" ","price":14.92},{"type":"A","date":"2018-04-17T07:57:56.000Z","volume":500,"label":" ","price":14.94},{"type":"A","date":"2018-04-17T07:58:29.000Z","volume":500,"label":" ","price":14.94},{"type":"A","date":"2018-04-17T07:58:31.000Z","volume":500,"label":" ","price":14.94},{"type":"B","date":"2018-04-17T07:58:44.000Z","volume":500,"label":" ","price":14.92},{"type":"A","date":"2018-04-17T07:58:59.000Z","volume":500,"label":" ","price":14.94},{"type":"B","date":"2018-04-17T07:59:00.000Z","volume":500,"label":"Y","price":14.92},{"type":"A","date":"2018-04-17T07:59:15.000Z","volume":1000,"label":" ","price":14.94},{"type":"A","date":"2018-04-17T07:59:20.000Z","volume":500,"label":" ","price":14.94},{"type":"A","date":"2018-04-17T07:59:20.000Z","volume":500,"label":" ","price":14.94},{"type":"B","date":"2018-04-17T07:59:24.000Z","volume":1000,"label":" ","price":14.92},{"type":"A","date":"2018-04-17T07:59:29.000Z","volume":500,"label":" ","price":14.94},{"type":"B","date":"2018-04-17T07:59:30.000Z","volume":500,"label":" ","price":14.92},{"type":"A","date":"2018-04-17T07:59:33.000Z","volume":500,"label":" ","price":14.94},{"type":"A","date":"2018-04-17T07:59:33.000Z","volume":500,"label":" ","price":14.94},{"type":"B","date":"2018-04-17T07:59:34.000Z","volume":500,"label":" ","price":14.92},{"type":"B","date":"2018-04-17T07:59:34.000Z","volume":500,"label":" ","price":14.92},{"type":"B","date":"2018-04-17T07:59:42.000Z","volume":500,"label":"Y","price":14.92}]