[{"type":"A","date":"2018-04-23T01:30:01.000Z","volume":3000,"label":" ","price":2.7},{"type":"B","date":"2018-04-23T01:31:02.000Z","volume":21000,"label":" ","price":2.62},{"type":"B","date":"2018-04-23T01:31:06.000Z","volume":6000,"label":" ","price":2.61},{"type":"A","date":"2018-04-23T01:31:08.000Z","volume":21000,"label":" ","price":2.63},{"type":"A","date":"2018-04-23T01:31:18.000Z","volume":15000,"label":" ","price":2.63},{"type":"A","date":"2018-04-23T01:31:27.000Z","volume":18000,"label":" ","price":2.63},{"type":"A","date":"2018-04-23T01:31:43.000Z","volume":30000,"label":" ","price":2.63},{"type":"A","date":"2018-04-23T01:32:14.000Z","volume":9000,"label":" ","price":2.63},{"type":"B","date":"2018-04-23T01:32:47.000Z","volume":3000,"label":" ","price":2.62},{"type":"B","date":"2018-04-23T01:32:47.000Z","volume":3000,"label":" ","price":2.62},{"type":"A","date":"2018-04-23T01:33:03.000Z","volume":3000,"label":" ","price":2.63},{"type":"B","date":"2018-04-23T01:33:08.000Z","volume":6000,"label":" ","price":2.62},{"type":"A","date":"2018-04-23T01:33:21.000Z","volume":9000,"label":" ","price":2.63},{"type":"A","date":"2018-04-23T01:34:07.000Z","volume":15000,"label":" ","price":2.63},{"type":"A","date":"2018-04-23T01:34:19.000Z","volume":15000,"label":" ","price":2.63},{"type":"A","date":"2018-04-23T01:34:25.000Z","volume":3000,"label":" ","price":2.66},{"type":"A","date":"2018-04-23T01:34:25.000Z","volume":9000,"label":" ","price":2.67},{"type":"A","date":"2018-04-23T01:35:11.000Z","volume":12000,"label":" ","price":2.64},{"type":"A","date":"2018-04-23T01:35:12.000Z","volume":30000,"label":" ","price":2.64},{"type":"B","date":"2018-04-23T01:35:12.000Z","volume":21000,"label":" ","price":2.64},{"type":"B","date":"2018-04-23T01:35:12.000Z","volume":30000,"label":" ","price":2.63},{"type":"A","date":"2018-04-23T01:35:27.000Z","volume":3000,"label":" ","price":2.63},{"type":"A","date":"2018-04-23T01:35:27.000Z","volume":6000,"label":" ","price":2.63},{"type":"B","date":"2018-04-23T01:36:10.000Z","volume":3000,"label":" ","price":2.62},{"type":"B","date":"2018-04-23T01:36:19.000Z","volume":3000,"label":" ","price":2.62},{"type":"A","date":"2018-04-23T01:36:29.000Z","volume":12000,"label":" ","price":2.63},{"type":"A","date":"2018-04-23T01:36:37.000Z","volume":15000,"label":" ","price":2.63},{"type":"A","date":"2018-04-23T01:36:44.000Z","volume":9000,"label":" ","price":2.63},{"type":"A","date":"2018-04-23T01:36:52.000Z","volume":6000,"label":" ","price":2.63},{"type":"A","date":"2018-04-23T01:36:59.000Z","volume":3000,"label":" ","price":2.63},{"type":"A","date":"2018-04-23T01:36:59.000Z","volume":15000,"label":" ","price":2.63},{"type":"B","date":"2018-04-23T01:37:34.000Z","volume":18000,"label":" ","price":2.62},{"type":"A","date":"2018-04-23T01:37:36.000Z","volume":12000,"label":" ","price":2.62},{"type":"A","date":"2018-04-23T01:37:36.000Z","volume":18000,"label":" ","price":2.63},{"type":"A","date":"2018-04-23T01:37:49.000Z","volume":21000,"label":" ","price":2.63},{"type":"A","date":"2018-04-23T01:38:00.000Z","volume":3000,"label":" ","price":2.63},{"type":"B","date":"2018-04-23T01:38:16.000Z","volume":12000,"label":" ","price":2.62},{"type":"A","date":"2018-04-23T01:38:27.000Z","volume":15000,"label":" ","price":2.62},{"type":"A","date":"2018-04-23T01:38:33.000Z","volume":6000,"label":" ","price":2.62},{"type":"A","date":"2018-04-23T01:38:37.000Z","volume":3000,"label":" ","price":2.62},{"type":"A","date":"2018-04-23T01:38:47.000Z","volume":12000,"label":" ","price":2.62},{"type":"A","date":"2018-04-23T01:38:54.000Z","volume":3000,"label":" ","price":2.62},{"type":"A","date":"2018-04-23T01:39:07.000Z","volume":6000,"label":" ","price":2.62},{"type":"A","date":"2018-04-23T01:39:17.000Z","volume":3000,"label":" ","price":2.62},{"type":"A","date":"2018-04-23T01:39:24.000Z","volume":3000,"label":" ","price":2.62},{"type":"A","date":"2018-04-23T01:39:33.000Z","volume":3000,"label":" ","price":2.62},{"type":"A","date":"2018-04-23T01:39:39.000Z","volume":3000,"label":" ","price":2.62},{"type":"A","date":"2018-04-23T01:39:39.000Z","volume":3000,"label":" ","price":2.62},{"type":"A","date":"2018-04-23T01:39:57.000Z","volume":15000,"label":" ","price":2.62},{"type":"B","date":"2018-04-23T01:40:01.000Z","volume":27000,"label":" ","price":2.61},{"type":"A","date":"2018-04-23T01:40:03.000Z","volume":9000,"label":" ","price":2.62},{"type":"A","date":"2018-04-23T01:40:15.000Z","volume":6000,"label":" ","price":2.62},{"type":"A","date":"2018-04-23T01:40:37.000Z","volume":3000,"label":" ","price":2.62},{"type":"A","date":"2018-04-23T01:40:44.000Z","volume":6000,"label":" ","price":2.62},{"type":"A","date":"2018-04-23T01:41:02.000Z","volume":3000,"label":" ","price":2.62},{"type":"A","date":"2018-04-23T01:41:10.000Z","volume":3000,"label":" ","price":2.62},{"type":"B","date":"2018-04-23T01:42:35.000Z","volume":21000,"label":" ","price":2.6},{"type":"B","date":"2018-04-23T01:42:35.000Z","volume":18000,"label":" ","price":2.59},{"type":"B","date":"2018-04-23T01:42:40.000Z","volume":3000,"label":" ","price":2.59},{"type":"U","date":"2018-04-23T01:43:01.000Z","volume":6000,"label":" ","price":2.59},{"type":"A","date":"2018-04-23T01:45:07.000Z","volume":9000,"label":" ","price":2.62},{"type":"A","date":"2018-04-23T01:47:33.000Z","volume":3000,"label":" ","price":2.6},{"type":"B","date":"2018-04-23T01:50:49.000Z","volume":18000,"label":" ","price":2.58},{"type":"B","date":"2018-04-23T01:54:17.000Z","volume":3000,"label":" ","price":2.57},{"type":"B","date":"2018-04-23T01:54:17.000Z","volume":3000,"label":" ","price":2.57},{"type":"B","date":"2018-04-23T01:54:17.000Z","volume":6000,"label":" ","price":2.57},{"type":"B","date":"2018-04-23T01:55:11.000Z","volume":27000,"label":" ","price":2.56},{"type":"B","date":"2018-04-23T01:55:11.000Z","volume":24000,"label":" ","price":2.55},{"type":"A","date":"2018-04-23T01:55:46.000Z","volume":3000,"label":" ","price":2.59},{"type":"U","date":"2018-04-23T01:59:43.000Z","volume":6000,"label":" ","price":2.56},{"type":"A","date":"2018-04-23T01:59:51.000Z","volume":9000,"label":" ","price":2.58},{"type":"B","date":"2018-04-23T02:07:08.000Z","volume":3000,"label":" ","price":2.55},{"type":"B","date":"2018-04-23T02:07:08.000Z","volume":3000,"label":" ","price":2.55},{"type":"B","date":"2018-04-23T02:07:47.000Z","volume":3000,"label":" ","price":2.55},{"type":"B","date":"2018-04-23T02:15:17.000Z","volume":3000,"label":" ","price":2.55},{"type":"B","date":"2018-04-23T02:18:03.000Z","volume":18000,"label":" ","price":2.55},{"type":"B","date":"2018-04-23T02:19:04.000Z","volume":36000,"label":" ","price":2.54},{"type":"B","date":"2018-04-23T02:19:10.000Z","volume":3000,"label":" ","price":2.53},{"type":"B","date":"2018-04-23T02:19:45.000Z","volume":9000,"label":" ","price":2.52},{"type":"B","date":"2018-04-23T02:19:45.000Z","volume":27000,"label":" ","price":2.51},{"type":"B","date":"2018-04-23T02:19:45.000Z","volume":165000,"label":" ","price":2.5},{"type":"A","date":"2018-04-23T02:20:43.000Z","volume":3000,"label":" ","price":2.53},{"type":"B","date":"2018-04-23T02:20:47.000Z","volume":3000,"label":" ","price":2.5},{"type":"B","date":"2018-04-23T02:23:33.000Z","volume":12000,"label":" ","price":2.51},{"type":"B","date":"2018-04-23T02:23:33.000Z","volume":6000,"label":" ","price":2.5},{"type":"A","date":"2018-04-23T02:25:12.000Z","volume":9000,"label":" ","price":2.53},{"type":"B","date":"2018-04-23T02:26:02.000Z","volume":3000,"label":" ","price":2.51},{"type":"B","date":"2018-04-23T02:30:47.000Z","volume":3000,"label":" ","price":2.5},{"type":"A","date":"2018-04-23T02:31:20.000Z","volume":12000,"label":" ","price":2.51},{"type":"A","date":"2018-04-23T02:31:20.000Z","volume":24000,"label":" ","price":2.51},{"type":"A","date":"2018-04-23T02:31:43.000Z","volume":12000,"label":" ","price":2.51},{"type":"A","date":"2018-04-23T02:31:48.000Z","volume":6000,"label":" ","price":2.51},{"type":"A","date":"2018-04-23T02:31:56.000Z","volume":3000,"label":" ","price":2.51},{"type":"A","date":"2018-04-23T02:32:02.000Z","volume":6000,"label":" ","price":2.51},{"type":"A","date":"2018-04-23T02:32:07.000Z","volume":12000,"label":" ","price":2.51},{"type":"A","date":"2018-04-23T02:32:23.000Z","volume":9000,"label":" ","price":2.51},{"type":"A","date":"2018-04-23T02:32:31.000Z","volume":18000,"label":" ","price":2.51},{"type":"A","date":"2018-04-23T02:32:33.000Z","volume":9000,"label":" ","price":2.51},{"type":"A","date":"2018-04-23T02:32:36.000Z","volume":6000,"label":" ","price":2.51},{"type":"B","date":"2018-04-23T02:32:41.000Z","volume":3000,"label":" ","price":2.51},{"type":"A","date":"2018-04-23T02:32:41.000Z","volume":33000,"label":" ","price":2.51},{"type":"B","date":"2018-04-23T02:33:17.000Z","volume":33000,"label":" ","price":2.5},{"type":"B","date":"2018-04-23T02:33:17.000Z","volume":36000,"label":" ","price":2.5},{"type":"A","date":"2018-04-23T02:34:34.000Z","volume":15000,"label":" ","price":2.51},{"type":"A","date":"2018-04-23T02:34:41.000Z","volume":6000,"label":" ","price":2.51},{"type":"A","date":"2018-04-23T02:34:49.000Z","volume":9000,"label":" ","price":2.51},{"type":"A","date":"2018-04-23T02:35:24.000Z","volume":3000,"label":" ","price":2.51},{"type":"A","date":"2018-04-23T02:35:37.000Z","volume":9000,"label":" ","price":2.51},{"type":"A","date":"2018-04-23T02:35:58.000Z","volume":6000,"label":" ","price":2.51},{"type":"A","date":"2018-04-23T02:36:08.000Z","volume":3000,"label":" ","price":2.51},{"type":"A","date":"2018-04-23T02:36:08.000Z","volume":3000,"label":" ","price":2.51},{"type":"A","date":"2018-04-23T02:36:20.000Z","volume":18000,"label":" ","price":2.51},{"type":"A","date":"2018-04-23T02:36:27.000Z","volume":12000,"label":" ","price":2.51},{"type":"A","date":"2018-04-23T02:36:27.000Z","volume":6000,"label":" ","price":2.51},{"type":"B","date":"2018-04-23T02:36:42.000Z","volume":18000,"label":" ","price":2.5},{"type":"B","date":"2018-04-23T02:36:42.000Z","volume":12000,"label":" ","price":2.49},{"type":"B","date":"2018-04-23T02:36:42.000Z","volume":15000,"label":" ","price":2.48},{"type":"B","date":"2018-04-23T02:36:42.000Z","volume":12000,"label":" ","price":2.47},{"type":"B","date":"2018-04-23T02:36:42.000Z","volume":9000,"label":" ","price":2.46},{"type":"B","date":"2018-04-23T02:36:42.000Z","volume":15000,"label":" ","price":2.45},{"type":"B","date":"2018-04-23T02:36:42.000Z","volume":9000,"label":" ","price":2.44},{"type":"B","date":"2018-04-23T02:36:42.000Z","volume":9000,"label":" ","price":2.43},{"type":"B","date":"2018-04-23T02:36:42.000Z","volume":9000,"label":" ","price":2.42},{"type":"A","date":"2018-04-23T02:37:09.000Z","volume":3000,"label":" ","price":2.49},{"type":"A","date":"2018-04-23T02:37:36.000Z","volume":6000,"label":" ","price":2.49},{"type":"A","date":"2018-04-23T02:37:40.000Z","volume":3000,"label":" ","price":2.49},{"type":"A","date":"2018-04-23T02:38:21.000Z","volume":3000,"label":" ","price":2.49},{"type":"A","date":"2018-04-23T02:39:33.000Z","volume":3000,"label":" ","price":2.49},{"type":"A","date":"2018-04-23T02:43:35.000Z","volume":9000,"label":" ","price":2.49},{"type":"B","date":"2018-04-23T02:46:37.000Z","volume":12000,"label":" ","price":2.47},{"type":"B","date":"2018-04-23T02:49:03.000Z","volume":3000,"label":" ","price":2.46},{"type":"B","date":"2018-04-23T02:49:03.000Z","volume":3000,"label":" ","price":2.46},{"type":"A","date":"2018-04-23T02:53:25.000Z","volume":21000,"label":" ","price":2.49},{"type":"A","date":"2018-04-23T02:53:37.000Z","volume":3000,"label":" ","price":2.52},{"type":"A","date":"2018-04-23T02:56:16.000Z","volume":3000,"label":" ","price":2.53},{"type":"B","date":"2018-04-23T02:56:18.000Z","volume":3000,"label":" ","price":2.49},{"type":"A","date":"2018-04-23T03:11:47.000Z","volume":9000,"label":" ","price":2.48},{"type":"A","date":"2018-04-23T03:11:47.000Z","volume":30000,"label":" ","price":2.48},{"type":"A","date":"2018-04-23T03:11:47.000Z","volume":3000,"label":" ","price":2.49},{"type":"A","date":"2018-04-23T03:11:47.000Z","volume":3000,"label":" ","price":2.5},{"type":"A","date":"2018-04-23T03:12:37.000Z","volume":18000,"label":" ","price":2.49},{"type":"A","date":"2018-04-23T03:12:37.000Z","volume":18000,"label":" ","price":2.49},{"type":"A","date":"2018-04-23T03:12:39.000Z","volume":6000,"label":" ","price":2.5},{"type":"B","date":"2018-04-23T03:12:40.000Z","volume":21000,"label":" ","price":2.49},{"type":"A","date":"2018-04-23T03:12:53.000Z","volume":3000,"label":" ","price":2.49},{"type":"A","date":"2018-04-23T03:13:24.000Z","volume":18000,"label":" ","price":2.49},{"type":"A","date":"2018-04-23T03:13:24.000Z","volume":9000,"label":" ","price":2.49},{"type":"B","date":"2018-04-23T03:13:34.000Z","volume":18000,"label":" ","price":2.49},{"type":"A","date":"2018-04-23T03:13:40.000Z","volume":3000,"label":" ","price":2.49},{"type":"A","date":"2018-04-23T03:13:46.000Z","volume":12000,"label":" ","price":2.49},{"type":"A","date":"2018-04-23T03:13:46.000Z","volume":9000,"label":" ","price":2.49},{"type":"B","date":"2018-04-23T03:13:53.000Z","volume":6000,"label":" ","price":2.49},{"type":"A","date":"2018-04-23T03:14:03.000Z","volume":9000,"label":" ","price":2.49},{"type":"A","date":"2018-04-23T03:14:04.000Z","volume":3000,"label":" ","price":2.49},{"type":"A","date":"2018-04-23T03:14:09.000Z","volume":9000,"label":" ","price":2.49},{"type":"A","date":"2018-04-23T03:14:09.000Z","volume":9000,"label":" ","price":2.49},{"type":"A","date":"2018-04-23T03:14:25.000Z","volume":3000,"label":" ","price":2.49},{"type":"A","date":"2018-04-23T03:14:52.000Z","volume":12000,"label":" ","price":2.49},{"type":"A","date":"2018-04-23T03:14:52.000Z","volume":3000,"label":" ","price":2.49},{"type":"A","date":"2018-04-23T03:14:52.000Z","volume":6000,"label":" ","price":2.49},{"type":"A","date":"2018-04-23T03:14:57.000Z","volume":3000,"label":" ","price":2.49},{"type":"A","date":"2018-04-23T03:15:35.000Z","volume":15000,"label":" ","price":2.49},{"type":"A","date":"2018-04-23T03:15:35.000Z","volume":9000,"label":" ","price":2.49},{"type":"B","date":"2018-04-23T03:15:46.000Z","volume":6000,"label":" ","price":2.49},{"type":"A","date":"2018-04-23T03:16:12.000Z","volume":12000,"label":" ","price":2.49},{"type":"A","date":"2018-04-23T03:16:12.000Z","volume":12000,"label":" ","price":2.49},{"type":"B","date":"2018-04-23T03:16:13.000Z","volume":3000,"label":" ","price":2.49},{"type":"B","date":"2018-04-23T03:16:31.000Z","volume":3000,"label":" ","price":2.49},{"type":"A","date":"2018-04-23T03:16:36.000Z","volume":9000,"label":" ","price":2.49},{"type":"A","date":"2018-04-23T03:16:43.000Z","volume":12000,"label":" ","price":2.49},{"type":"A","date":"2018-04-23T03:16:43.000Z","volume":6000,"label":" ","price":2.49},{"type":"B","date":"2018-04-23T03:16:51.000Z","volume":6000,"label":" ","price":2.49},{"type":"A","date":"2018-04-23T03:16:56.000Z","volume":9000,"label":" ","price":2.49},{"type":"A","date":"2018-04-23T03:16:56.000Z","volume":3000,"label":" ","price":2.49},{"type":"A","date":"2018-04-23T03:17:04.000Z","volume":6000,"label":" ","price":2.49},{"type":"A","date":"2018-04-23T03:17:04.000Z","volume":3000,"label":" ","price":2.49},{"type":"A","date":"2018-04-23T03:17:15.000Z","volume":15000,"label":" ","price":2.49},{"type":"A","date":"2018-04-23T03:17:17.000Z","volume":6000,"label":" ","price":2.49},{"type":"A","date":"2018-04-23T03:17:20.000Z","volume":6000,"label":" ","price":2.49},{"type":"A","date":"2018-04-23T03:17:20.000Z","volume":9000,"label":" ","price":2.49},{"type":"B","date":"2018-04-23T03:17:30.000Z","volume":18000,"label":" ","price":2.49},{"type":"A","date":"2018-04-23T03:17:34.000Z","volume":21000,"label":" ","price":2.49},{"type":"A","date":"2018-04-23T03:17:34.000Z","volume":9000,"label":" ","price":2.49},{"type":"B","date":"2018-04-23T03:17:39.000Z","volume":21000,"label":" ","price":2.49},{"type":"A","date":"2018-04-23T03:17:42.000Z","volume":6000,"label":" ","price":2.49},{"type":"A","date":"2018-04-23T03:17:44.000Z","volume":3000,"label":" ","price":2.49},{"type":"A","date":"2018-04-23T03:17:49.000Z","volume":12000,"label":" ","price":2.49},{"type":"A","date":"2018-04-23T03:17:49.000Z","volume":3000,"label":" ","price":2.49},{"type":"A","date":"2018-04-23T03:17:49.000Z","volume":6000,"label":" ","price":2.49},{"type":"A","date":"2018-04-23T03:17:55.000Z","volume":6000,"label":" ","price":2.49},{"type":"A","date":"2018-04-23T03:17:57.000Z","volume":3000,"label":" ","price":2.49},{"type":"A","date":"2018-04-23T03:18:00.000Z","volume":9000,"label":" ","price":2.49},{"type":"A","date":"2018-04-23T03:18:00.000Z","volume":3000,"label":" ","price":2.49},{"type":"A","date":"2018-04-23T03:18:03.000Z","volume":6000,"label":" ","price":2.49},{"type":"A","date":"2018-04-23T03:18:03.000Z","volume":3000,"label":" ","price":2.49},{"type":"B","date":"2018-04-23T03:18:10.000Z","volume":12000,"label":" ","price":2.49},{"type":"A","date":"2018-04-23T03:18:14.000Z","volume":15000,"label":" ","price":2.49},{"type":"A","date":"2018-04-23T03:18:16.000Z","volume":15000,"label":" ","price":2.49},{"type":"B","date":"2018-04-23T03:18:23.000Z","volume":15000,"label":" ","price":2.49},{"type":"A","date":"2018-04-23T03:18:33.000Z","volume":6000,"label":" ","price":2.49},{"type":"A","date":"2018-04-23T03:18:33.000Z","volume":3000,"label":" ","price":2.49},{"type":"A","date":"2018-04-23T03:18:41.000Z","volume":3000,"label":" ","price":2.49},{"type":"B","date":"2018-04-23T03:18:45.000Z","volume":15000,"label":" ","price":2.49},{"type":"A","date":"2018-04-23T03:18:48.000Z","volume":6000,"label":" ","price":2.49},{"type":"A","date":"2018-04-23T03:18:56.000Z","volume":9000,"label":" ","price":2.49},{"type":"B","date":"2018-04-23T03:18:59.000Z","volume":12000,"label":" ","price":2.49},{"type":"A","date":"2018-04-23T03:19:02.000Z","volume":6000,"label":" ","price":2.49},{"type":"A","date":"2018-04-23T03:19:04.000Z","volume":6000,"label":" ","price":2.49},{"type":"A","date":"2018-04-23T03:19:07.000Z","volume":3000,"label":" ","price":2.49},{"type":"A","date":"2018-04-23T03:19:10.000Z","volume":6000,"label":" ","price":2.49},{"type":"A","date":"2018-04-23T03:19:10.000Z","volume":6000,"label":" ","price":2.49},{"type":"A","date":"2018-04-23T03:19:21.000Z","volume":3000,"label":" ","price":2.49},{"type":"A","date":"2018-04-23T03:19:42.000Z","volume":12000,"label":" ","price":2.49},{"type":"A","date":"2018-04-23T03:19:42.000Z","volume":9000,"label":" ","price":2.49},{"type":"B","date":"2018-04-23T03:19:49.000Z","volume":18000,"label":" ","price":2.49},{"type":"A","date":"2018-04-23T03:19:54.000Z","volume":9000,"label":" ","price":2.49},{"type":"A","date":"2018-04-23T03:19:54.000Z","volume":15000,"label":" ","price":2.49},{"type":"A","date":"2018-04-23T03:20:02.000Z","volume":6000,"label":" ","price":2.49},{"type":"A","date":"2018-04-23T03:20:10.000Z","volume":12000,"label":" ","price":2.49},{"type":"A","date":"2018-04-23T03:20:10.000Z","volume":3000,"label":" ","price":2.49},{"type":"A","date":"2018-04-23T03:20:10.000Z","volume":3000,"label":" ","price":2.49},{"type":"A","date":"2018-04-23T03:20:23.000Z","volume":3000,"label":" ","price":2.49},{"type":"A","date":"2018-04-23T03:20:29.000Z","volume":12000,"label":" ","price":2.49},{"type":"A","date":"2018-04-23T03:20:30.000Z","volume":3000,"label":" ","price":2.49},{"type":"A","date":"2018-04-23T03:20:34.000Z","volume":6000,"label":" ","price":2.49},{"type":"A","date":"2018-04-23T03:20:37.000Z","volume":6000,"label":" ","price":2.49},{"type":"B","date":"2018-04-23T03:20:45.000Z","volume":12000,"label":" ","price":2.49},{"type":"A","date":"2018-04-23T03:20:48.000Z","volume":6000,"label":" ","price":2.49},{"type":"A","date":"2018-04-23T03:20:51.000Z","volume":3000,"label":" ","price":2.49},{"type":"A","date":"2018-04-23T03:20:55.000Z","volume":9000,"label":" ","price":2.49},{"type":"A","date":"2018-04-23T03:20:56.000Z","volume":3000,"label":" ","price":2.49},{"type":"A","date":"2018-04-23T03:20:56.000Z","volume":3000,"label":" ","price":2.49},{"type":"B","date":"2018-04-23T03:21:01.000Z","volume":12000,"label":" ","price":2.49},{"type":"A","date":"2018-04-23T03:21:26.000Z","volume":6000,"label":" ","price":2.49},{"type":"A","date":"2018-04-23T03:21:26.000Z","volume":12000,"label":" ","price":2.49},{"type":"A","date":"2018-04-23T03:21:26.000Z","volume":3000,"label":" ","price":2.49},{"type":"A","date":"2018-04-23T03:21:36.000Z","volume":27000,"label":" ","price":2.49},{"type":"A","date":"2018-04-23T03:21:36.000Z","volume":18000,"label":" ","price":2.5},{"type":"A","date":"2018-04-23T03:21:36.000Z","volume":9000,"label":" ","price":2.5},{"type":"B","date":"2018-04-23T03:21:52.000Z","volume":9000,"label":" ","price":2.5},{"type":"B","date":"2018-04-23T03:21:52.000Z","volume":84000,"label":" ","price":2.49},{"type":"A","date":"2018-04-23T03:21:52.000Z","volume":6000,"label":" ","price":2.49},{"type":"B","date":"2018-04-23T03:22:06.000Z","volume":36000,"label":" ","price":2.49},{"type":"B","date":"2018-04-23T03:22:06.000Z","volume":6000,"label":" ","price":2.49},{"type":"B","date":"2018-04-23T03:22:14.000Z","volume":21000,"label":" ","price":2.49},{"type":"A","date":"2018-04-23T03:22:20.000Z","volume":6000,"label":" ","price":2.49},{"type":"A","date":"2018-04-23T03:22:20.000Z","volume":9000,"label":" ","price":2.49},{"type":"B","date":"2018-04-23T03:22:28.000Z","volume":30000,"label":" ","price":2.49},{"type":"A","date":"2018-04-23T03:22:43.000Z","volume":24000,"label":" ","price":2.49},{"type":"A","date":"2018-04-23T03:22:43.000Z","volume":6000,"label":" ","price":2.49},{"type":"B","date":"2018-04-23T03:22:55.000Z","volume":33000,"label":" ","price":2.49},{"type":"A","date":"2018-04-23T03:22:55.000Z","volume":3000,"label":" ","price":2.49},{"type":"A","date":"2018-04-23T03:23:01.000Z","volume":6000,"label":" ","price":2.49},{"type":"A","date":"2018-04-23T03:23:01.000Z","volume":18000,"label":" ","price":2.49},{"type":"B","date":"2018-04-23T03:23:07.000Z","volume":9000,"label":" ","price":2.49},{"type":"A","date":"2018-04-23T03:23:08.000Z","volume":21000,"label":" ","price":2.49},{"type":"B","date":"2018-04-23T03:23:20.000Z","volume":15000,"label":" ","price":2.49},{"type":"A","date":"2018-04-23T03:23:20.000Z","volume":15000,"label":" ","price":2.49},{"type":"A","date":"2018-04-23T03:23:20.000Z","volume":15000,"label":" ","price":2.49},{"type":"A","date":"2018-04-23T03:24:22.000Z","volume":12000,"label":" ","price":2.51},{"type":"A","date":"2018-04-23T03:24:22.000Z","volume":3000,"label":" ","price":2.51},{"type":"B","date":"2018-04-23T03:24:34.000Z","volume":3000,"label":" ","price":2.51},{"type":"A","date":"2018-04-23T03:24:36.000Z","volume":18000,"label":" ","price":2.51},{"type":"A","date":"2018-04-23T03:24:48.000Z","volume":3000,"label":" ","price":2.53},{"type":"B","date":"2018-04-23T03:24:54.000Z","volume":21000,"label":" ","price":2.51},{"type":"A","date":"2018-04-23T03:24:57.000Z","volume":3000,"label":" ","price":2.51},{"type":"A","date":"2018-04-23T03:24:57.000Z","volume":9000,"label":" ","price":2.51},{"type":"A","date":"2018-04-23T03:25:04.000Z","volume":12000,"label":" ","price":2.51},{"type":"A","date":"2018-04-23T03:25:04.000Z","volume":3000,"label":" ","price":2.51},{"type":"B","date":"2018-04-23T03:25:05.000Z","volume":3000,"label":" ","price":2.51},{"type":"B","date":"2018-04-23T03:25:07.000Z","volume":6000,"label":" ","price":2.51},{"type":"B","date":"2018-04-23T03:25:07.000Z","volume":9000,"label":" ","price":2.51},{"type":"A","date":"2018-04-23T03:25:17.000Z","volume":12000,"label":" ","price":2.51},{"type":"A","date":"2018-04-23T03:25:23.000Z","volume":12000,"label":" ","price":2.51},{"type":"A","date":"2018-04-23T03:25:23.000Z","volume":18000,"label":" ","price":2.51},{"type":"A","date":"2018-04-23T03:25:32.000Z","volume":3000,"label":" ","price":2.51},{"type":"A","date":"2018-04-23T03:25:32.000Z","volume":3000,"label":" ","price":2.51},{"type":"A","date":"2018-04-23T03:25:35.000Z","volume":12000,"label":" ","price":2.51},{"type":"A","date":"2018-04-23T03:25:39.000Z","volume":3000,"label":" ","price":2.51},{"type":"A","date":"2018-04-23T03:25:41.000Z","volume":9000,"label":" ","price":2.51},{"type":"A","date":"2018-04-23T03:25:41.000Z","volume":9000,"label":" ","price":2.51},{"type":"A","date":"2018-04-23T03:25:44.000Z","volume":6000,"label":" ","price":2.51},{"type":"A","date":"2018-04-23T03:25:47.000Z","volume":6000,"label":" ","price":2.51},{"type":"A","date":"2018-04-23T03:25:50.000Z","volume":12000,"label":" ","price":2.51},{"type":"A","date":"2018-04-23T03:25:50.000Z","volume":12000,"label":" ","price":2.51},{"type":"B","date":"2018-04-23T03:25:56.000Z","volume":12000,"label":" ","price":2.51},{"type":"A","date":"2018-04-23T03:26:00.000Z","volume":3000,"label":" ","price":2.51},{"type":"A","date":"2018-04-23T03:26:03.000Z","volume":6000,"label":" ","price":2.51},{"type":"A","date":"2018-04-23T03:26:09.000Z","volume":6000,"label":" ","price":2.51},{"type":"A","date":"2018-04-23T03:26:09.000Z","volume":3000,"label":" ","price":2.51},{"type":"A","date":"2018-04-23T03:26:12.000Z","volume":3000,"label":" ","price":2.51},{"type":"B","date":"2018-04-23T03:26:16.000Z","volume":3000,"label":" ","price":2.51},{"type":"A","date":"2018-04-23T03:26:19.000Z","volume":9000,"label":" ","price":2.51},{"type":"A","date":"2018-04-23T03:26:26.000Z","volume":12000,"label":" ","price":2.51},{"type":"A","date":"2018-04-23T03:26:31.000Z","volume":15000,"label":" ","price":2.51},{"type":"A","date":"2018-04-23T03:26:35.000Z","volume":3000,"label":" ","price":2.51},{"type":"A","date":"2018-04-23T03:26:39.000Z","volume":9000,"label":" ","price":2.51},{"type":"A","date":"2018-04-23T03:26:46.000Z","volume":3000,"label":" ","price":2.53},{"type":"B","date":"2018-04-23T03:26:59.000Z","volume":27000,"label":" ","price":2.51},{"type":"A","date":"2018-04-23T03:27:01.000Z","volume":9000,"label":" ","price":2.51},{"type":"A","date":"2018-04-23T03:27:11.000Z","volume":6000,"label":" ","price":2.51},{"type":"A","date":"2018-04-23T03:27:17.000Z","volume":12000,"label":" ","price":2.51},{"type":"A","date":"2018-04-23T03:27:20.000Z","volume":6000,"label":" ","price":2.51},{"type":"B","date":"2018-04-23T03:27:28.000Z","volume":12000,"label":" ","price":2.51},{"type":"A","date":"2018-04-23T03:27:39.000Z","volume":18000,"label":" ","price":2.51},{"type":"A","date":"2018-04-23T03:27:48.000Z","volume":21000,"label":" ","price":2.51},{"type":"A","date":"2018-04-23T03:27:48.000Z","volume":15000,"label":" ","price":2.51},{"type":"A","date":"2018-04-23T03:28:02.000Z","volume":21000,"label":" ","price":2.51},{"type":"A","date":"2018-04-23T03:28:06.000Z","volume":9000,"label":" ","price":2.51},{"type":"A","date":"2018-04-23T03:28:09.000Z","volume":9000,"label":" ","price":2.51},{"type":"A","date":"2018-04-23T03:28:11.000Z","volume":12000,"label":" ","price":2.51},{"type":"A","date":"2018-04-23T03:28:11.000Z","volume":3000,"label":" ","price":2.51},{"type":"A","date":"2018-04-23T03:28:21.000Z","volume":9000,"label":" ","price":2.51},{"type":"A","date":"2018-04-23T03:28:25.000Z","volume":6000,"label":" ","price":2.51},{"type":"A","date":"2018-04-23T03:28:31.000Z","volume":6000,"label":" ","price":2.54},{"type":"B","date":"2018-04-23T03:28:34.000Z","volume":18000,"label":" ","price":2.51},{"type":"A","date":"2018-04-23T03:28:50.000Z","volume":24000,"label":" ","price":2.51},{"type":"A","date":"2018-04-23T03:29:04.000Z","volume":6000,"label":" ","price":2.52},{"type":"A","date":"2018-04-23T03:29:20.000Z","volume":6000,"label":" ","price":2.52},{"type":"A","date":"2018-04-23T03:29:20.000Z","volume":9000,"label":" ","price":2.52},{"type":"A","date":"2018-04-23T03:29:39.000Z","volume":12000,"label":" ","price":2.52},{"type":"A","date":"2018-04-23T03:29:42.000Z","volume":6000,"label":" ","price":2.52},{"type":"A","date":"2018-04-23T03:29:42.000Z","volume":12000,"label":" ","price":2.52},{"type":"B","date":"2018-04-23T03:29:50.000Z","volume":6000,"label":" ","price":2.52},{"type":"A","date":"2018-04-23T03:29:53.000Z","volume":6000,"label":" ","price":2.52},{"type":"A","date":"2018-04-23T03:29:58.000Z","volume":12000,"label":" ","price":2.52},{"type":"A","date":"2018-04-23T03:29:58.000Z","volume":3000,"label":" ","price":2.52},{"type":"A","date":"2018-04-23T03:30:14.000Z","volume":18000,"label":" ","price":2.52},{"type":"A","date":"2018-04-23T03:30:19.000Z","volume":9000,"label":" ","price":2.52},{"type":"A","date":"2018-04-23T03:30:19.000Z","volume":12000,"label":" ","price":2.52},{"type":"B","date":"2018-04-23T03:30:30.000Z","volume":12000,"label":" ","price":2.52},{"type":"A","date":"2018-04-23T03:30:34.000Z","volume":9000,"label":" ","price":2.52},{"type":"A","date":"2018-04-23T03:31:14.000Z","volume":9000,"label":" ","price":2.52},{"type":"A","date":"2018-04-23T03:31:18.000Z","volume":18000,"label":" ","price":2.52},{"type":"A","date":"2018-04-23T03:31:18.000Z","volume":6000,"label":" ","price":2.52},{"type":"A","date":"2018-04-23T03:31:35.000Z","volume":3000,"label":" ","price":2.52},{"type":"A","date":"2018-04-23T03:31:40.000Z","volume":12000,"label":" ","price":2.52},{"type":"A","date":"2018-04-23T03:31:44.000Z","volume":24000,"label":" ","price":2.52},{"type":"A","date":"2018-04-23T03:31:44.000Z","volume":6000,"label":" ","price":2.52},{"type":"A","date":"2018-04-23T03:31:53.000Z","volume":6000,"label":" ","price":2.52},{"type":"A","date":"2018-04-23T03:31:58.000Z","volume":15000,"label":" ","price":2.52},{"type":"A","date":"2018-04-23T03:32:01.000Z","volume":15000,"label":" ","price":2.52},{"type":"A","date":"2018-04-23T03:32:01.000Z","volume":3000,"label":" ","price":2.52},{"type":"A","date":"2018-04-23T03:32:08.000Z","volume":6000,"label":" ","price":2.52},{"type":"A","date":"2018-04-23T03:32:13.000Z","volume":12000,"label":" ","price":2.52},{"type":"A","date":"2018-04-23T03:32:13.000Z","volume":6000,"label":" ","price":2.52},{"type":"A","date":"2018-04-23T03:32:29.000Z","volume":3000,"label":" ","price":2.54},{"type":"B","date":"2018-04-23T03:32:32.000Z","volume":27000,"label":" ","price":2.51},{"type":"A","date":"2018-04-23T03:32:38.000Z","volume":6000,"label":" ","price":2.51},{"type":"B","date":"2018-04-23T03:32:39.000Z","volume":6000,"label":" ","price":2.51},{"type":"A","date":"2018-04-23T03:32:42.000Z","volume":12000,"label":" ","price":2.51},{"type":"A","date":"2018-04-23T03:32:46.000Z","volume":3000,"label":" ","price":2.53},{"type":"A","date":"2018-04-23T03:33:01.000Z","volume":3000,"label":" ","price":2.52},{"type":"A","date":"2018-04-23T03:33:11.000Z","volume":15000,"label":" ","price":2.52},{"type":"A","date":"2018-04-23T03:33:16.000Z","volume":3000,"label":" ","price":2.53},{"type":"A","date":"2018-04-23T03:33:20.000Z","volume":3000,"label":" ","price":2.54},{"type":"B","date":"2018-04-23T03:33:33.000Z","volume":15000,"label":" ","price":2.52},{"type":"B","date":"2018-04-23T03:33:38.000Z","volume":15000,"label":" ","price":2.51},{"type":"A","date":"2018-04-23T03:33:38.000Z","volume":3000,"label":" ","price":2.51},{"type":"A","date":"2018-04-23T03:33:54.000Z","volume":18000,"label":" ","price":2.52},{"type":"A","date":"2018-04-23T03:33:59.000Z","volume":12000,"label":" ","price":2.52},{"type":"A","date":"2018-04-23T03:34:06.000Z","volume":3000,"label":" ","price":2.53},{"type":"B","date":"2018-04-23T03:34:09.000Z","volume":3000,"label":" ","price":2.52},{"type":"A","date":"2018-04-23T03:34:11.000Z","volume":9000,"label":" ","price":2.52},{"type":"A","date":"2018-04-23T03:34:17.000Z","volume":12000,"label":" ","price":2.52},{"type":"A","date":"2018-04-23T03:34:17.000Z","volume":9000,"label":" ","price":2.52},{"type":"A","date":"2018-04-23T03:34:25.000Z","volume":6000,"label":" ","price":2.52},{"type":"B","date":"2018-04-23T03:34:28.000Z","volume":27000,"label":" ","price":2.51},{"type":"A","date":"2018-04-23T03:34:37.000Z","volume":9000,"label":" ","price":2.52},{"type":"B","date":"2018-04-23T03:34:40.000Z","volume":3000,"label":" ","price":2.52},{"type":"A","date":"2018-04-23T03:34:52.000Z","volume":12000,"label":" ","price":2.52},{"type":"A","date":"2018-04-23T03:35:03.000Z","volume":12000,"label":" ","price":2.52},{"type":"A","date":"2018-04-23T03:35:10.000Z","volume":6000,"label":" ","price":2.52},{"type":"A","date":"2018-04-23T03:35:14.000Z","volume":3000,"label":" ","price":2.52},{"type":"A","date":"2018-04-23T03:35:19.000Z","volume":6000,"label":" ","price":2.53},{"type":"A","date":"2018-04-23T03:35:25.000Z","volume":3000,"label":" ","price":2.54},{"type":"B","date":"2018-04-23T03:35:28.000Z","volume":3000,"label":" ","price":2.52},{"type":"A","date":"2018-04-23T03:35:48.000Z","volume":15000,"label":" ","price":2.52},{"type":"A","date":"2018-04-23T03:35:48.000Z","volume":27000,"label":" ","price":2.52},{"type":"A","date":"2018-04-23T03:35:53.000Z","volume":3000,"label":" ","price":2.54},{"type":"A","date":"2018-04-23T03:36:15.000Z","volume":3000,"label":" ","price":2.52},{"type":"A","date":"2018-04-23T03:36:16.000Z","volume":9000,"label":" ","price":2.52},{"type":"A","date":"2018-04-23T03:36:21.000Z","volume":21000,"label":" ","price":2.52},{"type":"A","date":"2018-04-23T03:36:21.000Z","volume":15000,"label":" ","price":2.52},{"type":"A","date":"2018-04-23T03:36:33.000Z","volume":12000,"label":" ","price":2.52},{"type":"A","date":"2018-04-23T03:36:40.000Z","volume":30000,"label":" ","price":2.52},{"type":"A","date":"2018-04-23T03:36:40.000Z","volume":15000,"label":" ","price":2.52},{"type":"A","date":"2018-04-23T03:36:47.000Z","volume":3000,"label":" ","price":2.54},{"type":"A","date":"2018-04-23T03:37:02.000Z","volume":12000,"label":" ","price":2.52},{"type":"A","date":"2018-04-23T03:37:10.000Z","volume":21000,"label":" ","price":2.52},{"type":"A","date":"2018-04-23T03:37:10.000Z","volume":12000,"label":" ","price":2.52},{"type":"A","date":"2018-04-23T03:37:26.000Z","volume":3000,"label":" ","price":2.54},{"type":"B","date":"2018-04-23T03:37:31.000Z","volume":15000,"label":" ","price":2.52},{"type":"A","date":"2018-04-23T03:37:40.000Z","volume":9000,"label":" ","price":2.52},{"type":"A","date":"2018-04-23T03:37:42.000Z","volume":9000,"label":" ","price":2.52},{"type":"A","date":"2018-04-23T03:37:42.000Z","volume":6000,"label":" ","price":2.52},{"type":"A","date":"2018-04-23T03:37:48.000Z","volume":9000,"label":" ","price":2.52},{"type":"A","date":"2018-04-23T03:37:52.000Z","volume":12000,"label":" ","price":2.52},{"type":"A","date":"2018-04-23T03:38:00.000Z","volume":12000,"label":" ","price":2.52},{"type":"A","date":"2018-04-23T03:38:06.000Z","volume":3000,"label":" ","price":2.54},{"type":"B","date":"2018-04-23T03:38:16.000Z","volume":18000,"label":" ","price":2.52},{"type":"A","date":"2018-04-23T03:38:24.000Z","volume":48000,"label":" ","price":2.52},{"type":"A","date":"2018-04-23T03:38:24.000Z","volume":12000,"label":" ","price":2.52},{"type":"A","date":"2018-04-23T03:38:35.000Z","volume":3000,"label":" ","price":2.52},{"type":"A","date":"2018-04-23T03:38:43.000Z","volume":30000,"label":" ","price":2.52},{"type":"A","date":"2018-04-23T03:38:50.000Z","volume":15000,"label":" ","price":2.52},{"type":"A","date":"2018-04-23T03:38:50.000Z","volume":6000,"label":" ","price":2.52},{"type":"A","date":"2018-04-23T03:39:09.000Z","volume":3000,"label":" ","price":2.54},{"type":"B","date":"2018-04-23T03:39:14.000Z","volume":12000,"label":" ","price":2.52},{"type":"B","date":"2018-04-23T03:39:14.000Z","volume":9000,"label":" ","price":2.51},{"type":"B","date":"2018-04-23T03:39:34.000Z","volume":15000,"label":" ","price":2.51},{"type":"A","date":"2018-04-23T03:39:48.000Z","volume":3000,"label":" ","price":2.52},{"type":"A","date":"2018-04-23T03:40:27.000Z","volume":21000,"label":" ","price":2.52},{"type":"A","date":"2018-04-23T03:40:37.000Z","volume":6000,"label":" ","price":2.52},{"type":"A","date":"2018-04-23T03:41:51.000Z","volume":9000,"label":"Y","price":2.52},{"type":"B","date":"2018-04-23T03:42:23.000Z","volume":21000,"label":" ","price":2.51},{"type":"A","date":"2018-04-23T03:42:29.000Z","volume":9000,"label":" ","price":2.51},{"type":"A","date":"2018-04-23T03:42:39.000Z","volume":6000,"label":" ","price":2.51},{"type":"A","date":"2018-04-23T03:42:44.000Z","volume":6000,"label":" ","price":2.51},{"type":"B","date":"2018-04-23T03:42:53.000Z","volume":3000,"label":" ","price":2.51},{"type":"A","date":"2018-04-23T03:42:58.000Z","volume":9000,"label":" ","price":2.51},{"type":"A","date":"2018-04-23T03:43:03.000Z","volume":3000,"label":" ","price":2.51},{"type":"A","date":"2018-04-23T03:43:06.000Z","volume":6000,"label":" ","price":2.51},{"type":"A","date":"2018-04-23T03:43:10.000Z","volume":3000,"label":" ","price":2.51},{"type":"A","date":"2018-04-23T03:43:17.000Z","volume":9000,"label":" ","price":2.51},{"type":"A","date":"2018-04-23T03:43:17.000Z","volume":18000,"label":" ","price":2.51},{"type":"A","date":"2018-04-23T03:43:29.000Z","volume":3000,"label":" ","price":2.51},{"type":"B","date":"2018-04-23T03:43:34.000Z","volume":18000,"label":" ","price":2.51},{"type":"A","date":"2018-04-23T03:43:42.000Z","volume":12000,"label":" ","price":2.51},{"type":"A","date":"2018-04-23T03:43:42.000Z","volume":3000,"label":" ","price":2.51},{"type":"A","date":"2018-04-23T03:43:51.000Z","volume":12000,"label":" ","price":2.51},{"type":"A","date":"2018-04-23T03:43:58.000Z","volume":6000,"label":" ","price":2.51},{"type":"A","date":"2018-04-23T03:44:07.000Z","volume":9000,"label":" ","price":2.51},{"type":"A","date":"2018-04-23T03:44:07.000Z","volume":3000,"label":" ","price":2.51},{"type":"B","date":"2018-04-23T03:44:12.000Z","volume":12000,"label":" ","price":2.51},{"type":"A","date":"2018-04-23T03:44:18.000Z","volume":6000,"label":" ","price":2.51},{"type":"A","date":"2018-04-23T03:44:23.000Z","volume":15000,"label":" ","price":2.51},{"type":"A","date":"2018-04-23T03:44:23.000Z","volume":12000,"label":" ","price":2.51},{"type":"A","date":"2018-04-23T03:44:38.000Z","volume":6000,"label":" ","price":2.51},{"type":"A","date":"2018-04-23T03:44:46.000Z","volume":6000,"label":" ","price":2.51},{"type":"A","date":"2018-04-23T03:44:52.000Z","volume":3000,"label":" ","price":2.51},{"type":"A","date":"2018-04-23T03:44:57.000Z","volume":3000,"label":" ","price":2.51},{"type":"B","date":"2018-04-23T03:45:11.000Z","volume":12000,"label":" ","price":2.51},{"type":"A","date":"2018-04-23T03:45:14.000Z","volume":9000,"label":" ","price":2.51},{"type":"A","date":"2018-04-23T03:45:19.000Z","volume":24000,"label":" ","price":2.51},{"type":"B","date":"2018-04-23T03:45:25.000Z","volume":21000,"label":" ","price":2.51},{"type":"A","date":"2018-04-23T03:45:41.000Z","volume":12000,"label":" ","price":2.51},{"type":"A","date":"2018-04-23T03:45:56.000Z","volume":15000,"label":" ","price":2.51},{"type":"A","date":"2018-04-23T03:45:56.000Z","volume":6000,"label":" ","price":2.51},{"type":"A","date":"2018-04-23T03:46:03.000Z","volume":12000,"label":" ","price":2.51},{"type":"A","date":"2018-04-23T03:46:03.000Z","volume":15000,"label":" ","price":2.51},{"type":"B","date":"2018-04-23T03:46:12.000Z","volume":9000,"label":" ","price":2.51},{"type":"A","date":"2018-04-23T03:46:15.000Z","volume":15000,"label":" ","price":2.51},{"type":"A","date":"2018-04-23T03:46:15.000Z","volume":9000,"label":" ","price":2.51},{"type":"B","date":"2018-04-23T03:46:19.000Z","volume":9000,"label":" ","price":2.51},{"type":"A","date":"2018-04-23T03:46:27.000Z","volume":15000,"label":" ","price":2.51},{"type":"A","date":"2018-04-23T03:46:27.000Z","volume":21000,"label":" ","price":2.51},{"type":"B","date":"2018-04-23T03:46:32.000Z","volume":9000,"label":" ","price":2.51},{"type":"A","date":"2018-04-23T03:46:36.000Z","volume":3000,"label":" ","price":2.51},{"type":"A","date":"2018-04-23T03:46:46.000Z","volume":9000,"label":" ","price":2.51},{"type":"A","date":"2018-04-23T03:46:46.000Z","volume":12000,"label":" ","price":2.51},{"type":"B","date":"2018-04-23T03:46:50.000Z","volume":9000,"label":" ","price":2.51},{"type":"A","date":"2018-04-23T03:46:56.000Z","volume":6000,"label":" ","price":2.51},{"type":"A","date":"2018-04-23T03:47:00.000Z","volume":9000,"label":" ","price":2.51},{"type":"A","date":"2018-04-23T03:47:00.000Z","volume":15000,"label":" ","price":2.51},{"type":"B","date":"2018-04-23T03:47:18.000Z","volume":12000,"label":" ","price":2.51},{"type":"B","date":"2018-04-23T03:47:32.000Z","volume":12000,"label":" ","price":2.5},{"type":"A","date":"2018-04-23T03:47:49.000Z","volume":24000,"label":" ","price":2.51},{"type":"A","date":"2018-04-23T03:47:54.000Z","volume":18000,"label":" ","price":2.51},{"type":"A","date":"2018-04-23T03:47:54.000Z","volume":9000,"label":" ","price":2.51},{"type":"A","date":"2018-04-23T03:48:03.000Z","volume":9000,"label":" ","price":2.51},{"type":"A","date":"2018-04-23T03:48:03.000Z","volume":3000,"label":" ","price":2.51},{"type":"A","date":"2018-04-23T03:48:11.000Z","volume":3000,"label":" ","price":2.53},{"type":"A","date":"2018-04-23T03:48:32.000Z","volume":6000,"label":" ","price":2.51},{"type":"A","date":"2018-04-23T03:48:40.000Z","volume":6000,"label":" ","price":2.51},{"type":"A","date":"2018-04-23T03:48:40.000Z","volume":3000,"label":" ","price":2.51},{"type":"A","date":"2018-04-23T03:48:49.000Z","volume":3000,"label":" ","price":2.53},{"type":"A","date":"2018-04-23T03:48:56.000Z","volume":3000,"label":" ","price":2.53},{"type":"A","date":"2018-04-23T03:49:23.000Z","volume":3000,"label":" ","price":2.53},{"type":"A","date":"2018-04-23T03:50:10.000Z","volume":3000,"label":" ","price":2.54},{"type":"A","date":"2018-04-23T03:50:16.000Z","volume":3000,"label":" ","price":2.54},{"type":"A","date":"2018-04-23T03:51:07.000Z","volume":3000,"label":" ","price":2.56},{"type":"A","date":"2018-04-23T03:53:02.000Z","volume":12000,"label":" ","price":2.54},{"type":"A","date":"2018-04-23T03:53:21.000Z","volume":27000,"label":" ","price":2.54},{"type":"A","date":"2018-04-23T03:53:21.000Z","volume":9000,"label":" ","price":2.54},{"type":"A","date":"2018-04-23T03:53:29.000Z","volume":12000,"label":" ","price":2.54},{"type":"B","date":"2018-04-23T03:53:41.000Z","volume":12000,"label":" ","price":2.53},{"type":"A","date":"2018-04-23T03:54:25.000Z","volume":12000,"label":" ","price":2.54},{"type":"A","date":"2018-04-23T03:54:31.000Z","volume":21000,"label":" ","price":2.54},{"type":"A","date":"2018-04-23T03:54:58.000Z","volume":3000,"label":" ","price":2.54},{"type":"A","date":"2018-04-23T03:56:42.000Z","volume":15000,"label":" ","price":2.54},{"type":"A","date":"2018-04-23T03:56:49.000Z","volume":15000,"label":" ","price":2.54},{"type":"B","date":"2018-04-23T03:56:52.000Z","volume":6000,"label":" ","price":2.54},{"type":"B","date":"2018-04-23T03:56:52.000Z","volume":15000,"label":" ","price":2.53},{"type":"B","date":"2018-04-23T03:56:52.000Z","volume":21000,"label":" ","price":2.52},{"type":"A","date":"2018-04-23T03:57:06.000Z","volume":9000,"label":" ","price":2.52},{"type":"B","date":"2018-04-23T03:57:49.000Z","volume":12000,"label":" ","price":2.52},{"type":"A","date":"2018-04-23T03:58:09.000Z","volume":6000,"label":" ","price":2.52},{"type":"A","date":"2018-04-23T03:58:15.000Z","volume":3000,"label":" ","price":2.52},{"type":"B","date":"2018-04-23T03:58:19.000Z","volume":3000,"label":" ","price":2.52},{"type":"A","date":"2018-04-23T03:58:20.000Z","volume":3000,"label":" ","price":2.52},{"type":"A","date":"2018-04-23T03:58:24.000Z","volume":9000,"label":" ","price":2.52},{"type":"B","date":"2018-04-23T03:58:36.000Z","volume":3000,"label":" ","price":2.52},{"type":"A","date":"2018-04-23T03:59:13.000Z","volume":15000,"label":" ","price":2.52},{"type":"A","date":"2018-04-23T05:03:50.000Z","volume":3000,"label":" ","price":2.52},{"type":"A","date":"2018-04-23T05:04:00.000Z","volume":6000,"label":" ","price":2.52},{"type":"A","date":"2018-04-23T05:04:11.000Z","volume":3000,"label":" ","price":2.52},{"type":"A","date":"2018-04-23T05:04:43.000Z","volume":3000,"label":" ","price":2.52},{"type":"B","date":"2018-04-23T05:05:02.000Z","volume":6000,"label":" ","price":2.51},{"type":"B","date":"2018-04-23T05:05:12.000Z","volume":3000,"label":" ","price":2.51},{"type":"B","date":"2018-04-23T05:05:12.000Z","volume":3000,"label":" ","price":2.51},{"type":"A","date":"2018-04-23T05:06:17.000Z","volume":3000,"label":" ","price":2.52},{"type":"A","date":"2018-04-23T05:06:31.000Z","volume":3000,"label":" ","price":2.52},{"type":"B","date":"2018-04-23T05:06:43.000Z","volume":3000,"label":" ","price":2.52},{"type":"A","date":"2018-04-23T05:08:10.000Z","volume":21000,"label":" ","price":2.52},{"type":"A","date":"2018-04-23T05:08:20.000Z","volume":9000,"label":" ","price":2.52},{"type":"A","date":"2018-04-23T05:08:20.000Z","volume":6000,"label":" ","price":2.52},{"type":"B","date":"2018-04-23T05:08:35.000Z","volume":9000,"label":" ","price":2.52},{"type":"A","date":"2018-04-23T05:09:15.000Z","volume":9000,"label":" ","price":2.52},{"type":"A","date":"2018-04-23T05:09:21.000Z","volume":3000,"label":" ","price":2.52},{"type":"A","date":"2018-04-23T05:09:21.000Z","volume":3000,"label":" ","price":2.52},{"type":"B","date":"2018-04-23T05:09:57.000Z","volume":9000,"label":" ","price":2.52},{"type":"A","date":"2018-04-23T05:10:19.000Z","volume":33000,"label":" ","price":2.52},{"type":"A","date":"2018-04-23T05:10:19.000Z","volume":27000,"label":" ","price":2.52},{"type":"B","date":"2018-04-23T05:10:24.000Z","volume":9000,"label":" ","price":2.52},{"type":"A","date":"2018-04-23T05:10:28.000Z","volume":12000,"label":" ","price":2.52},{"type":"A","date":"2018-04-23T05:10:39.000Z","volume":6000,"label":" ","price":2.52},{"type":"A","date":"2018-04-23T05:10:39.000Z","volume":3000,"label":" ","price":2.52},{"type":"B","date":"2018-04-23T05:11:02.000Z","volume":12000,"label":" ","price":2.52},{"type":"A","date":"2018-04-23T05:11:09.000Z","volume":9000,"label":" ","price":2.52},{"type":"A","date":"2018-04-23T05:11:14.000Z","volume":3000,"label":" ","price":2.52},{"type":"B","date":"2018-04-23T05:12:18.000Z","volume":6000,"label":" ","price":2.52},{"type":"A","date":"2018-04-23T05:12:37.000Z","volume":36000,"label":" ","price":2.52},{"type":"A","date":"2018-04-23T05:12:43.000Z","volume":24000,"label":" ","price":2.52},{"type":"A","date":"2018-04-23T05:12:43.000Z","volume":15000,"label":" ","price":2.52},{"type":"B","date":"2018-04-23T05:13:22.000Z","volume":9000,"label":" ","price":2.52},{"type":"A","date":"2018-04-23T05:13:26.000Z","volume":12000,"label":" ","price":2.52},{"type":"A","date":"2018-04-23T05:13:32.000Z","volume":6000,"label":" ","price":2.52},{"type":"A","date":"2018-04-23T05:13:32.000Z","volume":3000,"label":" ","price":2.52},{"type":"B","date":"2018-04-23T05:13:35.000Z","volume":12000,"label":" ","price":2.52},{"type":"A","date":"2018-04-23T05:13:40.000Z","volume":9000,"label":" ","price":2.52},{"type":"B","date":"2018-04-23T05:13:52.000Z","volume":3000,"label":" ","price":2.52},{"type":"A","date":"2018-04-23T05:13:56.000Z","volume":15000,"label":" ","price":2.52},{"type":"A","date":"2018-04-23T05:14:05.000Z","volume":30000,"label":" ","price":2.52},{"type":"A","date":"2018-04-23T05:14:05.000Z","volume":12000,"label":" ","price":2.52},{"type":"A","date":"2018-04-23T05:14:15.000Z","volume":27000,"label":" ","price":2.52},{"type":"A","date":"2018-04-23T05:14:23.000Z","volume":33000,"label":" ","price":2.52},{"type":"A","date":"2018-04-23T05:14:28.000Z","volume":12000,"label":" ","price":2.52},{"type":"A","date":"2018-04-23T05:14:37.000Z","volume":12000,"label":" ","price":2.52},{"type":"A","date":"2018-04-23T05:14:37.000Z","volume":3000,"label":" ","price":2.52},{"type":"B","date":"2018-04-23T05:14:46.000Z","volume":21000,"label":" ","price":2.52},{"type":"A","date":"2018-04-23T05:14:57.000Z","volume":27000,"label":" ","price":2.52},{"type":"A","date":"2018-04-23T05:14:57.000Z","volume":12000,"label":" ","price":2.52},{"type":"B","date":"2018-04-23T05:15:01.000Z","volume":9000,"label":" ","price":2.52},{"type":"A","date":"2018-04-23T05:15:04.000Z","volume":12000,"label":" ","price":2.52},{"type":"A","date":"2018-04-23T05:15:08.000Z","volume":6000,"label":" ","price":2.52},{"type":"A","date":"2018-04-23T05:15:08.000Z","volume":3000,"label":" ","price":2.52},{"type":"B","date":"2018-04-23T05:15:15.000Z","volume":9000,"label":" ","price":2.52},{"type":"A","date":"2018-04-23T05:15:15.000Z","volume":12000,"label":" ","price":2.52},{"type":"A","date":"2018-04-23T05:15:21.000Z","volume":15000,"label":" ","price":2.52},{"type":"A","date":"2018-04-23T05:15:21.000Z","volume":3000,"label":" ","price":2.52},{"type":"B","date":"2018-04-23T05:15:31.000Z","volume":18000,"label":" ","price":2.52},{"type":"A","date":"2018-04-23T05:15:50.000Z","volume":30000,"label":" ","price":2.52},{"type":"A","date":"2018-04-23T05:15:50.000Z","volume":15000,"label":" ","price":2.52},{"type":"B","date":"2018-04-23T05:16:16.000Z","volume":21000,"label":" ","price":2.52},{"type":"A","date":"2018-04-23T05:16:25.000Z","volume":12000,"label":" ","price":2.52},{"type":"A","date":"2018-04-23T05:16:37.000Z","volume":9000,"label":" ","price":2.52},{"type":"A","date":"2018-04-23T05:16:37.000Z","volume":3000,"label":" ","price":2.52},{"type":"B","date":"2018-04-23T05:17:04.000Z","volume":6000,"label":" ","price":2.52},{"type":"A","date":"2018-04-23T05:17:09.000Z","volume":9000,"label":" ","price":2.52},{"type":"A","date":"2018-04-23T05:17:09.000Z","volume":6000,"label":" ","price":2.52},{"type":"A","date":"2018-04-23T05:17:16.000Z","volume":12000,"label":" ","price":2.52},{"type":"A","date":"2018-04-23T05:17:22.000Z","volume":6000,"label":" ","price":2.52},{"type":"A","date":"2018-04-23T05:17:27.000Z","volume":24000,"label":" ","price":2.52},{"type":"A","date":"2018-04-23T05:17:27.000Z","volume":12000,"label":" ","price":2.52},{"type":"B","date":"2018-04-23T05:17:31.000Z","volume":9000,"label":" ","price":2.52},{"type":"A","date":"2018-04-23T05:17:36.000Z","volume":3000,"label":" ","price":2.52},{"type":"A","date":"2018-04-23T05:17:43.000Z","volume":27000,"label":" ","price":2.52},{"type":"A","date":"2018-04-23T05:17:43.000Z","volume":6000,"label":" ","price":2.52},{"type":"B","date":"2018-04-23T05:17:46.000Z","volume":9000,"label":" ","price":2.52},{"type":"A","date":"2018-04-23T05:17:53.000Z","volume":21000,"label":" ","price":2.52},{"type":"A","date":"2018-04-23T05:17:59.000Z","volume":27000,"label":" ","price":2.52},{"type":"A","date":"2018-04-23T05:17:59.000Z","volume":3000,"label":" ","price":2.52},{"type":"B","date":"2018-04-23T05:18:08.000Z","volume":9000,"label":" ","price":2.52},{"type":"A","date":"2018-04-23T05:18:14.000Z","volume":6000,"label":" ","price":2.52},{"type":"A","date":"2018-04-23T05:18:20.000Z","volume":3000,"label":" ","price":2.52},{"type":"A","date":"2018-04-23T05:18:25.000Z","volume":21000,"label":" ","price":2.52},{"type":"A","date":"2018-04-23T05:18:25.000Z","volume":6000,"label":" ","price":2.52},{"type":"B","date":"2018-04-23T05:19:14.000Z","volume":12000,"label":" ","price":2.52},{"type":"A","date":"2018-04-23T05:19:18.000Z","volume":6000,"label":" ","price":2.52},{"type":"A","date":"2018-04-23T05:19:28.000Z","volume":36000,"label":" ","price":2.52},{"type":"A","date":"2018-04-23T05:19:28.000Z","volume":12000,"label":" ","price":2.52},{"type":"B","date":"2018-04-23T05:20:03.000Z","volume":12000,"label":" ","price":2.52},{"type":"A","date":"2018-04-23T05:20:27.000Z","volume":30000,"label":" ","price":2.52},{"type":"A","date":"2018-04-23T05:20:27.000Z","volume":15000,"label":" ","price":2.52},{"type":"B","date":"2018-04-23T05:20:57.000Z","volume":21000,"label":" ","price":2.52},{"type":"A","date":"2018-04-23T05:21:01.000Z","volume":3000,"label":" ","price":2.52},{"type":"A","date":"2018-04-23T05:21:03.000Z","volume":3000,"label":" ","price":2.52},{"type":"A","date":"2018-04-23T05:21:10.000Z","volume":15000,"label":" ","price":2.52},{"type":"A","date":"2018-04-23T05:21:18.000Z","volume":27000,"label":" ","price":2.52},{"type":"A","date":"2018-04-23T05:21:23.000Z","volume":6000,"label":" ","price":2.52},{"type":"A","date":"2018-04-23T05:21:31.000Z","volume":21000,"label":" ","price":2.52},{"type":"A","date":"2018-04-23T05:21:39.000Z","volume":12000,"label":" ","price":2.52},{"type":"B","date":"2018-04-23T05:21:42.000Z","volume":3000,"label":" ","price":2.52},{"type":"A","date":"2018-04-23T05:21:46.000Z","volume":24000,"label":" ","price":2.52},{"type":"A","date":"2018-04-23T05:22:38.000Z","volume":24000,"label":" ","price":2.52},{"type":"B","date":"2018-04-23T05:23:14.000Z","volume":12000,"label":" ","price":2.51},{"type":"A","date":"2018-04-23T05:24:01.000Z","volume":12000,"label":" ","price":2.52},{"type":"A","date":"2018-04-23T05:24:15.000Z","volume":15000,"label":" ","price":2.52},{"type":"A","date":"2018-04-23T05:24:23.000Z","volume":9000,"label":" ","price":2.52},{"type":"A","date":"2018-04-23T05:24:23.000Z","volume":3000,"label":" ","price":2.52},{"type":"B","date":"2018-04-23T05:24:38.000Z","volume":6000,"label":" ","price":2.52},{"type":"A","date":"2018-04-23T05:24:50.000Z","volume":9000,"label":" ","price":2.52},{"type":"A","date":"2018-04-23T05:24:54.000Z","volume":9000,"label":" ","price":2.52},{"type":"A","date":"2018-04-23T05:26:08.000Z","volume":27000,"label":" ","price":2.52},{"type":"A","date":"2018-04-23T05:26:17.000Z","volume":12000,"label":" ","price":2.52},{"type":"A","date":"2018-04-23T05:26:17.000Z","volume":3000,"label":" ","price":2.52},{"type":"A","date":"2018-04-23T05:26:27.000Z","volume":3000,"label":" ","price":2.54},{"type":"B","date":"2018-04-23T05:26:34.000Z","volume":9000,"label":" ","price":2.52},{"type":"B","date":"2018-04-23T05:26:48.000Z","volume":9000,"label":" ","price":2.52},{"type":"A","date":"2018-04-23T05:27:59.000Z","volume":15000,"label":" ","price":2.52},{"type":"A","date":"2018-04-23T05:28:05.000Z","volume":3000,"label":" ","price":2.52},{"type":"A","date":"2018-04-23T05:29:13.000Z","volume":24000,"label":" ","price":2.52},{"type":"A","date":"2018-04-23T05:30:01.000Z","volume":3000,"label":" ","price":2.52},{"type":"A","date":"2018-04-23T05:30:44.000Z","volume":3000,"label":" ","price":2.52},{"type":"A","date":"2018-04-23T05:31:05.000Z","volume":12000,"label":" ","price":2.52},{"type":"A","date":"2018-04-23T05:32:13.000Z","volume":9000,"label":" ","price":2.52},{"type":"B","date":"2018-04-23T05:32:47.000Z","volume":6000,"label":" ","price":2.52},{"type":"A","date":"2018-04-23T05:33:15.000Z","volume":27000,"label":" ","price":2.52},{"type":"A","date":"2018-04-23T05:33:15.000Z","volume":6000,"label":" ","price":2.52},{"type":"A","date":"2018-04-23T05:36:04.000Z","volume":21000,"label":" ","price":2.52},{"type":"A","date":"2018-04-23T05:37:02.000Z","volume":12000,"label":" ","price":2.52},{"type":"A","date":"2018-04-23T05:39:04.000Z","volume":3000,"label":" ","price":2.52},{"type":"B","date":"2018-04-23T05:39:13.000Z","volume":24000,"label":" ","price":2.51},{"type":"A","date":"2018-04-23T05:39:59.000Z","volume":3000,"label":" ","price":2.51},{"type":"A","date":"2018-04-23T05:42:22.000Z","volume":3000,"label":" ","price":2.51},{"type":"B","date":"2018-04-23T05:44:40.000Z","volume":39000,"label":" ","price":2.5},{"type":"B","date":"2018-04-23T05:45:36.000Z","volume":6000,"label":" ","price":2.49},{"type":"B","date":"2018-04-23T05:45:37.000Z","volume":21000,"label":" ","price":2.49},{"type":"B","date":"2018-04-23T05:45:37.000Z","volume":3000,"label":" ","price":2.49},{"type":"A","date":"2018-04-23T05:46:58.000Z","volume":3000,"label":" ","price":2.5},{"type":"A","date":"2018-04-23T05:49:31.000Z","volume":6000,"label":" ","price":2.5},{"type":"A","date":"2018-04-23T05:55:12.000Z","volume":3000,"label":" ","price":2.5},{"type":"B","date":"2018-04-23T05:57:47.000Z","volume":3000,"label":" ","price":2.48},{"type":"A","date":"2018-04-23T05:58:14.000Z","volume":3000,"label":" ","price":2.5},{"type":"A","date":"2018-04-23T06:02:06.000Z","volume":3000,"label":" ","price":2.5},{"type":"B","date":"2018-04-23T06:04:02.000Z","volume":3000,"label":" ","price":2.48},{"type":"A","date":"2018-04-23T06:04:59.000Z","volume":21000,"label":" ","price":2.49},{"type":"A","date":"2018-04-23T06:04:59.000Z","volume":3000,"label":" ","price":2.49},{"type":"B","date":"2018-04-23T06:05:17.000Z","volume":3000,"label":" ","price":2.49},{"type":"B","date":"2018-04-23T06:05:17.000Z","volume":3000,"label":" ","price":2.49},{"type":"B","date":"2018-04-23T06:05:41.000Z","volume":6000,"label":" ","price":2.49},{"type":"A","date":"2018-04-23T06:05:47.000Z","volume":27000,"label":" ","price":2.49},{"type":"A","date":"2018-04-23T06:05:53.000Z","volume":12000,"label":" ","price":2.49},{"type":"B","date":"2018-04-23T06:06:00.000Z","volume":9000,"label":" ","price":2.49},{"type":"A","date":"2018-04-23T06:06:04.000Z","volume":15000,"label":" ","price":2.49},{"type":"A","date":"2018-04-23T06:06:09.000Z","volume":9000,"label":" ","price":2.49},{"type":"A","date":"2018-04-23T06:06:17.000Z","volume":3000,"label":" ","price":2.49},{"type":"B","date":"2018-04-23T06:06:18.000Z","volume":9000,"label":" ","price":2.49},{"type":"A","date":"2018-04-23T06:06:23.000Z","volume":24000,"label":" ","price":2.49},{"type":"B","date":"2018-04-23T06:06:28.000Z","volume":36000,"label":" ","price":2.48},{"type":"A","date":"2018-04-23T06:06:28.000Z","volume":3000,"label":" ","price":2.49},{"type":"B","date":"2018-04-23T06:06:29.000Z","volume":3000,"label":" ","price":2.49},{"type":"A","date":"2018-04-23T06:06:50.000Z","volume":30000,"label":" ","price":2.49},{"type":"A","date":"2018-04-23T06:06:58.000Z","volume":6000,"label":" ","price":2.49},{"type":"A","date":"2018-04-23T06:07:06.000Z","volume":3000,"label":" ","price":2.49},{"type":"A","date":"2018-04-23T06:07:08.000Z","volume":3000,"label":" ","price":2.49},{"type":"A","date":"2018-04-23T06:07:10.000Z","volume":3000,"label":" ","price":2.49},{"type":"A","date":"2018-04-23T06:07:13.000Z","volume":3000,"label":" ","price":2.49},{"type":"B","date":"2018-04-23T06:07:45.000Z","volume":6000,"label":" ","price":2.48},{"type":"A","date":"2018-04-23T06:07:53.000Z","volume":15000,"label":" ","price":2.48},{"type":"A","date":"2018-04-23T06:07:55.000Z","volume":15000,"label":" ","price":2.48},{"type":"A","date":"2018-04-23T06:08:00.000Z","volume":9000,"label":" ","price":2.48},{"type":"A","date":"2018-04-23T06:08:06.000Z","volume":6000,"label":" ","price":2.48},{"type":"A","date":"2018-04-23T06:08:19.000Z","volume":12000,"label":" ","price":2.48},{"type":"A","date":"2018-04-23T06:08:23.000Z","volume":6000,"label":" ","price":2.48},{"type":"B","date":"2018-04-23T06:08:44.000Z","volume":3000,"label":" ","price":2.48},{"type":"A","date":"2018-04-23T06:08:50.000Z","volume":9000,"label":" ","price":2.48},{"type":"A","date":"2018-04-23T06:08:52.000Z","volume":21000,"label":" ","price":2.48},{"type":"A","date":"2018-04-23T06:09:03.000Z","volume":33000,"label":" ","price":2.48},{"type":"A","date":"2018-04-23T06:09:09.000Z","volume":3000,"label":" ","price":2.48},{"type":"B","date":"2018-04-23T06:09:11.000Z","volume":3000,"label":" ","price":2.48},{"type":"A","date":"2018-04-23T06:09:15.000Z","volume":24000,"label":" ","price":2.48},{"type":"A","date":"2018-04-23T06:09:20.000Z","volume":9000,"label":" ","price":2.48},{"type":"A","date":"2018-04-23T06:09:25.000Z","volume":3000,"label":" ","price":2.48},{"type":"A","date":"2018-04-23T06:09:31.000Z","volume":6000,"label":" ","price":2.48},{"type":"B","date":"2018-04-23T06:09:46.000Z","volume":12000,"label":" ","price":2.48},{"type":"A","date":"2018-04-23T06:10:04.000Z","volume":18000,"label":" ","price":2.48},{"type":"A","date":"2018-04-23T06:10:09.000Z","volume":3000,"label":" ","price":2.48},{"type":"B","date":"2018-04-23T06:10:11.000Z","volume":3000,"label":" ","price":2.48},{"type":"A","date":"2018-04-23T06:10:29.000Z","volume":33000,"label":" ","price":2.48},{"type":"A","date":"2018-04-23T06:10:33.000Z","volume":3000,"label":" ","price":2.48},{"type":"B","date":"2018-04-23T06:10:37.000Z","volume":18000,"label":" ","price":2.48},{"type":"A","date":"2018-04-23T06:10:42.000Z","volume":21000,"label":" ","price":2.48},{"type":"A","date":"2018-04-23T06:10:46.000Z","volume":6000,"label":" ","price":2.48},{"type":"A","date":"2018-04-23T06:11:09.000Z","volume":21000,"label":" ","price":2.48},{"type":"A","date":"2018-04-23T06:11:16.000Z","volume":9000,"label":" ","price":2.48},{"type":"A","date":"2018-04-23T06:11:22.000Z","volume":3000,"label":" ","price":2.48},{"type":"B","date":"2018-04-23T06:11:28.000Z","volume":6000,"label":" ","price":2.48},{"type":"A","date":"2018-04-23T06:11:33.000Z","volume":27000,"label":" ","price":2.48},{"type":"A","date":"2018-04-23T06:11:37.000Z","volume":3000,"label":" ","price":2.48},{"type":"B","date":"2018-04-23T06:11:48.000Z","volume":12000,"label":" ","price":2.48},{"type":"A","date":"2018-04-23T06:11:53.000Z","volume":21000,"label":" ","price":2.48},{"type":"A","date":"2018-04-23T06:11:59.000Z","volume":9000,"label":" ","price":2.48},{"type":"A","date":"2018-04-23T06:12:07.000Z","volume":3000,"label":" ","price":2.48},{"type":"B","date":"2018-04-23T06:12:11.000Z","volume":21000,"label":" ","price":2.48},{"type":"A","date":"2018-04-23T06:12:17.000Z","volume":15000,"label":" ","price":2.48},{"type":"A","date":"2018-04-23T06:12:31.000Z","volume":3000,"label":" ","price":2.48},{"type":"B","date":"2018-04-23T06:12:32.000Z","volume":9000,"label":" ","price":2.48},{"type":"A","date":"2018-04-23T06:12:36.000Z","volume":15000,"label":" ","price":2.48},{"type":"A","date":"2018-04-23T06:12:41.000Z","volume":6000,"label":" ","price":2.48},{"type":"B","date":"2018-04-23T06:12:41.000Z","volume":21000,"label":" ","price":2.48},{"type":"B","date":"2018-04-23T06:12:41.000Z","volume":9000,"label":" ","price":2.48},{"type":"B","date":"2018-04-23T06:12:44.000Z","volume":12000,"label":" ","price":2.48},{"type":"A","date":"2018-04-23T06:12:47.000Z","volume":15000,"label":" ","price":2.48},{"type":"A","date":"2018-04-23T06:12:53.000Z","volume":6000,"label":" ","price":2.48},{"type":"A","date":"2018-04-23T06:12:57.000Z","volume":3000,"label":" ","price":2.48},{"type":"B","date":"2018-04-23T06:13:01.000Z","volume":9000,"label":" ","price":2.48},{"type":"A","date":"2018-04-23T06:13:05.000Z","volume":24000,"label":" ","price":2.48},{"type":"A","date":"2018-04-23T06:13:22.000Z","volume":9000,"label":" ","price":2.48},{"type":"A","date":"2018-04-23T06:13:32.000Z","volume":21000,"label":" ","price":2.48},{"type":"A","date":"2018-04-23T06:13:32.000Z","volume":15000,"label":" ","price":2.48},{"type":"B","date":"2018-04-23T06:13:34.000Z","volume":9000,"label":" ","price":2.48},{"type":"A","date":"2018-04-23T06:13:39.000Z","volume":24000,"label":" ","price":2.48},{"type":"A","date":"2018-04-23T06:13:48.000Z","volume":9000,"label":" ","price":2.48},{"type":"A","date":"2018-04-23T06:14:06.000Z","volume":3000,"label":" ","price":2.48},{"type":"B","date":"2018-04-23T06:14:07.000Z","volume":6000,"label":" ","price":2.48},{"type":"A","date":"2018-04-23T06:14:21.000Z","volume":33000,"label":" ","price":2.48},{"type":"A","date":"2018-04-23T06:14:29.000Z","volume":6000,"label":" ","price":2.48},{"type":"B","date":"2018-04-23T06:14:32.000Z","volume":9000,"label":" ","price":2.48},{"type":"B","date":"2018-04-23T06:14:33.000Z","volume":3000,"label":" ","price":2.48},{"type":"A","date":"2018-04-23T06:14:44.000Z","volume":21000,"label":" ","price":2.48},{"type":"A","date":"2018-04-23T06:15:00.000Z","volume":12000,"label":" ","price":2.48},{"type":"A","date":"2018-04-23T06:15:21.000Z","volume":15000,"label":" ","price":2.48},{"type":"A","date":"2018-04-23T06:15:25.000Z","volume":6000,"label":" ","price":2.48},{"type":"B","date":"2018-04-23T06:15:48.000Z","volume":9000,"label":" ","price":2.48},{"type":"A","date":"2018-04-23T06:15:55.000Z","volume":12000,"label":" ","price":2.48},{"type":"A","date":"2018-04-23T06:16:02.000Z","volume":12000,"label":" ","price":2.48},{"type":"B","date":"2018-04-23T06:16:54.000Z","volume":57000,"label":" ","price":2.47},{"type":"B","date":"2018-04-23T06:16:54.000Z","volume":30000,"label":" ","price":2.46},{"type":"B","date":"2018-04-23T06:16:54.000Z","volume":27000,"label":" ","price":2.45},{"type":"B","date":"2018-04-23T06:18:32.000Z","volume":3000,"label":" ","price":2.44},{"type":"A","date":"2018-04-23T06:20:59.000Z","volume":3000,"label":" ","price":2.45},{"type":"A","date":"2018-04-23T06:24:21.000Z","volume":9000,"label":" ","price":2.45},{"type":"A","date":"2018-04-23T06:24:27.000Z","volume":3000,"label":" ","price":2.45},{"type":"U","date":"2018-04-23T06:24:52.000Z","volume":3000,"label":" ","price":2.44},{"type":"A","date":"2018-04-23T06:31:49.000Z","volume":6000,"label":" ","price":2.45},{"type":"A","date":"2018-04-23T06:33:20.000Z","volume":3000,"label":" ","price":2.45},{"type":"A","date":"2018-04-23T06:36:12.000Z","volume":3000,"label":" ","price":2.45},{"type":"A","date":"2018-04-23T06:41:15.000Z","volume":3000,"label":" ","price":2.45},{"type":"A","date":"2018-04-23T06:46:36.000Z","volume":3000,"label":" ","price":2.45},{"type":"A","date":"2018-04-23T06:49:42.000Z","volume":3000,"label":" ","price":2.45},{"type":"A","date":"2018-04-23T06:52:36.000Z","volume":3000,"label":" ","price":2.45},{"type":"A","date":"2018-04-23T06:58:28.000Z","volume":3000,"label":" ","price":2.45},{"type":"B","date":"2018-04-23T07:05:24.000Z","volume":3000,"label":" ","price":2.44},{"type":"A","date":"2018-04-23T07:11:32.000Z","volume":3000,"label":" ","price":2.45},{"type":"A","date":"2018-04-23T07:17:06.000Z","volume":3000,"label":" ","price":2.45},{"type":"A","date":"2018-04-23T07:24:15.000Z","volume":12000,"label":" ","price":2.45},{"type":"A","date":"2018-04-23T07:24:15.000Z","volume":3000,"label":" ","price":2.45},{"type":"A","date":"2018-04-23T07:24:15.000Z","volume":3000,"label":" ","price":2.45},{"type":"A","date":"2018-04-23T07:24:15.000Z","volume":3000,"label":" ","price":2.45},{"type":"A","date":"2018-04-23T07:24:15.000Z","volume":3000,"label":" ","price":2.45},{"type":"A","date":"2018-04-23T07:24:15.000Z","volume":3000,"label":" ","price":2.45},{"type":"A","date":"2018-04-23T07:24:15.000Z","volume":3000,"label":" ","price":2.45},{"type":"A","date":"2018-04-23T07:24:15.000Z","volume":6000,"label":" ","price":2.45},{"type":"A","date":"2018-04-23T07:25:01.000Z","volume":12000,"label":" ","price":2.45},{"type":"A","date":"2018-04-23T07:35:58.000Z","volume":3000,"label":" ","price":2.44},{"type":"A","date":"2018-04-23T07:44:30.000Z","volume":3000,"label":" ","price":2.45},{"type":"A","date":"2018-04-23T07:46:42.000Z","volume":30000,"label":" ","price":2.45},{"type":"A","date":"2018-04-23T07:48:13.000Z","volume":30000,"label":" ","price":2.45},{"type":"A","date":"2018-04-23T07:48:24.000Z","volume":9000,"label":" ","price":2.45},{"type":"A","date":"2018-04-23T07:48:46.000Z","volume":3000,"label":" ","price":2.45},{"type":"B","date":"2018-04-23T07:48:46.000Z","volume":3000,"label":" ","price":2.45},{"type":"A","date":"2018-04-23T07:48:51.000Z","volume":3000,"label":" ","price":2.45},{"type":"B","date":"2018-04-23T07:49:09.000Z","volume":3000,"label":" ","price":2.46},{"type":"B","date":"2018-04-23T07:49:15.000Z","volume":6000,"label":" ","price":2.46},{"type":"A","date":"2018-04-23T07:50:03.000Z","volume":27000,"label":" ","price":2.47},{"type":"A","date":"2018-04-23T07:50:22.000Z","volume":6000,"label":" ","price":2.47},{"type":"B","date":"2018-04-23T07:50:29.000Z","volume":15000,"label":" ","price":2.46},{"type":"A","date":"2018-04-23T07:50:30.000Z","volume":6000,"label":" ","price":2.47},{"type":"A","date":"2018-04-23T07:50:58.000Z","volume":150000,"label":" ","price":2.48},{"type":"A","date":"2018-04-23T07:51:00.000Z","volume":18000,"label":" ","price":2.49},{"type":"B","date":"2018-04-23T07:51:06.000Z","volume":3000,"label":" ","price":2.48},{"type":"A","date":"2018-04-23T07:51:10.000Z","volume":12000,"label":"Y","price":2.49},{"type":"A","date":"2018-04-23T07:51:24.000Z","volume":9000,"label":" ","price":2.49},{"type":"A","date":"2018-04-23T07:51:25.000Z","volume":3000,"label":" ","price":2.49},{"type":"A","date":"2018-04-23T07:51:29.000Z","volume":21000,"label":" ","price":2.49},{"type":"A","date":"2018-04-23T07:51:30.000Z","volume":3000,"label":" ","price":2.49},{"type":"B","date":"2018-04-23T07:51:30.000Z","volume":3000,"label":" ","price":2.49},{"type":"A","date":"2018-04-23T07:51:30.000Z","volume":3000,"label":" ","price":2.5},{"type":"A","date":"2018-04-23T07:51:42.000Z","volume":18000,"label":" ","price":2.5},{"type":"A","date":"2018-04-23T07:51:45.000Z","volume":3000,"label":" ","price":2.51},{"type":"A","date":"2018-04-23T07:51:51.000Z","volume":6000,"label":" ","price":2.51},{"type":"B","date":"2018-04-23T07:51:52.000Z","volume":3000,"label":" ","price":2.49},{"type":"B","date":"2018-04-23T07:52:05.000Z","volume":3000,"label":" ","price":2.49},{"type":"A","date":"2018-04-23T07:52:11.000Z","volume":6000,"label":" ","price":2.5},{"type":"A","date":"2018-04-23T07:52:22.000Z","volume":3000,"label":" ","price":2.5},{"type":"A","date":"2018-04-23T07:52:22.000Z","volume":6000,"label":" ","price":2.5},{"type":"A","date":"2018-04-23T07:52:32.000Z","volume":45000,"label":" ","price":2.5},{"type":"A","date":"2018-04-23T07:52:36.000Z","volume":6000,"label":" ","price":2.51},{"type":"B","date":"2018-04-23T07:52:38.000Z","volume":12000,"label":" ","price":2.5},{"type":"A","date":"2018-04-23T07:52:52.000Z","volume":12000,"label":" ","price":2.5},{"type":"A","date":"2018-04-23T07:52:55.000Z","volume":45000,"label":" ","price":2.5},{"type":"B","date":"2018-04-23T07:53:04.000Z","volume":3000,"label":" ","price":2.5},{"type":"A","date":"2018-04-23T07:53:43.000Z","volume":3000,"label":" ","price":2.5},{"type":"A","date":"2018-04-23T07:54:00.000Z","volume":6000,"label":" ","price":2.5},{"type":"A","date":"2018-04-23T07:54:16.000Z","volume":51000,"label":" ","price":2.5},{"type":"A","date":"2018-04-23T07:54:16.000Z","volume":6000,"label":"Y","price":2.51},{"type":"A","date":"2018-04-23T07:54:16.000Z","volume":3000,"label":" ","price":2.51},{"type":"A","date":"2018-04-23T07:54:46.000Z","volume":3000,"label":" ","price":2.52},{"type":"A","date":"2018-04-23T07:55:21.000Z","volume":3000,"label":" ","price":2.51},{"type":"B","date":"2018-04-23T07:56:19.000Z","volume":12000,"label":" ","price":2.5},{"type":"A","date":"2018-04-23T07:56:26.000Z","volume":3000,"label":"Y","price":2.5},{"type":"A","date":"2018-04-23T07:56:37.000Z","volume":3000,"label":" ","price":2.5},{"type":"B","date":"2018-04-23T07:57:02.000Z","volume":3000,"label":" ","price":2.49},{"type":"B","date":"2018-04-23T07:57:04.000Z","volume":18000,"label":" ","price":2.49},{"type":"B","date":"2018-04-23T07:57:04.000Z","volume":3000,"label":" ","price":2.49},{"type":"A","date":"2018-04-23T07:57:04.000Z","volume":3000,"label":" ","price":2.49},{"type":"B","date":"2018-04-23T07:57:28.000Z","volume":9000,"label":" ","price":2.48},{"type":"B","date":"2018-04-23T07:57:29.000Z","volume":6000,"label":" ","price":2.48},{"type":"A","date":"2018-04-23T07:57:33.000Z","volume":6000,"label":" ","price":2.48},{"type":"B","date":"2018-04-23T07:58:04.000Z","volume":6000,"label":" ","price":2.48},{"type":"B","date":"2018-04-23T07:58:16.000Z","volume":3000,"label":" ","price":2.48},{"type":"A","date":"2018-04-23T07:58:27.000Z","volume":3000,"label":" ","price":2.48},{"type":"A","date":"2018-04-23T07:58:41.000Z","volume":3000,"label":" ","price":2.49},{"type":"A","date":"2018-04-23T07:58:47.000Z","volume":3000,"label":" ","price":2.48},{"type":"A","date":"2018-04-23T07:58:55.000Z","volume":3000,"label":" ","price":2.48},{"type":"B","date":"2018-04-23T07:58:59.000Z","volume":3000,"label":" ","price":2.47},{"type":"A","date":"2018-04-23T07:59:03.000Z","volume":3000,"label":" ","price":2.48},{"type":"A","date":"2018-04-23T07:59:05.000Z","volume":15000,"label":" ","price":2.48},{"type":"A","date":"2018-04-23T07:59:09.000Z","volume":3000,"label":" ","price":2.49},{"type":"B","date":"2018-04-23T07:59:10.000Z","volume":117000,"label":" ","price":2.48},{"type":"B","date":"2018-04-23T07:59:10.000Z","volume":9000,"label":" ","price":2.48},{"type":"A","date":"2018-04-23T07:59:19.000Z","volume":18000,"label":" ","price":2.49},{"type":"A","date":"2018-04-23T07:59:19.000Z","volume":9000,"label":" ","price":2.5},{"type":"B","date":"2018-04-23T07:59:22.000Z","volume":3000,"label":" ","price":2.49},{"type":"A","date":"2018-04-23T07:59:28.000Z","volume":60000,"label":" ","price":2.5},{"type":"B","date":"2018-04-23T07:59:36.000Z","volume":12000,"label":" ","price":2.49},{"type":"B","date":"2018-04-23T07:59:37.000Z","volume":12000,"label":" ","price":2.48},{"type":"A","date":"2018-04-23T07:59:39.000Z","volume":15000,"label":" ","price":2.5},{"type":"B","date":"2018-04-23T07:59:44.000Z","volume":3000,"label":" ","price":2.5},{"type":"A","date":"2018-04-23T07:59:46.000Z","volume":6000,"label":" ","price":2.51},{"type":"B","date":"2018-04-23T07:59:52.000Z","volume":6000,"label":" ","price":2.5},{"type":"B","date":"2018-04-23T07:59:56.000Z","volume":6000,"label":" ","price":2.49},{"type":"B","date":"2018-04-23T07:59:56.000Z","volume":138000,"label":" ","price":2.48},{"type":"B","date":"2018-04-23T07:59:56.000Z","volume":6000,"label":" ","price":2.48},{"type":"A","date":"2018-04-23T07:59:58.000Z","volume":3000,"label":" ","price":2.51}]