[{"type":"B","date":"2018-03-22T01:30:00.000Z","volume":1400,"label":" ","price":26.65},{"type":"B","date":"2018-03-22T01:30:00.000Z","volume":1000,"label":" ","price":26.6},{"type":"B","date":"2018-03-22T01:30:00.000Z","volume":500,"label":" ","price":26.55},{"type":"B","date":"2018-03-22T01:30:00.000Z","volume":1000,"label":" ","price":26.3},{"type":"B","date":"2018-03-22T01:30:00.000Z","volume":1300,"label":" ","price":26.2},{"type":"B","date":"2018-03-22T01:30:00.000Z","volume":2000,"label":" ","price":26.05},{"type":"B","date":"2018-03-22T01:30:00.000Z","volume":1000,"label":" ","price":25.6},{"type":"B","date":"2018-03-22T01:30:00.000Z","volume":2000,"label":" ","price":25.4},{"type":"U","date":"2018-03-22T01:30:01.000Z","volume":4300,"label":" ","price":26.5},{"type":"B","date":"2018-03-22T01:30:02.000Z","volume":5900,"label":" ","price":26.5},{"type":"B","date":"2018-03-22T01:30:02.000Z","volume":3500,"label":" ","price":26.4},{"type":"A","date":"2018-03-22T01:30:04.000Z","volume":1000,"label":" ","price":26.4},{"type":"U","date":"2018-03-22T01:30:26.000Z","volume":100,"label":" ","price":26.65},{"type":"U","date":"2018-03-22T01:30:32.000Z","volume":300,"label":" ","price":26.65},{"type":"B","date":"2018-03-22T01:30:32.000Z","volume":2100,"label":" ","price":26.6},{"type":"B","date":"2018-03-22T01:30:32.000Z","volume":300,"label":" ","price":26.6},{"type":"U","date":"2018-03-22T01:30:37.000Z","volume":1700,"label":" ","price":26.6},{"type":"U","date":"2018-03-22T01:30:37.000Z","volume":100,"label":" ","price":26.6},{"type":"B","date":"2018-03-22T01:31:16.000Z","volume":2000,"label":" ","price":26.6},{"type":"A","date":"2018-03-22T01:32:51.000Z","volume":1000,"label":" ","price":26.7},{"type":"A","date":"2018-03-22T01:32:51.000Z","volume":700,"label":" ","price":26.7},{"type":"A","date":"2018-03-22T01:33:02.000Z","volume":300,"label":" ","price":26.75},{"type":"A","date":"2018-03-22T01:33:02.000Z","volume":500,"label":" ","price":26.75},{"type":"A","date":"2018-03-22T01:33:02.000Z","volume":2500,"label":" ","price":26.75},{"type":"A","date":"2018-03-22T01:33:17.000Z","volume":100,"label":" ","price":26.8},{"type":"A","date":"2018-03-22T01:33:17.000Z","volume":100,"label":" ","price":26.8},{"type":"B","date":"2018-03-22T01:34:09.000Z","volume":1400,"label":" ","price":26.75},{"type":"B","date":"2018-03-22T01:34:09.000Z","volume":1800,"label":" ","price":26.65},{"type":"B","date":"2018-03-22T01:34:09.000Z","volume":1800,"label":" ","price":26.65},{"type":"B","date":"2018-03-22T01:34:16.000Z","volume":500,"label":"Y","price":26.8},{"type":"A","date":"2018-03-22T01:35:35.000Z","volume":100,"label":" ","price":26.85},{"type":"A","date":"2018-03-22T01:35:35.000Z","volume":1700,"label":" ","price":26.85},{"type":"A","date":"2018-03-22T01:35:35.000Z","volume":2000,"label":" ","price":26.9},{"type":"A","date":"2018-03-22T01:36:46.000Z","volume":100,"label":" ","price":26.95},{"type":"A","date":"2018-03-22T01:36:46.000Z","volume":1500,"label":" ","price":26.95},{"type":"A","date":"2018-03-22T01:36:56.000Z","volume":3000,"label":" ","price":27},{"type":"A","date":"2018-03-22T01:38:15.000Z","volume":100,"label":" ","price":27.1},{"type":"A","date":"2018-03-22T01:38:15.000Z","volume":1200,"label":" ","price":27.1},{"type":"A","date":"2018-03-22T01:38:32.000Z","volume":100,"label":" ","price":27.1},{"type":"A","date":"2018-03-22T01:38:33.000Z","volume":200,"label":" ","price":27.1},{"type":"B","date":"2018-03-22T01:39:52.000Z","volume":1400,"label":" ","price":27.05},{"type":"A","date":"2018-03-22T01:39:54.000Z","volume":100,"label":" ","price":27.1},{"type":"A","date":"2018-03-22T01:40:21.000Z","volume":100,"label":" ","price":27.1},{"type":"A","date":"2018-03-22T01:42:15.000Z","volume":100,"label":" ","price":27.1},{"type":"B","date":"2018-03-22T01:43:15.000Z","volume":2600,"label":" ","price":27.05},{"type":"B","date":"2018-03-22T01:43:15.000Z","volume":700,"label":" ","price":27},{"type":"B","date":"2018-03-22T01:45:18.000Z","volume":600,"label":" ","price":26.9},{"type":"A","date":"2018-03-22T01:45:19.000Z","volume":100,"label":" ","price":27},{"type":"B","date":"2018-03-22T01:47:49.000Z","volume":800,"label":" ","price":26.9},{"type":"B","date":"2018-03-22T01:48:17.000Z","volume":200,"label":" ","price":26.85},{"type":"B","date":"2018-03-22T01:48:17.000Z","volume":100,"label":" ","price":26.85},{"type":"A","date":"2018-03-22T01:48:19.000Z","volume":100,"label":" ","price":26.9},{"type":"B","date":"2018-03-22T01:48:34.000Z","volume":200,"label":" ","price":26.85},{"type":"A","date":"2018-03-22T01:48:48.000Z","volume":100,"label":" ","price":26.9},{"type":"A","date":"2018-03-22T01:51:32.000Z","volume":100,"label":" ","price":26.9},{"type":"A","date":"2018-03-22T01:51:38.000Z","volume":100,"label":" ","price":26.9},{"type":"A","date":"2018-03-22T01:51:53.000Z","volume":1100,"label":" ","price":26.9},{"type":"A","date":"2018-03-22T01:51:55.000Z","volume":100,"label":" ","price":26.9},{"type":"A","date":"2018-03-22T01:54:38.000Z","volume":200,"label":" ","price":26.9},{"type":"A","date":"2018-03-22T01:54:40.000Z","volume":100,"label":" ","price":26.9},{"type":"A","date":"2018-03-22T01:55:02.000Z","volume":100,"label":" ","price":26.9},{"type":"B","date":"2018-03-22T01:55:09.000Z","volume":1600,"label":" ","price":26.85},{"type":"B","date":"2018-03-22T01:55:09.000Z","volume":600,"label":" ","price":26.85},{"type":"A","date":"2018-03-22T01:55:10.000Z","volume":100,"label":" ","price":26.85},{"type":"B","date":"2018-03-22T01:55:35.000Z","volume":200,"label":" ","price":26.8},{"type":"A","date":"2018-03-22T01:56:59.000Z","volume":100,"label":" ","price":26.8},{"type":"B","date":"2018-03-22T01:57:50.000Z","volume":1000,"label":" ","price":26.7},{"type":"B","date":"2018-03-22T01:58:00.000Z","volume":100,"label":" ","price":26.7},{"type":"B","date":"2018-03-22T01:58:59.000Z","volume":100,"label":" ","price":26.75},{"type":"A","date":"2018-03-22T01:59:23.000Z","volume":100,"label":" ","price":26.8},{"type":"B","date":"2018-03-22T01:59:29.000Z","volume":200,"label":" ","price":26.75},{"type":"A","date":"2018-03-22T01:59:35.000Z","volume":200,"label":"Y","price":26.8},{"type":"A","date":"2018-03-22T01:59:35.000Z","volume":1100,"label":" ","price":26.8},{"type":"A","date":"2018-03-22T01:59:35.000Z","volume":100,"label":" ","price":26.85},{"type":"A","date":"2018-03-22T02:01:54.000Z","volume":100,"label":" ","price":26.85},{"type":"A","date":"2018-03-22T02:02:32.000Z","volume":200,"label":" ","price":26.85},{"type":"A","date":"2018-03-22T02:04:31.000Z","volume":100,"label":" ","price":26.85},{"type":"B","date":"2018-03-22T02:05:23.000Z","volume":500,"label":" ","price":26.8},{"type":"A","date":"2018-03-22T02:05:25.000Z","volume":100,"label":" ","price":26.85},{"type":"B","date":"2018-03-22T02:05:34.000Z","volume":700,"label":" ","price":26.8},{"type":"A","date":"2018-03-22T02:05:34.000Z","volume":400,"label":" ","price":26.8},{"type":"A","date":"2018-03-22T02:05:34.000Z","volume":200,"label":" ","price":26.8},{"type":"A","date":"2018-03-22T02:05:36.000Z","volume":1700,"label":" ","price":26.8},{"type":"A","date":"2018-03-22T02:05:36.000Z","volume":300,"label":" ","price":26.85},{"type":"A","date":"2018-03-22T02:05:45.000Z","volume":100,"label":" ","price":26.85},{"type":"B","date":"2018-03-22T02:07:20.000Z","volume":200,"label":" ","price":26.8},{"type":"A","date":"2018-03-22T02:07:21.000Z","volume":100,"label":" ","price":26.85},{"type":"A","date":"2018-03-22T02:08:04.000Z","volume":100,"label":" ","price":26.85},{"type":"A","date":"2018-03-22T02:08:06.000Z","volume":100,"label":" ","price":26.85},{"type":"A","date":"2018-03-22T02:09:17.000Z","volume":100,"label":" ","price":26.85},{"type":"A","date":"2018-03-22T02:11:14.000Z","volume":100,"label":" ","price":26.85},{"type":"A","date":"2018-03-22T02:11:14.000Z","volume":300,"label":" ","price":26.85},{"type":"B","date":"2018-03-22T02:11:14.000Z","volume":200,"label":" ","price":26.8},{"type":"B","date":"2018-03-22T02:12:31.000Z","volume":100,"label":" ","price":26.8},{"type":"A","date":"2018-03-22T02:12:32.000Z","volume":100,"label":" ","price":26.85},{"type":"A","date":"2018-03-22T02:12:33.000Z","volume":1100,"label":" ","price":26.85},{"type":"A","date":"2018-03-22T02:12:34.000Z","volume":3400,"label":" ","price":26.85},{"type":"A","date":"2018-03-22T02:12:35.000Z","volume":500,"label":" ","price":26.9},{"type":"B","date":"2018-03-22T02:12:39.000Z","volume":500,"label":" ","price":26.8},{"type":"A","date":"2018-03-22T02:12:39.000Z","volume":100,"label":" ","price":26.9},{"type":"B","date":"2018-03-22T02:13:44.000Z","volume":1300,"label":" ","price":26.85},{"type":"A","date":"2018-03-22T02:13:44.000Z","volume":100,"label":" ","price":26.85},{"type":"A","date":"2018-03-22T02:13:44.000Z","volume":400,"label":" ","price":26.85},{"type":"A","date":"2018-03-22T02:13:44.000Z","volume":100,"label":" ","price":26.85},{"type":"B","date":"2018-03-22T02:13:45.000Z","volume":200,"label":" ","price":26.8},{"type":"A","date":"2018-03-22T02:14:00.000Z","volume":100,"label":" ","price":26.85},{"type":"B","date":"2018-03-22T02:14:29.000Z","volume":1000,"label":" ","price":26.8},{"type":"A","date":"2018-03-22T02:14:31.000Z","volume":100,"label":" ","price":26.85},{"type":"B","date":"2018-03-22T02:14:40.000Z","volume":1600,"label":" ","price":26.8},{"type":"A","date":"2018-03-22T02:14:40.000Z","volume":100,"label":" ","price":26.8},{"type":"A","date":"2018-03-22T02:14:42.000Z","volume":100,"label":" ","price":26.8},{"type":"B","date":"2018-03-22T02:14:42.000Z","volume":200,"label":" ","price":26.75},{"type":"B","date":"2018-03-22T02:15:44.000Z","volume":1100,"label":" ","price":26.75},{"type":"A","date":"2018-03-22T02:16:35.000Z","volume":100,"label":" ","price":26.75},{"type":"B","date":"2018-03-22T02:16:37.000Z","volume":100,"label":" ","price":26.7},{"type":"B","date":"2018-03-22T02:17:42.000Z","volume":800,"label":" ","price":26.7},{"type":"A","date":"2018-03-22T02:17:44.000Z","volume":100,"label":" ","price":26.7},{"type":"A","date":"2018-03-22T02:17:44.000Z","volume":3100,"label":" ","price":26.7},{"type":"B","date":"2018-03-22T02:17:44.000Z","volume":100,"label":" ","price":26.65},{"type":"A","date":"2018-03-22T02:17:46.000Z","volume":300,"label":" ","price":26.75},{"type":"B","date":"2018-03-22T02:19:10.000Z","volume":800,"label":" ","price":26.7},{"type":"A","date":"2018-03-22T02:19:12.000Z","volume":100,"label":" ","price":26.7},{"type":"B","date":"2018-03-22T02:19:12.000Z","volume":100,"label":" ","price":26.65},{"type":"A","date":"2018-03-22T02:19:15.000Z","volume":100,"label":" ","price":26.7},{"type":"B","date":"2018-03-22T02:19:18.000Z","volume":800,"label":"Y","price":26.65},{"type":"B","date":"2018-03-22T02:19:18.000Z","volume":5400,"label":" ","price":26.65},{"type":"B","date":"2018-03-22T02:19:18.000Z","volume":19800,"label":" ","price":26.6},{"type":"B","date":"2018-03-22T02:19:18.000Z","volume":1100,"label":" ","price":26.6},{"type":"B","date":"2018-03-22T02:19:18.000Z","volume":7500,"label":" ","price":26.6},{"type":"B","date":"2018-03-22T02:19:18.000Z","volume":100,"label":" ","price":26.6},{"type":"B","date":"2018-03-22T02:19:18.000Z","volume":100,"label":" ","price":26.6},{"type":"B","date":"2018-03-22T02:19:18.000Z","volume":600,"label":" ","price":26.55},{"type":"B","date":"2018-03-22T02:19:19.000Z","volume":1000,"label":" ","price":26.5},{"type":"B","date":"2018-03-22T02:19:52.000Z","volume":1000,"label":" ","price":26.4},{"type":"A","date":"2018-03-22T02:19:53.000Z","volume":100,"label":" ","price":26.6},{"type":"A","date":"2018-03-22T02:20:26.000Z","volume":3400,"label":"Y","price":26.55},{"type":"A","date":"2018-03-22T02:20:26.000Z","volume":1400,"label":" ","price":26.55},{"type":"U","date":"2018-03-22T02:20:26.000Z","volume":200,"label":" ","price":26.5},{"type":"A","date":"2018-03-22T02:20:27.000Z","volume":300,"label":" ","price":26.55},{"type":"A","date":"2018-03-22T02:20:29.000Z","volume":200,"label":" ","price":26.65},{"type":"A","date":"2018-03-22T02:24:23.000Z","volume":1000,"label":" ","price":26.65},{"type":"A","date":"2018-03-22T02:24:23.000Z","volume":100,"label":" ","price":26.65},{"type":"A","date":"2018-03-22T02:24:38.000Z","volume":100,"label":" ","price":26.65},{"type":"B","date":"2018-03-22T02:24:55.000Z","volume":1500,"label":" ","price":26.4},{"type":"A","date":"2018-03-22T02:24:56.000Z","volume":200,"label":" ","price":26.6},{"type":"A","date":"2018-03-22T02:25:40.000Z","volume":1000,"label":" ","price":26.6},{"type":"A","date":"2018-03-22T02:25:42.000Z","volume":100,"label":" ","price":26.6},{"type":"A","date":"2018-03-22T02:27:10.000Z","volume":100,"label":" ","price":26.55},{"type":"A","date":"2018-03-22T02:27:48.000Z","volume":100,"label":" ","price":26.55},{"type":"B","date":"2018-03-22T02:28:54.000Z","volume":2800,"label":" ","price":26.5},{"type":"B","date":"2018-03-22T02:28:54.000Z","volume":100,"label":" ","price":26.45},{"type":"A","date":"2018-03-22T02:28:56.000Z","volume":100,"label":" ","price":26.5},{"type":"B","date":"2018-03-22T02:29:09.000Z","volume":1200,"label":" ","price":26.45},{"type":"B","date":"2018-03-22T02:29:09.000Z","volume":3200,"label":" ","price":26.4},{"type":"A","date":"2018-03-22T02:29:09.000Z","volume":100,"label":" ","price":26.45},{"type":"A","date":"2018-03-22T02:29:12.000Z","volume":4200,"label":" ","price":26.45},{"type":"A","date":"2018-03-22T02:29:13.000Z","volume":500,"label":" ","price":26.45},{"type":"U","date":"2018-03-22T02:29:13.000Z","volume":200,"label":" ","price":26.4},{"type":"A","date":"2018-03-22T02:29:21.000Z","volume":700,"label":"Y","price":26.4},{"type":"A","date":"2018-03-22T02:29:21.000Z","volume":400,"label":" ","price":26.4},{"type":"B","date":"2018-03-22T02:29:22.000Z","volume":300,"label":" ","price":26.4},{"type":"A","date":"2018-03-22T02:29:22.000Z","volume":100,"label":" ","price":26.45},{"type":"A","date":"2018-03-22T02:29:48.000Z","volume":200,"label":" ","price":26.4},{"type":"A","date":"2018-03-22T02:29:48.000Z","volume":2000,"label":" ","price":26.45},{"type":"B","date":"2018-03-22T02:29:48.000Z","volume":100,"label":" ","price":26.45},{"type":"B","date":"2018-03-22T02:29:48.000Z","volume":700,"label":" ","price":26.45},{"type":"A","date":"2018-03-22T02:29:49.000Z","volume":300,"label":" ","price":26.5},{"type":"A","date":"2018-03-22T02:30:12.000Z","volume":100,"label":" ","price":26.5},{"type":"A","date":"2018-03-22T02:30:13.000Z","volume":100,"label":" ","price":26.5},{"type":"B","date":"2018-03-22T02:30:44.000Z","volume":1500,"label":" ","price":26.35},{"type":"B","date":"2018-03-22T02:30:44.000Z","volume":500,"label":" ","price":26.35},{"type":"A","date":"2018-03-22T02:30:45.000Z","volume":100,"label":" ","price":26.5},{"type":"A","date":"2018-03-22T02:31:48.000Z","volume":100,"label":" ","price":26.4},{"type":"A","date":"2018-03-22T02:32:47.000Z","volume":100,"label":" ","price":26.4},{"type":"A","date":"2018-03-22T02:33:02.000Z","volume":400,"label":" ","price":26.4},{"type":"A","date":"2018-03-22T02:33:36.000Z","volume":100,"label":" ","price":26.4},{"type":"A","date":"2018-03-22T02:34:09.000Z","volume":100,"label":" ","price":26.4},{"type":"A","date":"2018-03-22T02:35:53.000Z","volume":300,"label":" ","price":26.4},{"type":"A","date":"2018-03-22T02:35:53.000Z","volume":100,"label":" ","price":26.4},{"type":"A","date":"2018-03-22T02:35:53.000Z","volume":200,"label":" ","price":26.45},{"type":"B","date":"2018-03-22T02:35:53.000Z","volume":200,"label":" ","price":26.4},{"type":"B","date":"2018-03-22T02:35:53.000Z","volume":100,"label":" ","price":26.4},{"type":"U","date":"2018-03-22T02:35:54.000Z","volume":100,"label":" ","price":26.4},{"type":"B","date":"2018-03-22T02:35:55.000Z","volume":200,"label":" ","price":26.4},{"type":"A","date":"2018-03-22T02:35:57.000Z","volume":100,"label":" ","price":26.45},{"type":"B","date":"2018-03-22T02:36:36.000Z","volume":1200,"label":" ","price":26.35},{"type":"B","date":"2018-03-22T02:36:36.000Z","volume":1200,"label":" ","price":26.3},{"type":"U","date":"2018-03-22T02:36:36.000Z","volume":900,"label":" ","price":26.4},{"type":"U","date":"2018-03-22T02:36:36.000Z","volume":100,"label":" ","price":26.4},{"type":"A","date":"2018-03-22T02:36:38.000Z","volume":100,"label":" ","price":26.35},{"type":"B","date":"2018-03-22T02:37:12.000Z","volume":1200,"label":" ","price":26.25},{"type":"A","date":"2018-03-22T02:37:29.000Z","volume":200,"label":" ","price":26.25},{"type":"B","date":"2018-03-22T02:37:29.000Z","volume":2400,"label":" ","price":26.2},{"type":"A","date":"2018-03-22T02:37:31.000Z","volume":200,"label":" ","price":26.3},{"type":"A","date":"2018-03-22T02:37:33.000Z","volume":100,"label":" ","price":26.35},{"type":"U","date":"2018-03-22T02:37:33.000Z","volume":200,"label":" ","price":26.35},{"type":"U","date":"2018-03-22T02:37:33.000Z","volume":600,"label":" ","price":26.35},{"type":"A","date":"2018-03-22T02:37:35.000Z","volume":100,"label":" ","price":26.35},{"type":"B","date":"2018-03-22T02:37:35.000Z","volume":100,"label":" ","price":26.25},{"type":"B","date":"2018-03-22T02:37:47.000Z","volume":500,"label":" ","price":26.2},{"type":"B","date":"2018-03-22T02:39:22.000Z","volume":700,"label":" ","price":26.3},{"type":"A","date":"2018-03-22T02:39:22.000Z","volume":100,"label":" ","price":26.3},{"type":"A","date":"2018-03-22T02:40:35.000Z","volume":100,"label":" ","price":26.3},{"type":"A","date":"2018-03-22T02:41:00.000Z","volume":200,"label":" ","price":26.3},{"type":"B","date":"2018-03-22T02:41:30.000Z","volume":1200,"label":" ","price":26.25},{"type":"B","date":"2018-03-22T02:41:30.000Z","volume":4200,"label":" ","price":26.2},{"type":"U","date":"2018-03-22T02:41:30.000Z","volume":100,"label":" ","price":26.25},{"type":"B","date":"2018-03-22T02:41:30.000Z","volume":200,"label":" ","price":26.2},{"type":"A","date":"2018-03-22T02:41:32.000Z","volume":400,"label":" ","price":26.3},{"type":"A","date":"2018-03-22T02:42:41.000Z","volume":500,"label":" ","price":26.3},{"type":"A","date":"2018-03-22T02:42:43.000Z","volume":100,"label":" ","price":26.3},{"type":"A","date":"2018-03-22T02:43:01.000Z","volume":400,"label":" ","price":26.3},{"type":"A","date":"2018-03-22T02:43:02.000Z","volume":300,"label":" ","price":26.3},{"type":"A","date":"2018-03-22T02:43:42.000Z","volume":100,"label":" ","price":26.35},{"type":"A","date":"2018-03-22T02:44:39.000Z","volume":100,"label":" ","price":26.35},{"type":"A","date":"2018-03-22T02:44:40.000Z","volume":100,"label":" ","price":26.35},{"type":"B","date":"2018-03-22T02:44:41.000Z","volume":100,"label":" ","price":26.3},{"type":"A","date":"2018-03-22T02:44:46.000Z","volume":700,"label":" ","price":26.35},{"type":"A","date":"2018-03-22T02:44:47.000Z","volume":200,"label":" ","price":26.4},{"type":"A","date":"2018-03-22T02:44:48.000Z","volume":100,"label":" ","price":26.4},{"type":"A","date":"2018-03-22T02:44:51.000Z","volume":100,"label":" ","price":26.4},{"type":"A","date":"2018-03-22T02:44:55.000Z","volume":300,"label":" ","price":26.5},{"type":"B","date":"2018-03-22T02:44:58.000Z","volume":100,"label":" ","price":26.4},{"type":"B","date":"2018-03-22T02:45:07.000Z","volume":100,"label":" ","price":26.35},{"type":"B","date":"2018-03-22T02:45:34.000Z","volume":1700,"label":" ","price":26.35},{"type":"A","date":"2018-03-22T02:45:34.000Z","volume":200,"label":" ","price":26.4},{"type":"A","date":"2018-03-22T02:45:43.000Z","volume":100,"label":" ","price":26.4},{"type":"A","date":"2018-03-22T02:46:28.000Z","volume":100,"label":" ","price":26.4},{"type":"B","date":"2018-03-22T02:47:27.000Z","volume":1500,"label":"Y","price":26.35},{"type":"B","date":"2018-03-22T02:47:27.000Z","volume":500,"label":" ","price":26.35},{"type":"B","date":"2018-03-22T02:47:27.000Z","volume":100,"label":"Y","price":26.35},{"type":"B","date":"2018-03-22T02:47:27.000Z","volume":1700,"label":" ","price":26.35},{"type":"B","date":"2018-03-22T02:47:27.000Z","volume":200,"label":" ","price":26.35},{"type":"B","date":"2018-03-22T02:47:27.000Z","volume":100,"label":" ","price":26.35},{"type":"B","date":"2018-03-22T02:47:30.000Z","volume":100,"label":" ","price":26.3},{"type":"B","date":"2018-03-22T02:47:31.000Z","volume":100,"label":" ","price":26.25},{"type":"B","date":"2018-03-22T02:49:40.000Z","volume":100,"label":" ","price":26.3},{"type":"A","date":"2018-03-22T02:50:38.000Z","volume":100,"label":" ","price":26.35},{"type":"B","date":"2018-03-22T02:51:40.000Z","volume":500,"label":" ","price":26.3},{"type":"A","date":"2018-03-22T02:52:17.000Z","volume":300,"label":" ","price":26.35},{"type":"A","date":"2018-03-22T02:52:20.000Z","volume":100,"label":" ","price":26.35},{"type":"B","date":"2018-03-22T02:53:50.000Z","volume":800,"label":" ","price":26.3},{"type":"B","date":"2018-03-22T02:53:50.000Z","volume":100,"label":" ","price":26.25},{"type":"A","date":"2018-03-22T02:53:52.000Z","volume":100,"label":" ","price":26.35},{"type":"A","date":"2018-03-22T02:54:54.000Z","volume":100,"label":" ","price":26.35},{"type":"B","date":"2018-03-22T02:55:16.000Z","volume":100,"label":" ","price":26.3},{"type":"A","date":"2018-03-22T02:55:16.000Z","volume":100,"label":" ","price":26.35},{"type":"A","date":"2018-03-22T02:55:17.000Z","volume":100,"label":" ","price":26.35},{"type":"A","date":"2018-03-22T02:56:25.000Z","volume":1000,"label":" ","price":26.35},{"type":"A","date":"2018-03-22T02:56:27.000Z","volume":100,"label":" ","price":26.35},{"type":"A","date":"2018-03-22T02:56:58.000Z","volume":1200,"label":" ","price":26.35},{"type":"B","date":"2018-03-22T02:56:59.000Z","volume":100,"label":" ","price":26.35},{"type":"A","date":"2018-03-22T02:57:00.000Z","volume":100,"label":" ","price":26.4},{"type":"B","date":"2018-03-22T02:57:10.000Z","volume":600,"label":" ","price":26.4},{"type":"A","date":"2018-03-22T02:57:12.000Z","volume":100,"label":"Y","price":26.4},{"type":"A","date":"2018-03-22T02:57:30.000Z","volume":100,"label":" ","price":26.4},{"type":"A","date":"2018-03-22T02:57:37.000Z","volume":100,"label":" ","price":26.4},{"type":"A","date":"2018-03-22T02:58:42.000Z","volume":500,"label":" ","price":26.4},{"type":"A","date":"2018-03-22T03:00:28.000Z","volume":100,"label":" ","price":26.4},{"type":"A","date":"2018-03-22T03:00:28.000Z","volume":100,"label":" ","price":26.4},{"type":"A","date":"2018-03-22T03:00:29.000Z","volume":100,"label":" ","price":26.4},{"type":"A","date":"2018-03-22T03:01:18.000Z","volume":1000,"label":" ","price":26.4},{"type":"B","date":"2018-03-22T03:01:18.000Z","volume":100,"label":" ","price":26.35},{"type":"A","date":"2018-03-22T03:01:20.000Z","volume":100,"label":" ","price":26.4},{"type":"A","date":"2018-03-22T03:03:27.000Z","volume":100,"label":" ","price":26.4},{"type":"A","date":"2018-03-22T03:03:27.000Z","volume":200,"label":" ","price":26.4},{"type":"A","date":"2018-03-22T03:03:55.000Z","volume":100,"label":"Y","price":26.4},{"type":"A","date":"2018-03-22T03:04:27.000Z","volume":1000,"label":" ","price":26.4},{"type":"A","date":"2018-03-22T03:04:27.000Z","volume":100,"label":" ","price":26.4},{"type":"A","date":"2018-03-22T03:04:27.000Z","volume":200,"label":" ","price":26.4},{"type":"A","date":"2018-03-22T03:04:36.000Z","volume":100,"label":" ","price":26.45},{"type":"A","date":"2018-03-22T03:04:36.000Z","volume":100,"label":" ","price":26.45},{"type":"A","date":"2018-03-22T03:04:37.000Z","volume":100,"label":" ","price":26.5},{"type":"A","date":"2018-03-22T03:04:37.000Z","volume":100,"label":" ","price":26.5},{"type":"A","date":"2018-03-22T03:04:47.000Z","volume":200,"label":" ","price":26.5},{"type":"A","date":"2018-03-22T03:04:47.000Z","volume":200,"label":" ","price":26.5},{"type":"B","date":"2018-03-22T03:04:47.000Z","volume":500,"label":" ","price":26.5},{"type":"A","date":"2018-03-22T03:04:49.000Z","volume":100,"label":" ","price":26.55},{"type":"B","date":"2018-03-22T03:04:52.000Z","volume":100,"label":"Y","price":26.5},{"type":"B","date":"2018-03-22T03:04:52.000Z","volume":1000,"label":" ","price":26.5},{"type":"B","date":"2018-03-22T03:04:53.000Z","volume":100,"label":" ","price":26.35},{"type":"A","date":"2018-03-22T03:05:43.000Z","volume":100,"label":" ","price":26.45},{"type":"A","date":"2018-03-22T03:08:08.000Z","volume":200,"label":" ","price":26.45},{"type":"A","date":"2018-03-22T03:09:29.000Z","volume":100,"label":" ","price":26.45},{"type":"B","date":"2018-03-22T03:09:44.000Z","volume":400,"label":" ","price":26.4},{"type":"B","date":"2018-03-22T03:09:44.000Z","volume":100,"label":"Y","price":26.4},{"type":"A","date":"2018-03-22T03:10:40.000Z","volume":100,"label":" ","price":26.4},{"type":"B","date":"2018-03-22T03:11:35.000Z","volume":700,"label":" ","price":26.35},{"type":"A","date":"2018-03-22T03:11:37.000Z","volume":100,"label":" ","price":26.4},{"type":"A","date":"2018-03-22T03:13:00.000Z","volume":100,"label":" ","price":26.4},{"type":"A","date":"2018-03-22T03:13:34.000Z","volume":100,"label":" ","price":26.4},{"type":"A","date":"2018-03-22T03:15:17.000Z","volume":100,"label":" ","price":26.4},{"type":"A","date":"2018-03-22T03:16:54.000Z","volume":200,"label":" ","price":26.4},{"type":"B","date":"2018-03-22T03:16:54.000Z","volume":100,"label":" ","price":26.35},{"type":"A","date":"2018-03-22T03:17:41.000Z","volume":100,"label":" ","price":26.4},{"type":"B","date":"2018-03-22T03:19:05.000Z","volume":2400,"label":" ","price":26.35},{"type":"B","date":"2018-03-22T03:19:05.000Z","volume":100,"label":" ","price":26.35},{"type":"B","date":"2018-03-22T03:19:05.000Z","volume":500,"label":" ","price":26.35},{"type":"B","date":"2018-03-22T03:19:05.000Z","volume":100,"label":" ","price":26.3},{"type":"B","date":"2018-03-22T03:19:22.000Z","volume":200,"label":" ","price":26.3},{"type":"B","date":"2018-03-22T03:19:32.000Z","volume":300,"label":" ","price":26.3},{"type":"A","date":"2018-03-22T03:19:33.000Z","volume":100,"label":" ","price":26.35},{"type":"B","date":"2018-03-22T03:20:28.000Z","volume":700,"label":" ","price":26.3},{"type":"B","date":"2018-03-22T03:21:23.000Z","volume":2500,"label":" ","price":26.25},{"type":"A","date":"2018-03-22T03:21:23.000Z","volume":300,"label":" ","price":26.3},{"type":"B","date":"2018-03-22T03:22:00.000Z","volume":100,"label":" ","price":26.1},{"type":"B","date":"2018-03-22T03:22:04.000Z","volume":100,"label":" ","price":26.1},{"type":"A","date":"2018-03-22T03:24:34.000Z","volume":2200,"label":" ","price":26.2},{"type":"A","date":"2018-03-22T03:24:34.000Z","volume":300,"label":" ","price":26.25},{"type":"A","date":"2018-03-22T03:24:36.000Z","volume":100,"label":" ","price":26.25},{"type":"A","date":"2018-03-22T03:24:40.000Z","volume":100,"label":" ","price":26.25},{"type":"A","date":"2018-03-22T03:24:47.000Z","volume":100,"label":" ","price":26.25},{"type":"A","date":"2018-03-22T03:24:47.000Z","volume":200,"label":" ","price":26.3},{"type":"A","date":"2018-03-22T03:25:00.000Z","volume":100,"label":" ","price":26.3},{"type":"A","date":"2018-03-22T03:25:20.000Z","volume":200,"label":" ","price":26.3},{"type":"A","date":"2018-03-22T03:25:48.000Z","volume":100,"label":" ","price":26.35},{"type":"A","date":"2018-03-22T03:25:49.000Z","volume":100,"label":" ","price":26.35},{"type":"U","date":"2018-03-22T03:28:09.000Z","volume":200,"label":" ","price":26.3},{"type":"A","date":"2018-03-22T03:28:09.000Z","volume":200,"label":" ","price":26.35},{"type":"A","date":"2018-03-22T03:29:16.000Z","volume":100,"label":" ","price":26.35},{"type":"A","date":"2018-03-22T03:30:01.000Z","volume":200,"label":" ","price":26.35},{"type":"A","date":"2018-03-22T03:30:56.000Z","volume":100,"label":" ","price":26.35},{"type":"B","date":"2018-03-22T03:31:42.000Z","volume":1600,"label":" ","price":26.3},{"type":"B","date":"2018-03-22T03:31:42.000Z","volume":100,"label":" ","price":26.3},{"type":"B","date":"2018-03-22T03:31:42.000Z","volume":200,"label":" ","price":26.3},{"type":"B","date":"2018-03-22T03:31:42.000Z","volume":200,"label":" ","price":26.3},{"type":"A","date":"2018-03-22T03:32:26.000Z","volume":2000,"label":"Y","price":26.3},{"type":"A","date":"2018-03-22T03:32:26.000Z","volume":300,"label":" ","price":26.3},{"type":"A","date":"2018-03-22T03:32:26.000Z","volume":1500,"label":" ","price":26.3},{"type":"A","date":"2018-03-22T03:32:28.000Z","volume":100,"label":" ","price":26.35},{"type":"A","date":"2018-03-22T03:33:09.000Z","volume":100,"label":" ","price":26.35},{"type":"A","date":"2018-03-22T03:34:37.000Z","volume":100,"label":" ","price":26.35},{"type":"A","date":"2018-03-22T03:35:39.000Z","volume":100,"label":" ","price":26.35},{"type":"A","date":"2018-03-22T03:36:47.000Z","volume":100,"label":" ","price":26.35},{"type":"A","date":"2018-03-22T03:36:47.000Z","volume":100,"label":" ","price":26.35},{"type":"A","date":"2018-03-22T03:37:30.000Z","volume":200,"label":" ","price":26.35},{"type":"A","date":"2018-03-22T03:38:23.000Z","volume":5700,"label":" ","price":26.35},{"type":"B","date":"2018-03-22T03:38:23.000Z","volume":100,"label":" ","price":26.3},{"type":"A","date":"2018-03-22T03:38:23.000Z","volume":100,"label":" ","price":26.4},{"type":"A","date":"2018-03-22T03:38:25.000Z","volume":600,"label":" ","price":26.4},{"type":"A","date":"2018-03-22T03:40:52.000Z","volume":100,"label":" ","price":26.4},{"type":"A","date":"2018-03-22T03:41:31.000Z","volume":100,"label":" ","price":26.4},{"type":"A","date":"2018-03-22T03:43:46.000Z","volume":100,"label":" ","price":26.4},{"type":"A","date":"2018-03-22T03:43:53.000Z","volume":300,"label":" ","price":26.4},{"type":"A","date":"2018-03-22T03:43:55.000Z","volume":100,"label":" ","price":26.4},{"type":"A","date":"2018-03-22T03:44:17.000Z","volume":200,"label":" ","price":26.4},{"type":"A","date":"2018-03-22T03:44:17.000Z","volume":200,"label":" ","price":26.4},{"type":"A","date":"2018-03-22T03:44:17.000Z","volume":200,"label":" ","price":26.4},{"type":"A","date":"2018-03-22T03:46:52.000Z","volume":100,"label":" ","price":26.4},{"type":"A","date":"2018-03-22T03:47:12.000Z","volume":100,"label":" ","price":26.4},{"type":"A","date":"2018-03-22T03:47:36.000Z","volume":100,"label":" ","price":26.4},{"type":"A","date":"2018-03-22T03:49:34.000Z","volume":100,"label":" ","price":26.4},{"type":"A","date":"2018-03-22T03:49:34.000Z","volume":100,"label":" ","price":26.4},{"type":"A","date":"2018-03-22T03:50:17.000Z","volume":200,"label":" ","price":26.4},{"type":"A","date":"2018-03-22T03:50:17.000Z","volume":200,"label":" ","price":26.4},{"type":"A","date":"2018-03-22T03:50:17.000Z","volume":200,"label":" ","price":26.4},{"type":"B","date":"2018-03-22T03:50:17.000Z","volume":100,"label":" ","price":26.35},{"type":"A","date":"2018-03-22T03:50:18.000Z","volume":100,"label":" ","price":26.4},{"type":"B","date":"2018-03-22T03:50:18.000Z","volume":100,"label":" ","price":26.35},{"type":"A","date":"2018-03-22T03:50:19.000Z","volume":100,"label":" ","price":26.4},{"type":"A","date":"2018-03-22T03:52:24.000Z","volume":100,"label":" ","price":26.4},{"type":"A","date":"2018-03-22T03:52:36.000Z","volume":100,"label":" ","price":26.4},{"type":"A","date":"2018-03-22T03:52:37.000Z","volume":100,"label":" ","price":26.4},{"type":"A","date":"2018-03-22T03:53:54.000Z","volume":500,"label":" ","price":26.4},{"type":"A","date":"2018-03-22T03:54:32.000Z","volume":200,"label":" ","price":26.4},{"type":"A","date":"2018-03-22T03:54:32.000Z","volume":200,"label":" ","price":26.4},{"type":"A","date":"2018-03-22T03:54:34.000Z","volume":100,"label":" ","price":26.4},{"type":"B","date":"2018-03-22T03:54:40.000Z","volume":100,"label":" ","price":26.35},{"type":"A","date":"2018-03-22T03:55:23.000Z","volume":100,"label":" ","price":26.4},{"type":"A","date":"2018-03-22T03:56:20.000Z","volume":100,"label":" ","price":26.4},{"type":"A","date":"2018-03-22T03:56:41.000Z","volume":100,"label":" ","price":26.4},{"type":"A","date":"2018-03-22T03:57:17.000Z","volume":100,"label":" ","price":26.4},{"type":"A","date":"2018-03-22T03:57:17.000Z","volume":200,"label":" ","price":26.4},{"type":"A","date":"2018-03-22T03:57:19.000Z","volume":100,"label":" ","price":26.4},{"type":"B","date":"2018-03-22T03:57:19.000Z","volume":100,"label":" ","price":26.35},{"type":"B","date":"2018-03-22T03:57:36.000Z","volume":200,"label":"Y","price":26.35},{"type":"B","date":"2018-03-22T03:57:37.000Z","volume":200,"label":" ","price":26.35},{"type":"A","date":"2018-03-22T03:59:02.000Z","volume":100,"label":" ","price":26.4},{"type":"B","date":"2018-03-22T05:00:00.000Z","volume":100,"label":" ","price":26.35},{"type":"A","date":"2018-03-22T05:00:02.000Z","volume":100,"label":" ","price":26.4},{"type":"B","date":"2018-03-22T05:00:02.000Z","volume":100,"label":" ","price":26.35},{"type":"A","date":"2018-03-22T05:00:03.000Z","volume":500,"label":" ","price":26.4},{"type":"A","date":"2018-03-22T05:00:05.000Z","volume":5000,"label":" ","price":26.4},{"type":"A","date":"2018-03-22T05:00:05.000Z","volume":200,"label":" ","price":26.4},{"type":"A","date":"2018-03-22T05:00:07.000Z","volume":200,"label":" ","price":26.45},{"type":"A","date":"2018-03-22T05:00:09.000Z","volume":100,"label":" ","price":26.55},{"type":"A","date":"2018-03-22T05:00:15.000Z","volume":100,"label":" ","price":26.55},{"type":"A","date":"2018-03-22T05:00:56.000Z","volume":500,"label":" ","price":26.55},{"type":"A","date":"2018-03-22T05:00:56.000Z","volume":100,"label":" ","price":26.55},{"type":"B","date":"2018-03-22T05:00:59.000Z","volume":100,"label":" ","price":26.4},{"type":"A","date":"2018-03-22T05:01:29.000Z","volume":400,"label":" ","price":26.55},{"type":"A","date":"2018-03-22T05:02:16.000Z","volume":500,"label":" ","price":26.55},{"type":"A","date":"2018-03-22T05:02:18.000Z","volume":100,"label":" ","price":26.55},{"type":"A","date":"2018-03-22T05:02:25.000Z","volume":100,"label":" ","price":26.55},{"type":"A","date":"2018-03-22T05:02:35.000Z","volume":200,"label":" ","price":26.55},{"type":"A","date":"2018-03-22T05:02:52.000Z","volume":600,"label":" ","price":26.55},{"type":"A","date":"2018-03-22T05:02:53.000Z","volume":100,"label":" ","price":26.55},{"type":"A","date":"2018-03-22T05:02:57.000Z","volume":100,"label":" ","price":26.55},{"type":"A","date":"2018-03-22T05:03:01.000Z","volume":800,"label":" ","price":26.55},{"type":"A","date":"2018-03-22T05:03:01.000Z","volume":100,"label":" ","price":26.55},{"type":"B","date":"2018-03-22T05:03:01.000Z","volume":100,"label":" ","price":26.5},{"type":"A","date":"2018-03-22T05:03:56.000Z","volume":200,"label":"Y","price":26.55},{"type":"A","date":"2018-03-22T05:03:56.000Z","volume":400,"label":" ","price":26.55},{"type":"A","date":"2018-03-22T05:04:17.000Z","volume":700,"label":" ","price":26.55},{"type":"A","date":"2018-03-22T05:04:19.000Z","volume":100,"label":" ","price":26.55},{"type":"A","date":"2018-03-22T05:05:01.000Z","volume":100,"label":" ","price":26.55},{"type":"B","date":"2018-03-22T05:05:05.000Z","volume":200,"label":"Y","price":26.5},{"type":"B","date":"2018-03-22T05:05:05.000Z","volume":3100,"label":" ","price":26.5},{"type":"B","date":"2018-03-22T05:05:05.000Z","volume":1300,"label":" ","price":26.5},{"type":"B","date":"2018-03-22T05:05:05.000Z","volume":200,"label":" ","price":26.5},{"type":"A","date":"2018-03-22T05:05:06.000Z","volume":100,"label":" ","price":26.55},{"type":"B","date":"2018-03-22T05:05:08.000Z","volume":100,"label":" ","price":26.45},{"type":"B","date":"2018-03-22T05:05:08.000Z","volume":100,"label":" ","price":26.4},{"type":"A","date":"2018-03-22T05:06:35.000Z","volume":100,"label":" ","price":26.5},{"type":"A","date":"2018-03-22T05:08:43.000Z","volume":300,"label":" ","price":26.5},{"type":"A","date":"2018-03-22T05:08:45.000Z","volume":100,"label":" ","price":26.5},{"type":"A","date":"2018-03-22T05:11:10.000Z","volume":100,"label":"Y","price":26.5},{"type":"A","date":"2018-03-22T05:12:47.000Z","volume":400,"label":" ","price":26.5},{"type":"A","date":"2018-03-22T05:12:51.000Z","volume":100,"label":"Y","price":26.5},{"type":"A","date":"2018-03-22T05:13:26.000Z","volume":100,"label":" ","price":26.5},{"type":"A","date":"2018-03-22T05:15:04.000Z","volume":100,"label":"Y","price":26.5},{"type":"B","date":"2018-03-22T05:15:04.000Z","volume":1300,"label":" ","price":26.45},{"type":"B","date":"2018-03-22T05:15:04.000Z","volume":100,"label":" ","price":26.45},{"type":"A","date":"2018-03-22T05:15:05.000Z","volume":100,"label":" ","price":26.5},{"type":"B","date":"2018-03-22T05:15:22.000Z","volume":200,"label":" ","price":26.45},{"type":"B","date":"2018-03-22T05:15:59.000Z","volume":1500,"label":" ","price":26.45},{"type":"B","date":"2018-03-22T05:16:00.000Z","volume":200,"label":" ","price":26.45},{"type":"A","date":"2018-03-22T05:16:01.000Z","volume":100,"label":" ","price":26.5},{"type":"B","date":"2018-03-22T05:16:03.000Z","volume":200,"label":" ","price":26.45},{"type":"B","date":"2018-03-22T05:16:03.000Z","volume":100,"label":" ","price":26.4},{"type":"A","date":"2018-03-22T05:19:13.000Z","volume":100,"label":" ","price":26.45},{"type":"A","date":"2018-03-22T05:19:50.000Z","volume":2600,"label":" ","price":26.45},{"type":"A","date":"2018-03-22T05:19:52.000Z","volume":300,"label":" ","price":26.5},{"type":"A","date":"2018-03-22T05:21:09.000Z","volume":100,"label":" ","price":26.5},{"type":"A","date":"2018-03-22T05:21:16.000Z","volume":100,"label":" ","price":26.5},{"type":"A","date":"2018-03-22T05:21:16.000Z","volume":100,"label":" ","price":26.5},{"type":"A","date":"2018-03-22T05:21:17.000Z","volume":800,"label":" ","price":26.55},{"type":"A","date":"2018-03-22T05:21:18.000Z","volume":100,"label":" ","price":26.6},{"type":"B","date":"2018-03-22T05:21:24.000Z","volume":1000,"label":" ","price":26.5},{"type":"A","date":"2018-03-22T05:21:24.000Z","volume":200,"label":" ","price":26.5},{"type":"B","date":"2018-03-22T05:21:50.000Z","volume":600,"label":" ","price":26.5},{"type":"A","date":"2018-03-22T05:21:50.000Z","volume":100,"label":" ","price":26.5},{"type":"A","date":"2018-03-22T05:21:52.000Z","volume":100,"label":" ","price":26.5},{"type":"B","date":"2018-03-22T05:22:09.000Z","volume":1000,"label":" ","price":26.45},{"type":"A","date":"2018-03-22T05:23:12.000Z","volume":100,"label":"Y","price":26.5},{"type":"A","date":"2018-03-22T05:26:01.000Z","volume":200,"label":" ","price":26.45},{"type":"A","date":"2018-03-22T05:26:02.000Z","volume":300,"label":" ","price":26.45},{"type":"A","date":"2018-03-22T05:26:02.000Z","volume":600,"label":" ","price":26.45},{"type":"A","date":"2018-03-22T05:26:03.000Z","volume":100,"label":" ","price":26.5},{"type":"A","date":"2018-03-22T05:27:31.000Z","volume":100,"label":" ","price":26.5},{"type":"A","date":"2018-03-22T05:28:46.000Z","volume":100,"label":" ","price":26.5},{"type":"A","date":"2018-03-22T05:29:35.000Z","volume":100,"label":"Y","price":26.5},{"type":"A","date":"2018-03-22T05:30:43.000Z","volume":100,"label":" ","price":26.5},{"type":"B","date":"2018-03-22T05:31:51.000Z","volume":200,"label":" ","price":26.45},{"type":"A","date":"2018-03-22T05:31:53.000Z","volume":100,"label":" ","price":26.5},{"type":"A","date":"2018-03-22T05:33:27.000Z","volume":100,"label":"Y","price":26.5},{"type":"B","date":"2018-03-22T05:34:40.000Z","volume":1000,"label":" ","price":26.45},{"type":"B","date":"2018-03-22T05:34:40.000Z","volume":100,"label":" ","price":26.45},{"type":"A","date":"2018-03-22T05:35:34.000Z","volume":100,"label":" ","price":26.5},{"type":"A","date":"2018-03-22T05:37:05.000Z","volume":100,"label":" ","price":26.5},{"type":"A","date":"2018-03-22T05:38:55.000Z","volume":100,"label":" ","price":26.5},{"type":"A","date":"2018-03-22T05:38:55.000Z","volume":4500,"label":" ","price":26.5},{"type":"A","date":"2018-03-22T05:38:57.000Z","volume":200,"label":" ","price":26.55},{"type":"A","date":"2018-03-22T05:38:59.000Z","volume":300,"label":" ","price":26.55},{"type":"A","date":"2018-03-22T05:40:08.000Z","volume":2500,"label":" ","price":26.55},{"type":"B","date":"2018-03-22T05:40:08.000Z","volume":100,"label":" ","price":26.5},{"type":"A","date":"2018-03-22T05:40:08.000Z","volume":500,"label":" ","price":26.6},{"type":"A","date":"2018-03-22T05:40:10.000Z","volume":300,"label":" ","price":26.65},{"type":"A","date":"2018-03-22T05:40:48.000Z","volume":100,"label":" ","price":26.65},{"type":"A","date":"2018-03-22T05:41:23.000Z","volume":200,"label":" ","price":26.7},{"type":"A","date":"2018-03-22T05:42:07.000Z","volume":800,"label":"Y","price":26.7},{"type":"A","date":"2018-03-22T05:42:07.000Z","volume":3400,"label":" ","price":26.7},{"type":"B","date":"2018-03-22T05:42:07.000Z","volume":100,"label":" ","price":26.6},{"type":"A","date":"2018-03-22T05:42:07.000Z","volume":100,"label":" ","price":26.7},{"type":"A","date":"2018-03-22T05:42:07.000Z","volume":500,"label":" ","price":26.7},{"type":"U","date":"2018-03-22T05:43:02.000Z","volume":100,"label":" ","price":26.65},{"type":"A","date":"2018-03-22T05:44:11.000Z","volume":100,"label":" ","price":26.7},{"type":"A","date":"2018-03-22T05:44:31.000Z","volume":300,"label":" ","price":26.7},{"type":"A","date":"2018-03-22T05:44:32.000Z","volume":100,"label":" ","price":26.75},{"type":"A","date":"2018-03-22T05:44:47.000Z","volume":200,"label":" ","price":26.75},{"type":"U","date":"2018-03-22T05:45:03.000Z","volume":300,"label":" ","price":26.7},{"type":"B","date":"2018-03-22T05:45:47.000Z","volume":3300,"label":" ","price":26.65},{"type":"B","date":"2018-03-22T05:45:47.000Z","volume":100,"label":" ","price":26.6},{"type":"B","date":"2018-03-22T05:46:12.000Z","volume":1300,"label":" ","price":26.6},{"type":"B","date":"2018-03-22T05:46:12.000Z","volume":100,"label":" ","price":26.55},{"type":"A","date":"2018-03-22T05:46:14.000Z","volume":100,"label":" ","price":26.7},{"type":"A","date":"2018-03-22T05:46:50.000Z","volume":100,"label":" ","price":26.7},{"type":"B","date":"2018-03-22T05:49:22.000Z","volume":200,"label":" ","price":26.55},{"type":"B","date":"2018-03-22T05:50:13.000Z","volume":600,"label":" ","price":26.6},{"type":"A","date":"2018-03-22T05:50:15.000Z","volume":100,"label":" ","price":26.7},{"type":"A","date":"2018-03-22T05:51:01.000Z","volume":100,"label":" ","price":26.7},{"type":"A","date":"2018-03-22T05:52:26.000Z","volume":100,"label":" ","price":26.7},{"type":"U","date":"2018-03-22T05:53:16.000Z","volume":400,"label":" ","price":26.6},{"type":"B","date":"2018-03-22T05:54:48.000Z","volume":100,"label":" ","price":26.6},{"type":"B","date":"2018-03-22T05:54:48.000Z","volume":300,"label":" ","price":26.6},{"type":"A","date":"2018-03-22T05:54:48.000Z","volume":100,"label":" ","price":26.7},{"type":"B","date":"2018-03-22T05:54:49.000Z","volume":100,"label":" ","price":26.6},{"type":"U","date":"2018-03-22T05:54:54.000Z","volume":200,"label":" ","price":26.6},{"type":"A","date":"2018-03-22T05:55:02.000Z","volume":200,"label":" ","price":26.7},{"type":"A","date":"2018-03-22T05:56:32.000Z","volume":200,"label":" ","price":26.7},{"type":"A","date":"2018-03-22T05:57:46.000Z","volume":100,"label":" ","price":26.7},{"type":"A","date":"2018-03-22T05:57:48.000Z","volume":100,"label":" ","price":26.7},{"type":"A","date":"2018-03-22T05:58:17.000Z","volume":200,"label":" ","price":26.7},{"type":"A","date":"2018-03-22T05:58:17.000Z","volume":100,"label":" ","price":26.7},{"type":"B","date":"2018-03-22T06:00:15.000Z","volume":100,"label":" ","price":26.6},{"type":"A","date":"2018-03-22T06:00:17.000Z","volume":3100,"label":" ","price":26.6},{"type":"A","date":"2018-03-22T06:00:17.000Z","volume":6400,"label":" ","price":26.6},{"type":"B","date":"2018-03-22T06:00:18.000Z","volume":200,"label":" ","price":26.55},{"type":"A","date":"2018-03-22T06:00:19.000Z","volume":800,"label":" ","price":26.7},{"type":"A","date":"2018-03-22T06:01:02.000Z","volume":200,"label":" ","price":26.7},{"type":"A","date":"2018-03-22T06:01:18.000Z","volume":1000,"label":" ","price":26.7},{"type":"B","date":"2018-03-22T06:01:21.000Z","volume":100,"label":" ","price":26.55},{"type":"A","date":"2018-03-22T06:02:13.000Z","volume":400,"label":" ","price":26.7},{"type":"A","date":"2018-03-22T06:02:23.000Z","volume":100,"label":" ","price":26.7},{"type":"A","date":"2018-03-22T06:03:09.000Z","volume":100,"label":" ","price":26.7},{"type":"A","date":"2018-03-22T06:03:17.000Z","volume":200,"label":" ","price":26.7},{"type":"B","date":"2018-03-22T06:04:07.000Z","volume":800,"label":" ","price":26.65},{"type":"B","date":"2018-03-22T06:05:12.000Z","volume":100,"label":"Y","price":26.65},{"type":"A","date":"2018-03-22T06:08:02.000Z","volume":300,"label":" ","price":26.7},{"type":"A","date":"2018-03-22T06:08:02.000Z","volume":200,"label":" ","price":26.7},{"type":"A","date":"2018-03-22T06:08:02.000Z","volume":200,"label":" ","price":26.7},{"type":"A","date":"2018-03-22T06:08:02.000Z","volume":200,"label":" ","price":26.7},{"type":"A","date":"2018-03-22T06:08:02.000Z","volume":200,"label":" ","price":26.7},{"type":"B","date":"2018-03-22T06:08:02.000Z","volume":100,"label":" ","price":26.65},{"type":"A","date":"2018-03-22T06:08:17.000Z","volume":100,"label":" ","price":26.7},{"type":"B","date":"2018-03-22T06:08:18.000Z","volume":100,"label":"Y","price":26.65},{"type":"B","date":"2018-03-22T06:08:18.000Z","volume":4700,"label":" ","price":26.65},{"type":"B","date":"2018-03-22T06:08:18.000Z","volume":200,"label":" ","price":26.6},{"type":"B","date":"2018-03-22T06:08:20.000Z","volume":200,"label":" ","price":26.55},{"type":"A","date":"2018-03-22T06:08:47.000Z","volume":100,"label":" ","price":26.7},{"type":"B","date":"2018-03-22T06:08:51.000Z","volume":400,"label":" ","price":26.55},{"type":"A","date":"2018-03-22T06:11:29.000Z","volume":100,"label":" ","price":26.7},{"type":"B","date":"2018-03-22T06:11:33.000Z","volume":100,"label":" ","price":26.65},{"type":"B","date":"2018-03-22T06:11:35.000Z","volume":500,"label":"Y","price":26.65},{"type":"B","date":"2018-03-22T06:11:35.000Z","volume":100,"label":" ","price":26.65},{"type":"A","date":"2018-03-22T06:11:36.000Z","volume":300,"label":" ","price":26.65},{"type":"B","date":"2018-03-22T06:11:36.000Z","volume":400,"label":" ","price":26.6},{"type":"B","date":"2018-03-22T06:11:48.000Z","volume":200,"label":" ","price":26.55},{"type":"A","date":"2018-03-22T06:14:04.000Z","volume":100,"label":" ","price":26.65},{"type":"B","date":"2018-03-22T06:14:17.000Z","volume":1500,"label":" ","price":26.6},{"type":"B","date":"2018-03-22T06:14:17.000Z","volume":200,"label":" ","price":26.6},{"type":"B","date":"2018-03-22T06:14:20.000Z","volume":200,"label":" ","price":26.6},{"type":"B","date":"2018-03-22T06:14:20.000Z","volume":100,"label":" ","price":26.55},{"type":"B","date":"2018-03-22T06:14:40.000Z","volume":200,"label":" ","price":26.55},{"type":"B","date":"2018-03-22T06:14:51.000Z","volume":200,"label":" ","price":26.55},{"type":"A","date":"2018-03-22T06:15:56.000Z","volume":100,"label":"Y","price":26.6},{"type":"B","date":"2018-03-22T06:16:13.000Z","volume":400,"label":" ","price":26.55},{"type":"B","date":"2018-03-22T06:16:13.000Z","volume":100,"label":" ","price":26.5},{"type":"A","date":"2018-03-22T06:16:45.000Z","volume":100,"label":" ","price":26.55},{"type":"B","date":"2018-03-22T06:18:18.000Z","volume":100,"label":"Y","price":26.5},{"type":"B","date":"2018-03-22T06:18:18.000Z","volume":1000,"label":" ","price":26.5},{"type":"B","date":"2018-03-22T06:18:18.000Z","volume":100,"label":" ","price":26.45},{"type":"A","date":"2018-03-22T06:20:17.000Z","volume":100,"label":" ","price":26.55},{"type":"B","date":"2018-03-22T06:20:22.000Z","volume":200,"label":" ","price":26.5},{"type":"A","date":"2018-03-22T06:22:14.000Z","volume":100,"label":" ","price":26.5},{"type":"B","date":"2018-03-22T06:22:48.000Z","volume":100,"label":" ","price":26.45},{"type":"B","date":"2018-03-22T06:22:53.000Z","volume":100,"label":" ","price":26.45},{"type":"A","date":"2018-03-22T06:25:04.000Z","volume":100,"label":" ","price":26.5},{"type":"A","date":"2018-03-22T06:25:19.000Z","volume":100,"label":" ","price":26.5},{"type":"A","date":"2018-03-22T06:28:05.000Z","volume":200,"label":" ","price":26.5},{"type":"B","date":"2018-03-22T06:29:36.000Z","volume":200,"label":" ","price":26.45},{"type":"B","date":"2018-03-22T06:29:48.000Z","volume":200,"label":" ","price":26.45},{"type":"B","date":"2018-03-22T06:30:05.000Z","volume":2000,"label":" ","price":26.45},{"type":"B","date":"2018-03-22T06:30:05.000Z","volume":100,"label":" ","price":26.45},{"type":"B","date":"2018-03-22T06:30:06.000Z","volume":100,"label":" ","price":26.45},{"type":"A","date":"2018-03-22T06:30:23.000Z","volume":100,"label":" ","price":26.5},{"type":"B","date":"2018-03-22T06:31:14.000Z","volume":500,"label":"Y","price":26.45},{"type":"B","date":"2018-03-22T06:31:14.000Z","volume":900,"label":" ","price":26.45},{"type":"B","date":"2018-03-22T06:31:14.000Z","volume":100,"label":" ","price":26.4},{"type":"B","date":"2018-03-22T06:32:02.000Z","volume":2400,"label":" ","price":26.4},{"type":"B","date":"2018-03-22T06:32:02.000Z","volume":100,"label":" ","price":26.35},{"type":"B","date":"2018-03-22T06:32:52.000Z","volume":2200,"label":" ","price":26.35},{"type":"B","date":"2018-03-22T06:32:52.000Z","volume":100,"label":" ","price":26.3},{"type":"A","date":"2018-03-22T06:33:21.000Z","volume":100,"label":" ","price":26.35},{"type":"A","date":"2018-03-22T06:34:07.000Z","volume":5000,"label":" ","price":26.35},{"type":"A","date":"2018-03-22T06:34:22.000Z","volume":100,"label":" ","price":26.35},{"type":"A","date":"2018-03-22T06:35:32.000Z","volume":100,"label":"Y","price":26.35},{"type":"A","date":"2018-03-22T06:35:40.000Z","volume":200,"label":" ","price":26.35},{"type":"A","date":"2018-03-22T06:36:13.000Z","volume":200,"label":" ","price":26.35},{"type":"A","date":"2018-03-22T06:37:05.000Z","volume":100,"label":" ","price":26.35},{"type":"A","date":"2018-03-22T06:38:18.000Z","volume":100,"label":" ","price":26.35},{"type":"A","date":"2018-03-22T06:38:56.000Z","volume":100,"label":" ","price":26.35},{"type":"A","date":"2018-03-22T06:39:09.000Z","volume":100,"label":" ","price":26.35},{"type":"A","date":"2018-03-22T06:40:48.000Z","volume":1000,"label":" ","price":26.35},{"type":"B","date":"2018-03-22T06:40:51.000Z","volume":100,"label":" ","price":26.3},{"type":"A","date":"2018-03-22T06:40:52.000Z","volume":300,"label":" ","price":26.35},{"type":"A","date":"2018-03-22T06:41:02.000Z","volume":200,"label":" ","price":26.35},{"type":"A","date":"2018-03-22T06:41:02.000Z","volume":200,"label":" ","price":26.35},{"type":"A","date":"2018-03-22T06:41:03.000Z","volume":100,"label":" ","price":26.35},{"type":"A","date":"2018-03-22T06:41:49.000Z","volume":100,"label":" ","price":26.35},{"type":"A","date":"2018-03-22T06:42:05.000Z","volume":100,"label":" ","price":26.35},{"type":"A","date":"2018-03-22T06:42:29.000Z","volume":100,"label":" ","price":26.35},{"type":"A","date":"2018-03-22T06:43:32.000Z","volume":200,"label":" ","price":26.35},{"type":"A","date":"2018-03-22T06:43:32.000Z","volume":100,"label":" ","price":26.35},{"type":"A","date":"2018-03-22T06:43:54.000Z","volume":100,"label":" ","price":26.35},{"type":"A","date":"2018-03-22T06:44:40.000Z","volume":100,"label":" ","price":26.35},{"type":"A","date":"2018-03-22T06:45:42.000Z","volume":400,"label":" ","price":26.35},{"type":"A","date":"2018-03-22T06:46:25.000Z","volume":100,"label":" ","price":26.35},{"type":"B","date":"2018-03-22T06:46:56.000Z","volume":3900,"label":" ","price":26.3},{"type":"B","date":"2018-03-22T06:46:56.000Z","volume":200,"label":" ","price":26.25},{"type":"A","date":"2018-03-22T06:47:18.000Z","volume":200,"label":" ","price":26.3},{"type":"A","date":"2018-03-22T06:48:10.000Z","volume":300,"label":" ","price":26.3},{"type":"A","date":"2018-03-22T06:48:27.000Z","volume":200,"label":" ","price":26.3},{"type":"A","date":"2018-03-22T06:49:01.000Z","volume":100,"label":" ","price":26.3},{"type":"B","date":"2018-03-22T06:49:55.000Z","volume":100,"label":" ","price":26.25},{"type":"A","date":"2018-03-22T06:50:04.000Z","volume":100,"label":" ","price":26.3},{"type":"A","date":"2018-03-22T06:50:32.000Z","volume":200,"label":" ","price":26.3},{"type":"A","date":"2018-03-22T06:50:32.000Z","volume":200,"label":" ","price":26.3},{"type":"A","date":"2018-03-22T06:50:32.000Z","volume":200,"label":" ","price":26.3},{"type":"B","date":"2018-03-22T06:50:33.000Z","volume":100,"label":" ","price":26.25},{"type":"A","date":"2018-03-22T06:50:49.000Z","volume":8200,"label":" ","price":26.3},{"type":"A","date":"2018-03-22T06:50:49.000Z","volume":500,"label":" ","price":26.35},{"type":"B","date":"2018-03-22T06:50:50.000Z","volume":100,"label":" ","price":26.3},{"type":"A","date":"2018-03-22T06:50:50.000Z","volume":100,"label":" ","price":26.35},{"type":"B","date":"2018-03-22T06:50:55.000Z","volume":2600,"label":" ","price":26.35},{"type":"B","date":"2018-03-22T06:51:11.000Z","volume":2800,"label":" ","price":26.35},{"type":"U","date":"2018-03-22T06:51:43.000Z","volume":200,"label":" ","price":26.35},{"type":"B","date":"2018-03-22T06:52:16.000Z","volume":2600,"label":" ","price":26.35},{"type":"B","date":"2018-03-22T06:52:16.000Z","volume":100,"label":" ","price":26.3},{"type":"B","date":"2018-03-22T06:52:24.000Z","volume":3000,"label":" ","price":26.3},{"type":"B","date":"2018-03-22T06:52:28.000Z","volume":100,"label":" ","price":26.25},{"type":"B","date":"2018-03-22T06:54:25.000Z","volume":900,"label":" ","price":26.3},{"type":"A","date":"2018-03-22T06:55:24.000Z","volume":100,"label":"Y","price":26.35},{"type":"A","date":"2018-03-22T06:55:31.000Z","volume":100,"label":" ","price":26.35},{"type":"B","date":"2018-03-22T06:56:46.000Z","volume":200,"label":" ","price":26.3},{"type":"A","date":"2018-03-22T06:59:27.000Z","volume":100,"label":"Y","price":26.35},{"type":"A","date":"2018-03-22T06:59:27.000Z","volume":100,"label":" ","price":26.35},{"type":"A","date":"2018-03-22T07:01:38.000Z","volume":100,"label":" ","price":26.35},{"type":"B","date":"2018-03-22T07:01:52.000Z","volume":500,"label":" ","price":26.3},{"type":"B","date":"2018-03-22T07:01:53.000Z","volume":100,"label":" ","price":26.3},{"type":"A","date":"2018-03-22T07:03:43.000Z","volume":100,"label":" ","price":26.35},{"type":"A","date":"2018-03-22T07:03:47.000Z","volume":200,"label":" ","price":26.35},{"type":"A","date":"2018-03-22T07:03:47.000Z","volume":200,"label":" ","price":26.35},{"type":"A","date":"2018-03-22T07:03:49.000Z","volume":100,"label":" ","price":26.35},{"type":"A","date":"2018-03-22T07:04:05.000Z","volume":100,"label":"Y","price":26.35},{"type":"A","date":"2018-03-22T07:06:35.000Z","volume":100,"label":" ","price":26.35},{"type":"A","date":"2018-03-22T07:07:52.000Z","volume":100,"label":" ","price":26.35},{"type":"A","date":"2018-03-22T07:08:47.000Z","volume":200,"label":" ","price":26.35},{"type":"A","date":"2018-03-22T07:08:47.000Z","volume":200,"label":" ","price":26.35},{"type":"A","date":"2018-03-22T07:08:47.000Z","volume":200,"label":" ","price":26.35},{"type":"A","date":"2018-03-22T07:10:19.000Z","volume":200,"label":" ","price":26.35},{"type":"A","date":"2018-03-22T07:10:20.000Z","volume":100,"label":" ","price":26.35},{"type":"B","date":"2018-03-22T07:11:00.000Z","volume":100,"label":" ","price":26.3},{"type":"A","date":"2018-03-22T07:11:48.000Z","volume":100,"label":" ","price":26.35},{"type":"A","date":"2018-03-22T07:11:53.000Z","volume":100,"label":" ","price":26.35},{"type":"A","date":"2018-03-22T07:13:32.000Z","volume":200,"label":" ","price":26.35},{"type":"A","date":"2018-03-22T07:13:32.000Z","volume":200,"label":" ","price":26.35},{"type":"A","date":"2018-03-22T07:14:01.000Z","volume":100,"label":" ","price":26.35},{"type":"A","date":"2018-03-22T07:14:32.000Z","volume":100,"label":" ","price":26.35},{"type":"A","date":"2018-03-22T07:15:55.000Z","volume":100,"label":" ","price":26.35},{"type":"A","date":"2018-03-22T07:16:01.000Z","volume":100,"label":" ","price":26.35},{"type":"B","date":"2018-03-22T07:16:20.000Z","volume":100,"label":" ","price":26.3},{"type":"A","date":"2018-03-22T07:17:32.000Z","volume":200,"label":" ","price":26.35},{"type":"A","date":"2018-03-22T07:17:32.000Z","volume":200,"label":" ","price":26.35},{"type":"A","date":"2018-03-22T07:17:45.000Z","volume":200,"label":" ","price":26.35},{"type":"A","date":"2018-03-22T07:17:57.000Z","volume":100,"label":" ","price":26.35},{"type":"A","date":"2018-03-22T07:19:02.000Z","volume":100,"label":" ","price":26.35},{"type":"A","date":"2018-03-22T07:20:19.000Z","volume":100,"label":" ","price":26.35},{"type":"A","date":"2018-03-22T07:20:22.000Z","volume":200,"label":" ","price":26.35},{"type":"B","date":"2018-03-22T07:20:22.000Z","volume":200,"label":" ","price":26.3},{"type":"A","date":"2018-03-22T07:20:23.000Z","volume":100,"label":" ","price":26.35},{"type":"A","date":"2018-03-22T07:20:24.000Z","volume":100,"label":" ","price":26.35},{"type":"A","date":"2018-03-22T07:22:02.000Z","volume":200,"label":" ","price":26.35},{"type":"A","date":"2018-03-22T07:22:02.000Z","volume":200,"label":" ","price":26.35},{"type":"A","date":"2018-03-22T07:22:03.000Z","volume":100,"label":"Y","price":26.35},{"type":"A","date":"2018-03-22T07:22:06.000Z","volume":100,"label":" ","price":26.35},{"type":"A","date":"2018-03-22T07:22:09.000Z","volume":100,"label":" ","price":26.35},{"type":"A","date":"2018-03-22T07:22:43.000Z","volume":300,"label":" ","price":26.35},{"type":"A","date":"2018-03-22T07:23:26.000Z","volume":200,"label":" ","price":26.35},{"type":"A","date":"2018-03-22T07:23:35.000Z","volume":100,"label":" ","price":26.35},{"type":"A","date":"2018-03-22T07:23:38.000Z","volume":100,"label":" ","price":26.35},{"type":"A","date":"2018-03-22T07:24:47.000Z","volume":200,"label":" ","price":26.35},{"type":"A","date":"2018-03-22T07:24:47.000Z","volume":200,"label":" ","price":26.35},{"type":"A","date":"2018-03-22T07:24:54.000Z","volume":100,"label":" ","price":26.35},{"type":"A","date":"2018-03-22T07:24:55.000Z","volume":400,"label":" ","price":26.35},{"type":"A","date":"2018-03-22T07:25:00.000Z","volume":100,"label":" ","price":26.35},{"type":"A","date":"2018-03-22T07:25:20.000Z","volume":100,"label":" ","price":26.35},{"type":"A","date":"2018-03-22T07:25:21.000Z","volume":200,"label":" ","price":26.35},{"type":"A","date":"2018-03-22T07:25:52.000Z","volume":100,"label":"Y","price":26.35},{"type":"A","date":"2018-03-22T07:25:52.000Z","volume":100,"label":" ","price":26.35},{"type":"A","date":"2018-03-22T07:25:58.000Z","volume":100,"label":" ","price":26.35},{"type":"A","date":"2018-03-22T07:26:30.000Z","volume":100,"label":" ","price":26.35},{"type":"B","date":"2018-03-22T07:27:00.000Z","volume":100,"label":" ","price":26.3},{"type":"A","date":"2018-03-22T07:27:32.000Z","volume":200,"label":" ","price":26.35},{"type":"A","date":"2018-03-22T07:27:37.000Z","volume":100,"label":" ","price":26.35},{"type":"A","date":"2018-03-22T07:27:41.000Z","volume":300,"label":" ","price":26.35},{"type":"A","date":"2018-03-22T07:27:44.000Z","volume":100,"label":" ","price":26.35},{"type":"A","date":"2018-03-22T07:28:21.000Z","volume":400,"label":" ","price":26.35},{"type":"A","date":"2018-03-22T07:28:29.000Z","volume":100,"label":" ","price":26.35},{"type":"A","date":"2018-03-22T07:28:38.000Z","volume":200,"label":" ","price":26.35},{"type":"A","date":"2018-03-22T07:28:38.000Z","volume":200,"label":" ","price":26.35},{"type":"A","date":"2018-03-22T07:28:39.000Z","volume":100,"label":" ","price":26.35},{"type":"A","date":"2018-03-22T07:29:00.000Z","volume":100,"label":" ","price":26.35},{"type":"A","date":"2018-03-22T07:29:03.000Z","volume":900,"label":" ","price":26.35},{"type":"A","date":"2018-03-22T07:29:13.000Z","volume":100,"label":" ","price":26.35},{"type":"A","date":"2018-03-22T07:29:13.000Z","volume":400,"label":"Y","price":26.35},{"type":"A","date":"2018-03-22T07:29:13.000Z","volume":600,"label":"Y","price":26.35},{"type":"A","date":"2018-03-22T07:29:17.000Z","volume":100,"label":" ","price":26.35},{"type":"A","date":"2018-03-22T07:30:00.000Z","volume":300,"label":" ","price":26.35},{"type":"A","date":"2018-03-22T07:30:02.000Z","volume":200,"label":" ","price":26.35},{"type":"B","date":"2018-03-22T07:30:02.000Z","volume":100,"label":" ","price":26.3},{"type":"A","date":"2018-03-22T07:30:03.000Z","volume":100,"label":" ","price":26.35},{"type":"A","date":"2018-03-22T07:30:22.000Z","volume":100,"label":"Y","price":26.35},{"type":"A","date":"2018-03-22T07:30:22.000Z","volume":400,"label":" ","price":26.35},{"type":"A","date":"2018-03-22T07:30:26.000Z","volume":100,"label":" ","price":26.35},{"type":"A","date":"2018-03-22T07:30:58.000Z","volume":1000,"label":"Y","price":26.35},{"type":"A","date":"2018-03-22T07:30:58.000Z","volume":200,"label":" ","price":26.35},{"type":"A","date":"2018-03-22T07:31:03.000Z","volume":100,"label":" ","price":26.35},{"type":"A","date":"2018-03-22T07:31:17.000Z","volume":200,"label":" ","price":26.35},{"type":"A","date":"2018-03-22T07:31:17.000Z","volume":100,"label":" ","price":26.35},{"type":"A","date":"2018-03-22T07:31:20.000Z","volume":200,"label":" ","price":26.35},{"type":"A","date":"2018-03-22T07:31:48.000Z","volume":100,"label":" ","price":26.35},{"type":"A","date":"2018-03-22T07:31:58.000Z","volume":400,"label":"Y","price":26.35},{"type":"A","date":"2018-03-22T07:31:58.000Z","volume":200,"label":" ","price":26.35},{"type":"A","date":"2018-03-22T07:32:31.000Z","volume":100,"label":" ","price":26.35},{"type":"A","date":"2018-03-22T07:32:38.000Z","volume":100,"label":"Y","price":26.35},{"type":"A","date":"2018-03-22T07:32:38.000Z","volume":200,"label":" ","price":26.35},{"type":"A","date":"2018-03-22T07:33:06.000Z","volume":100,"label":" ","price":26.35},{"type":"A","date":"2018-03-22T07:33:38.000Z","volume":100,"label":" ","price":26.35},{"type":"A","date":"2018-03-22T07:33:47.000Z","volume":100,"label":" ","price":26.35},{"type":"A","date":"2018-03-22T07:33:47.000Z","volume":100,"label":" ","price":26.35},{"type":"A","date":"2018-03-22T07:33:47.000Z","volume":200,"label":" ","price":26.35},{"type":"A","date":"2018-03-22T07:33:50.000Z","volume":100,"label":" ","price":26.35},{"type":"A","date":"2018-03-22T07:33:52.000Z","volume":700,"label":" ","price":26.35},{"type":"A","date":"2018-03-22T07:33:52.000Z","volume":100,"label":" ","price":26.35},{"type":"A","date":"2018-03-22T07:33:53.000Z","volume":100,"label":" ","price":26.35},{"type":"A","date":"2018-03-22T07:33:54.000Z","volume":100,"label":" ","price":26.35},{"type":"A","date":"2018-03-22T07:34:02.000Z","volume":100,"label":" ","price":26.35},{"type":"A","date":"2018-03-22T07:34:02.000Z","volume":200,"label":" ","price":26.35},{"type":"A","date":"2018-03-22T07:34:17.000Z","volume":100,"label":" ","price":26.35},{"type":"A","date":"2018-03-22T07:34:20.000Z","volume":100,"label":" ","price":26.35},{"type":"A","date":"2018-03-22T07:35:08.000Z","volume":100,"label":"Y","price":26.35},{"type":"A","date":"2018-03-22T07:35:13.000Z","volume":100,"label":" ","price":26.35},{"type":"A","date":"2018-03-22T07:35:19.000Z","volume":100,"label":" ","price":26.35},{"type":"A","date":"2018-03-22T07:35:26.000Z","volume":300,"label":" ","price":26.35},{"type":"A","date":"2018-03-22T07:35:45.000Z","volume":400,"label":"Y","price":26.35},{"type":"A","date":"2018-03-22T07:35:45.000Z","volume":500,"label":"Y","price":26.35},{"type":"A","date":"2018-03-22T07:35:45.000Z","volume":100,"label":" ","price":26.35},{"type":"A","date":"2018-03-22T07:35:45.000Z","volume":200,"label":" ","price":26.35},{"type":"B","date":"2018-03-22T07:35:45.000Z","volume":100,"label":" ","price":26.3},{"type":"A","date":"2018-03-22T07:35:59.000Z","volume":200,"label":"Y","price":26.35},{"type":"A","date":"2018-03-22T07:35:59.000Z","volume":200,"label":" ","price":26.35},{"type":"B","date":"2018-03-22T07:36:08.000Z","volume":500,"label":" ","price":26.3},{"type":"A","date":"2018-03-22T07:36:14.000Z","volume":100,"label":" ","price":26.35},{"type":"A","date":"2018-03-22T07:36:32.000Z","volume":200,"label":" ","price":26.35},{"type":"B","date":"2018-03-22T07:36:34.000Z","volume":1100,"label":" ","price":26.35},{"type":"B","date":"2018-03-22T07:36:38.000Z","volume":100,"label":" ","price":26.35},{"type":"B","date":"2018-03-22T07:36:38.000Z","volume":500,"label":" ","price":26.35},{"type":"A","date":"2018-03-22T07:37:29.000Z","volume":400,"label":" ","price":26.35},{"type":"A","date":"2018-03-22T07:38:54.000Z","volume":100,"label":"Y","price":26.35},{"type":"A","date":"2018-03-22T07:39:02.000Z","volume":100,"label":" ","price":26.35},{"type":"A","date":"2018-03-22T07:41:11.000Z","volume":100,"label":" ","price":26.35},{"type":"A","date":"2018-03-22T07:41:36.000Z","volume":300,"label":" ","price":26.35},{"type":"A","date":"2018-03-22T07:41:37.000Z","volume":100,"label":"Y","price":26.35},{"type":"A","date":"2018-03-22T07:41:40.000Z","volume":500,"label":" ","price":26.35},{"type":"A","date":"2018-03-22T07:41:47.000Z","volume":100,"label":" ","price":26.35},{"type":"B","date":"2018-03-22T07:41:50.000Z","volume":100,"label":" ","price":26.3},{"type":"B","date":"2018-03-22T07:41:51.000Z","volume":2600,"label":" ","price":26.3},{"type":"B","date":"2018-03-22T07:41:54.000Z","volume":100,"label":" ","price":26.3},{"type":"A","date":"2018-03-22T07:42:02.000Z","volume":300,"label":" ","price":26.35},{"type":"A","date":"2018-03-22T07:42:12.000Z","volume":100,"label":" ","price":26.35},{"type":"A","date":"2018-03-22T07:42:38.000Z","volume":300,"label":"Y","price":26.35},{"type":"A","date":"2018-03-22T07:42:47.000Z","volume":100,"label":" ","price":26.35},{"type":"A","date":"2018-03-22T07:43:48.000Z","volume":100,"label":" ","price":26.35},{"type":"A","date":"2018-03-22T07:43:56.000Z","volume":100,"label":"Y","price":26.35},{"type":"A","date":"2018-03-22T07:44:27.000Z","volume":100,"label":"Y","price":26.35},{"type":"A","date":"2018-03-22T07:44:27.000Z","volume":300,"label":" ","price":26.35},{"type":"A","date":"2018-03-22T07:44:29.000Z","volume":400,"label":"Y","price":26.35},{"type":"A","date":"2018-03-22T07:44:32.000Z","volume":100,"label":" ","price":26.35},{"type":"A","date":"2018-03-22T07:44:32.000Z","volume":100,"label":" ","price":26.35},{"type":"B","date":"2018-03-22T07:45:08.000Z","volume":4800,"label":" ","price":26.3},{"type":"A","date":"2018-03-22T07:45:09.000Z","volume":200,"label":" ","price":26.35},{"type":"B","date":"2018-03-22T07:45:10.000Z","volume":100,"label":" ","price":26.3},{"type":"A","date":"2018-03-22T07:45:17.000Z","volume":300,"label":" ","price":26.35},{"type":"A","date":"2018-03-22T07:45:17.000Z","volume":200,"label":" ","price":26.35},{"type":"A","date":"2018-03-22T07:45:18.000Z","volume":300,"label":" ","price":26.35},{"type":"B","date":"2018-03-22T07:45:22.000Z","volume":100,"label":" ","price":26.3},{"type":"A","date":"2018-03-22T07:45:32.000Z","volume":100,"label":" ","price":26.35},{"type":"A","date":"2018-03-22T07:46:59.000Z","volume":100,"label":" ","price":26.35},{"type":"A","date":"2018-03-22T07:47:32.000Z","volume":100,"label":" ","price":26.35},{"type":"A","date":"2018-03-22T07:47:45.000Z","volume":200,"label":" ","price":26.35},{"type":"A","date":"2018-03-22T07:49:24.000Z","volume":100,"label":" ","price":26.35},{"type":"B","date":"2018-03-22T07:50:02.000Z","volume":2000,"label":" ","price":26.3},{"type":"B","date":"2018-03-22T07:50:05.000Z","volume":100,"label":" ","price":26.3},{"type":"A","date":"2018-03-22T07:50:17.000Z","volume":300,"label":" ","price":26.35},{"type":"B","date":"2018-03-22T07:50:30.000Z","volume":200,"label":"Y","price":26.3},{"type":"B","date":"2018-03-22T07:50:30.000Z","volume":10500,"label":" ","price":26.3},{"type":"A","date":"2018-03-22T07:50:30.000Z","volume":300,"label":" ","price":26.35},{"type":"A","date":"2018-03-22T07:50:30.000Z","volume":300,"label":" ","price":26.35},{"type":"B","date":"2018-03-22T07:50:30.000Z","volume":400,"label":" ","price":26.3},{"type":"B","date":"2018-03-22T07:50:33.000Z","volume":100,"label":" ","price":26.3},{"type":"A","date":"2018-03-22T07:50:41.000Z","volume":200,"label":" ","price":26.35},{"type":"B","date":"2018-03-22T07:50:44.000Z","volume":1700,"label":" ","price":26.3},{"type":"B","date":"2018-03-22T07:50:46.000Z","volume":100,"label":" ","price":26.3},{"type":"A","date":"2018-03-22T07:51:17.000Z","volume":100,"label":" ","price":26.35},{"type":"B","date":"2018-03-22T07:51:24.000Z","volume":4000,"label":" ","price":26.3},{"type":"B","date":"2018-03-22T07:51:26.000Z","volume":100,"label":" ","price":26.3},{"type":"A","date":"2018-03-22T07:51:35.000Z","volume":100,"label":" ","price":26.35},{"type":"B","date":"2018-03-22T07:51:49.000Z","volume":200,"label":"Y","price":26.3},{"type":"B","date":"2018-03-22T07:51:49.000Z","volume":900,"label":" ","price":26.3},{"type":"B","date":"2018-03-22T07:51:50.000Z","volume":100,"label":" ","price":26.3},{"type":"A","date":"2018-03-22T07:52:28.000Z","volume":300,"label":" ","price":26.35},{"type":"A","date":"2018-03-22T07:52:32.000Z","volume":300,"label":" ","price":26.35},{"type":"A","date":"2018-03-22T07:52:32.000Z","volume":200,"label":" ","price":26.35},{"type":"A","date":"2018-03-22T07:52:43.000Z","volume":700,"label":" ","price":26.35},{"type":"A","date":"2018-03-22T07:53:10.000Z","volume":100,"label":" ","price":26.35},{"type":"A","date":"2018-03-22T07:53:25.000Z","volume":700,"label":" ","price":26.35},{"type":"A","date":"2018-03-22T07:53:29.000Z","volume":400,"label":" ","price":26.35},{"type":"A","date":"2018-03-22T07:53:47.000Z","volume":100,"label":" ","price":26.35},{"type":"A","date":"2018-03-22T07:54:29.000Z","volume":500,"label":" ","price":26.35},{"type":"A","date":"2018-03-22T07:54:30.000Z","volume":600,"label":" ","price":26.35},{"type":"A","date":"2018-03-22T07:54:30.000Z","volume":100,"label":" ","price":26.35},{"type":"A","date":"2018-03-22T07:55:02.000Z","volume":500,"label":" ","price":26.35},{"type":"A","date":"2018-03-22T07:55:10.000Z","volume":100,"label":" ","price":26.35},{"type":"A","date":"2018-03-22T07:55:30.000Z","volume":500,"label":" ","price":26.35},{"type":"A","date":"2018-03-22T07:55:39.000Z","volume":100,"label":" ","price":26.35},{"type":"A","date":"2018-03-22T07:55:47.000Z","volume":100,"label":" ","price":26.35},{"type":"A","date":"2018-03-22T07:56:00.000Z","volume":600,"label":" ","price":26.35},{"type":"A","date":"2018-03-22T07:56:09.000Z","volume":100,"label":" ","price":26.35},{"type":"A","date":"2018-03-22T07:56:32.000Z","volume":400,"label":" ","price":26.35},{"type":"A","date":"2018-03-22T07:56:32.000Z","volume":100,"label":" ","price":26.35},{"type":"A","date":"2018-03-22T07:56:47.000Z","volume":100,"label":" ","price":26.35},{"type":"A","date":"2018-03-22T07:56:47.000Z","volume":100,"label":" ","price":26.35},{"type":"B","date":"2018-03-22T07:56:49.000Z","volume":200,"label":" ","price":26.3},{"type":"B","date":"2018-03-22T07:56:51.000Z","volume":100,"label":" ","price":26.3},{"type":"A","date":"2018-03-22T07:57:05.000Z","volume":100,"label":" ","price":26.35},{"type":"A","date":"2018-03-22T07:57:11.000Z","volume":100,"label":" ","price":26.35},{"type":"A","date":"2018-03-22T07:57:40.000Z","volume":300,"label":" ","price":26.35},{"type":"B","date":"2018-03-22T07:57:41.000Z","volume":200,"label":" ","price":26.3},{"type":"A","date":"2018-03-22T07:57:44.000Z","volume":100,"label":" ","price":26.35},{"type":"A","date":"2018-03-22T07:57:47.000Z","volume":100,"label":" ","price":26.35},{"type":"A","date":"2018-03-22T07:58:16.000Z","volume":100,"label":" ","price":26.35},{"type":"A","date":"2018-03-22T07:58:17.000Z","volume":1100,"label":" ","price":26.35},{"type":"A","date":"2018-03-22T07:58:17.000Z","volume":100,"label":" ","price":26.35},{"type":"B","date":"2018-03-22T07:58:25.000Z","volume":100,"label":"Y","price":26.3},{"type":"B","date":"2018-03-22T07:58:25.000Z","volume":1900,"label":" ","price":26.3},{"type":"B","date":"2018-03-22T07:58:25.000Z","volume":100,"label":" ","price":26.3},{"type":"A","date":"2018-03-22T07:58:25.000Z","volume":100,"label":" ","price":26.3},{"type":"A","date":"2018-03-22T07:58:49.000Z","volume":100,"label":" ","price":26.3},{"type":"A","date":"2018-03-22T07:59:02.000Z","volume":200,"label":" ","price":26.3},{"type":"A","date":"2018-03-22T07:59:08.000Z","volume":100,"label":"Y","price":26.3},{"type":"A","date":"2018-03-22T07:59:20.000Z","volume":100,"label":" ","price":26.3},{"type":"B","date":"2018-03-22T07:59:20.000Z","volume":100,"label":" ","price":26.25},{"type":"A","date":"2018-03-22T07:59:25.000Z","volume":100,"label":" ","price":26.3},{"type":"A","date":"2018-03-22T07:59:25.000Z","volume":200,"label":" ","price":26.3},{"type":"A","date":"2018-03-22T07:59:30.000Z","volume":1000,"label":" ","price":26.3},{"type":"A","date":"2018-03-22T07:59:32.000Z","volume":100,"label":" ","price":26.3},{"type":"A","date":"2018-03-22T07:59:32.000Z","volume":100,"label":" ","price":26.3},{"type":"A","date":"2018-03-22T07:59:33.000Z","volume":100,"label":" ","price":26.3},{"type":"A","date":"2018-03-22T07:59:34.000Z","volume":100,"label":" ","price":26.3},{"type":"A","date":"2018-03-22T07:59:38.000Z","volume":100,"label":" ","price":26.3},{"type":"A","date":"2018-03-22T07:59:42.000Z","volume":100,"label":" ","price":26.3},{"type":"B","date":"2018-03-22T07:59:44.000Z","volume":100,"label":" ","price":26.25},{"type":"A","date":"2018-03-22T07:59:51.000Z","volume":200,"label":" ","price":26.3},{"type":"A","date":"2018-03-22T07:59:52.000Z","volume":100,"label":" ","price":26.3},{"type":"A","date":"2018-03-22T07:59:55.000Z","volume":700,"label":"Y","price":26.3},{"type":"A","date":"2018-03-22T07:59:57.000Z","volume":100,"label":" ","price":26.3},{"type":"U","date":"2018-03-22T08:08:15.000Z","volume":5700,"label":"U","price":26.4}]