[{"type":"B","date":"2018-03-29T01:30:00.000Z","volume":2000,"label":" ","price":4.33},{"type":"B","date":"2018-03-29T01:30:05.000Z","volume":4000,"label":" ","price":4.33},{"type":"B","date":"2018-03-29T01:30:06.000Z","volume":2000,"label":" ","price":4.32},{"type":"A","date":"2018-03-29T01:30:37.000Z","volume":6000,"label":" ","price":4.33},{"type":"A","date":"2018-03-29T01:30:37.000Z","volume":16000,"label":" ","price":4.34},{"type":"A","date":"2018-03-29T01:31:47.000Z","volume":10000,"label":" ","price":4.4},{"type":"B","date":"2018-03-29T01:31:52.000Z","volume":4000,"label":" ","price":4.39},{"type":"A","date":"2018-03-29T01:32:01.000Z","volume":2000,"label":" ","price":4.39},{"type":"B","date":"2018-03-29T01:32:20.000Z","volume":4000,"label":" ","price":4.39},{"type":"U","date":"2018-03-29T01:32:20.000Z","volume":2000,"label":" ","price":4.39},{"type":"A","date":"2018-03-29T01:32:20.000Z","volume":10000,"label":" ","price":4.4},{"type":"A","date":"2018-03-29T01:32:49.000Z","volume":4000,"label":" ","price":4.4},{"type":"A","date":"2018-03-29T01:33:03.000Z","volume":6000,"label":" ","price":4.4},{"type":"A","date":"2018-03-29T01:33:15.000Z","volume":2000,"label":" ","price":4.39},{"type":"A","date":"2018-03-29T01:33:18.000Z","volume":2000,"label":" ","price":4.39},{"type":"A","date":"2018-03-29T01:33:44.000Z","volume":18000,"label":" ","price":4.4},{"type":"A","date":"2018-03-29T01:34:23.000Z","volume":2000,"label":" ","price":4.4},{"type":"B","date":"2018-03-29T01:34:33.000Z","volume":6000,"label":" ","price":4.4},{"type":"A","date":"2018-03-29T01:34:38.000Z","volume":14000,"label":" ","price":4.4},{"type":"A","date":"2018-03-29T01:34:50.000Z","volume":4000,"label":" ","price":4.41},{"type":"B","date":"2018-03-29T01:35:00.000Z","volume":6000,"label":" ","price":4.41},{"type":"B","date":"2018-03-29T01:35:03.000Z","volume":8000,"label":" ","price":4.4},{"type":"A","date":"2018-03-29T01:35:35.000Z","volume":2000,"label":" ","price":4.4},{"type":"B","date":"2018-03-29T01:35:42.000Z","volume":4000,"label":" ","price":4.4},{"type":"B","date":"2018-03-29T01:35:54.000Z","volume":14000,"label":" ","price":4.4},{"type":"B","date":"2018-03-29T01:36:18.000Z","volume":4000,"label":" ","price":4.39},{"type":"A","date":"2018-03-29T01:37:04.000Z","volume":10000,"label":" ","price":4.4},{"type":"U","date":"2018-03-29T01:37:13.000Z","volume":20000,"label":" ","price":4.4},{"type":"A","date":"2018-03-29T01:38:08.000Z","volume":4000,"label":" ","price":4.4},{"type":"A","date":"2018-03-29T01:38:10.000Z","volume":8000,"label":" ","price":4.4},{"type":"A","date":"2018-03-29T01:38:10.000Z","volume":12000,"label":" ","price":4.41},{"type":"A","date":"2018-03-29T01:38:16.000Z","volume":2000,"label":" ","price":4.4},{"type":"A","date":"2018-03-29T01:38:53.000Z","volume":8000,"label":" ","price":4.4},{"type":"B","date":"2018-03-29T01:39:00.000Z","volume":2000,"label":" ","price":4.4},{"type":"B","date":"2018-03-29T01:39:00.000Z","volume":2000,"label":" ","price":4.4},{"type":"A","date":"2018-03-29T01:39:07.000Z","volume":8000,"label":" ","price":4.41},{"type":"A","date":"2018-03-29T01:39:07.000Z","volume":12000,"label":" ","price":4.42},{"type":"A","date":"2018-03-29T01:39:21.000Z","volume":2000,"label":" ","price":4.42},{"type":"A","date":"2018-03-29T01:39:39.000Z","volume":10000,"label":" ","price":4.4},{"type":"A","date":"2018-03-29T01:40:26.000Z","volume":20000,"label":" ","price":4.4},{"type":"B","date":"2018-03-29T01:40:30.000Z","volume":6000,"label":" ","price":4.41},{"type":"B","date":"2018-03-29T01:40:30.000Z","volume":4000,"label":" ","price":4.41},{"type":"A","date":"2018-03-29T01:40:49.000Z","volume":6000,"label":" ","price":4.42},{"type":"B","date":"2018-03-29T01:40:54.000Z","volume":4000,"label":" ","price":4.42},{"type":"B","date":"2018-03-29T01:41:00.000Z","volume":4000,"label":" ","price":4.42},{"type":"B","date":"2018-03-29T01:41:23.000Z","volume":8000,"label":" ","price":4.42},{"type":"A","date":"2018-03-29T01:41:28.000Z","volume":4000,"label":" ","price":4.42},{"type":"A","date":"2018-03-29T01:41:35.000Z","volume":10000,"label":" ","price":4.43},{"type":"A","date":"2018-03-29T01:41:40.000Z","volume":10000,"label":" ","price":4.43},{"type":"A","date":"2018-03-29T01:41:40.000Z","volume":10000,"label":" ","price":4.43},{"type":"B","date":"2018-03-29T01:42:00.000Z","volume":2000,"label":" ","price":4.43},{"type":"A","date":"2018-03-29T01:42:07.000Z","volume":4000,"label":" ","price":4.45},{"type":"B","date":"2018-03-29T01:42:08.000Z","volume":2000,"label":" ","price":4.43},{"type":"A","date":"2018-03-29T01:43:23.000Z","volume":4000,"label":" ","price":4.45},{"type":"A","date":"2018-03-29T01:43:32.000Z","volume":22000,"label":" ","price":4.45},{"type":"A","date":"2018-03-29T01:43:39.000Z","volume":6000,"label":" ","price":4.48},{"type":"A","date":"2018-03-29T01:43:43.000Z","volume":4000,"label":" ","price":4.48},{"type":"A","date":"2018-03-29T01:44:01.000Z","volume":26000,"label":" ","price":4.49},{"type":"A","date":"2018-03-29T01:44:01.000Z","volume":6000,"label":" ","price":4.49},{"type":"U","date":"2018-03-29T01:44:30.000Z","volume":4000,"label":" ","price":4.48},{"type":"A","date":"2018-03-29T01:45:21.000Z","volume":18000,"label":" ","price":4.48},{"type":"A","date":"2018-03-29T01:45:21.000Z","volume":2000,"label":" ","price":4.49},{"type":"U","date":"2018-03-29T01:45:55.000Z","volume":8000,"label":" ","price":4.48},{"type":"A","date":"2018-03-29T01:46:12.000Z","volume":8000,"label":" ","price":4.49},{"type":"A","date":"2018-03-29T01:46:12.000Z","volume":22000,"label":" ","price":4.49},{"type":"A","date":"2018-03-29T01:47:27.000Z","volume":2000,"label":" ","price":4.48},{"type":"A","date":"2018-03-29T01:47:58.000Z","volume":4000,"label":" ","price":4.48},{"type":"A","date":"2018-03-29T01:48:12.000Z","volume":6000,"label":" ","price":4.48},{"type":"A","date":"2018-03-29T01:48:25.000Z","volume":2000,"label":" ","price":4.48},{"type":"A","date":"2018-03-29T01:48:33.000Z","volume":2000,"label":" ","price":4.48},{"type":"A","date":"2018-03-29T01:48:52.000Z","volume":4000,"label":" ","price":4.48},{"type":"A","date":"2018-03-29T01:48:57.000Z","volume":2000,"label":" ","price":4.49},{"type":"B","date":"2018-03-29T01:49:23.000Z","volume":16000,"label":" ","price":4.48},{"type":"B","date":"2018-03-29T01:49:23.000Z","volume":12000,"label":" ","price":4.48},{"type":"B","date":"2018-03-29T01:49:55.000Z","volume":10000,"label":" ","price":4.48},{"type":"B","date":"2018-03-29T01:50:40.000Z","volume":2000,"label":" ","price":4.48},{"type":"B","date":"2018-03-29T01:50:47.000Z","volume":2000,"label":" ","price":4.48},{"type":"B","date":"2018-03-29T01:50:53.000Z","volume":2000,"label":" ","price":4.48},{"type":"B","date":"2018-03-29T01:50:58.000Z","volume":2000,"label":" ","price":4.48},{"type":"B","date":"2018-03-29T01:51:05.000Z","volume":2000,"label":" ","price":4.48},{"type":"B","date":"2018-03-29T01:51:11.000Z","volume":2000,"label":" ","price":4.48},{"type":"A","date":"2018-03-29T01:51:19.000Z","volume":8000,"label":" ","price":4.49},{"type":"B","date":"2018-03-29T01:51:23.000Z","volume":8000,"label":" ","price":4.49},{"type":"B","date":"2018-03-29T01:51:34.000Z","volume":2000,"label":" ","price":4.49},{"type":"B","date":"2018-03-29T01:51:38.000Z","volume":2000,"label":" ","price":4.49},{"type":"B","date":"2018-03-29T01:51:41.000Z","volume":26000,"label":" ","price":4.49},{"type":"B","date":"2018-03-29T01:52:23.000Z","volume":28000,"label":" ","price":4.45},{"type":"B","date":"2018-03-29T01:52:23.000Z","volume":28000,"label":" ","price":4.45},{"type":"B","date":"2018-03-29T01:52:23.000Z","volume":4000,"label":" ","price":4.45},{"type":"B","date":"2018-03-29T01:52:48.000Z","volume":32000,"label":" ","price":4.45},{"type":"B","date":"2018-03-29T01:52:48.000Z","volume":28000,"label":" ","price":4.45},{"type":"U","date":"2018-03-29T01:52:56.000Z","volume":28000,"label":" ","price":4.45},{"type":"A","date":"2018-03-29T01:53:13.000Z","volume":2000,"label":" ","price":4.45},{"type":"B","date":"2018-03-29T01:54:00.000Z","volume":2000,"label":" ","price":4.45},{"type":"B","date":"2018-03-29T01:54:04.000Z","volume":4000,"label":" ","price":4.45},{"type":"B","date":"2018-03-29T01:54:04.000Z","volume":18000,"label":" ","price":4.44},{"type":"B","date":"2018-03-29T01:54:04.000Z","volume":12000,"label":" ","price":4.43},{"type":"B","date":"2018-03-29T01:54:04.000Z","volume":22000,"label":" ","price":4.42},{"type":"B","date":"2018-03-29T01:54:04.000Z","volume":44000,"label":" ","price":4.41},{"type":"U","date":"2018-03-29T01:54:18.000Z","volume":2000,"label":" ","price":4.42},{"type":"U","date":"2018-03-29T01:54:28.000Z","volume":2000,"label":" ","price":4.42},{"type":"U","date":"2018-03-29T01:54:35.000Z","volume":2000,"label":" ","price":4.42},{"type":"A","date":"2018-03-29T01:54:45.000Z","volume":2000,"label":" ","price":4.43},{"type":"A","date":"2018-03-29T01:55:00.000Z","volume":2000,"label":" ","price":4.43},{"type":"A","date":"2018-03-29T01:56:02.000Z","volume":2000,"label":" ","price":4.43},{"type":"B","date":"2018-03-29T01:56:30.000Z","volume":30000,"label":" ","price":4.42},{"type":"B","date":"2018-03-29T01:56:56.000Z","volume":2000,"label":" ","price":4.43},{"type":"U","date":"2018-03-29T01:57:03.000Z","volume":2000,"label":" ","price":4.43},{"type":"U","date":"2018-03-29T01:57:09.000Z","volume":2000,"label":" ","price":4.43},{"type":"A","date":"2018-03-29T01:57:18.000Z","volume":2000,"label":" ","price":4.43},{"type":"B","date":"2018-03-29T01:57:23.000Z","volume":2000,"label":" ","price":4.43},{"type":"B","date":"2018-03-29T01:57:23.000Z","volume":4000,"label":" ","price":4.42},{"type":"A","date":"2018-03-29T01:57:43.000Z","volume":2000,"label":" ","price":4.43},{"type":"B","date":"2018-03-29T01:58:19.000Z","volume":2000,"label":" ","price":4.44},{"type":"B","date":"2018-03-29T01:58:24.000Z","volume":2000,"label":" ","price":4.44},{"type":"B","date":"2018-03-29T01:58:28.000Z","volume":2000,"label":" ","price":4.44},{"type":"B","date":"2018-03-29T01:58:33.000Z","volume":2000,"label":" ","price":4.44},{"type":"B","date":"2018-03-29T01:58:53.000Z","volume":2000,"label":" ","price":4.44},{"type":"B","date":"2018-03-29T01:58:54.000Z","volume":68000,"label":" ","price":4.44},{"type":"B","date":"2018-03-29T01:58:54.000Z","volume":2000,"label":" ","price":4.43},{"type":"B","date":"2018-03-29T01:58:54.000Z","volume":10000,"label":" ","price":4.42},{"type":"B","date":"2018-03-29T01:59:18.000Z","volume":2000,"label":" ","price":4.44},{"type":"B","date":"2018-03-29T01:59:45.000Z","volume":2000,"label":" ","price":4.44},{"type":"B","date":"2018-03-29T01:59:49.000Z","volume":2000,"label":" ","price":4.44},{"type":"B","date":"2018-03-29T01:59:54.000Z","volume":2000,"label":" ","price":4.44},{"type":"B","date":"2018-03-29T01:59:58.000Z","volume":2000,"label":" ","price":4.44},{"type":"B","date":"2018-03-29T02:00:03.000Z","volume":2000,"label":" ","price":4.44},{"type":"B","date":"2018-03-29T02:00:07.000Z","volume":2000,"label":" ","price":4.44},{"type":"B","date":"2018-03-29T02:00:13.000Z","volume":2000,"label":" ","price":4.44},{"type":"B","date":"2018-03-29T02:00:13.000Z","volume":50000,"label":" ","price":4.44},{"type":"A","date":"2018-03-29T02:00:18.000Z","volume":2000,"label":" ","price":4.45},{"type":"B","date":"2018-03-29T02:00:24.000Z","volume":30000,"label":" ","price":4.44},{"type":"A","date":"2018-03-29T02:01:09.000Z","volume":8000,"label":" ","price":4.44},{"type":"A","date":"2018-03-29T02:01:09.000Z","volume":20000,"label":" ","price":4.46},{"type":"A","date":"2018-03-29T02:04:31.000Z","volume":10000,"label":" ","price":4.46},{"type":"B","date":"2018-03-29T02:04:45.000Z","volume":12000,"label":" ","price":4.43},{"type":"B","date":"2018-03-29T02:05:39.000Z","volume":10000,"label":" ","price":4.43},{"type":"B","date":"2018-03-29T02:06:32.000Z","volume":10000,"label":" ","price":4.43},{"type":"B","date":"2018-03-29T02:06:43.000Z","volume":2000,"label":" ","price":4.43},{"type":"A","date":"2018-03-29T02:07:23.000Z","volume":2000,"label":" ","price":4.43},{"type":"A","date":"2018-03-29T02:07:48.000Z","volume":36000,"label":" ","price":4.45},{"type":"B","date":"2018-03-29T02:11:27.000Z","volume":10000,"label":" ","price":4.42},{"type":"A","date":"2018-03-29T02:11:54.000Z","volume":2000,"label":" ","price":4.43},{"type":"B","date":"2018-03-29T02:13:16.000Z","volume":20000,"label":" ","price":4.42},{"type":"B","date":"2018-03-29T02:13:16.000Z","volume":2000,"label":" ","price":4.42},{"type":"A","date":"2018-03-29T02:13:30.000Z","volume":2000,"label":" ","price":4.42},{"type":"B","date":"2018-03-29T02:14:02.000Z","volume":20000,"label":" ","price":4.41},{"type":"B","date":"2018-03-29T02:14:02.000Z","volume":10000,"label":" ","price":4.41},{"type":"B","date":"2018-03-29T02:14:29.000Z","volume":76000,"label":" ","price":4.4},{"type":"B","date":"2018-03-29T02:14:44.000Z","volume":10000,"label":" ","price":4.39},{"type":"B","date":"2018-03-29T02:14:44.000Z","volume":2000,"label":" ","price":4.39},{"type":"A","date":"2018-03-29T02:14:50.000Z","volume":24000,"label":" ","price":4.39},{"type":"A","date":"2018-03-29T02:15:17.000Z","volume":20000,"label":" ","price":4.42},{"type":"A","date":"2018-03-29T02:16:45.000Z","volume":16000,"label":" ","price":4.4},{"type":"A","date":"2018-03-29T02:19:27.000Z","volume":4000,"label":" ","price":4.4},{"type":"B","date":"2018-03-29T02:19:53.000Z","volume":18000,"label":" ","price":4.4},{"type":"A","date":"2018-03-29T02:20:36.000Z","volume":2000,"label":" ","price":4.4},{"type":"B","date":"2018-03-29T02:22:04.000Z","volume":32000,"label":" ","price":4.39},{"type":"A","date":"2018-03-29T02:22:31.000Z","volume":70000,"label":" ","price":4.39},{"type":"B","date":"2018-03-29T02:22:36.000Z","volume":4000,"label":" ","price":4.4},{"type":"A","date":"2018-03-29T02:23:41.000Z","volume":4000,"label":" ","price":4.42},{"type":"A","date":"2018-03-29T02:29:43.000Z","volume":2000,"label":" ","price":4.42},{"type":"A","date":"2018-03-29T02:35:47.000Z","volume":8000,"label":" ","price":4.43},{"type":"B","date":"2018-03-29T02:38:39.000Z","volume":2000,"label":" ","price":4.43},{"type":"B","date":"2018-03-29T02:38:47.000Z","volume":4000,"label":" ","price":4.43},{"type":"A","date":"2018-03-29T02:39:21.000Z","volume":2000,"label":" ","price":4.44},{"type":"B","date":"2018-03-29T02:39:23.000Z","volume":28000,"label":" ","price":4.43},{"type":"A","date":"2018-03-29T02:42:19.000Z","volume":2000,"label":" ","price":4.43},{"type":"B","date":"2018-03-29T02:42:30.000Z","volume":10000,"label":" ","price":4.41},{"type":"A","date":"2018-03-29T02:43:23.000Z","volume":2000,"label":" ","price":4.42},{"type":"A","date":"2018-03-29T02:43:26.000Z","volume":2000,"label":" ","price":4.44},{"type":"A","date":"2018-03-29T02:44:38.000Z","volume":8000,"label":" ","price":4.43},{"type":"B","date":"2018-03-29T02:45:56.000Z","volume":4000,"label":" ","price":4.43},{"type":"A","date":"2018-03-29T02:46:54.000Z","volume":2000,"label":" ","price":4.43},{"type":"A","date":"2018-03-29T02:53:02.000Z","volume":6000,"label":" ","price":4.43},{"type":"A","date":"2018-03-29T02:55:26.000Z","volume":2000,"label":" ","price":4.43},{"type":"U","date":"2018-03-29T02:56:01.000Z","volume":1000,"label":"D","price":4.38},{"type":"B","date":"2018-03-29T02:57:49.000Z","volume":10000,"label":" ","price":4.43},{"type":"A","date":"2018-03-29T02:58:04.000Z","volume":12000,"label":" ","price":4.44},{"type":"A","date":"2018-03-29T02:58:21.000Z","volume":2000,"label":" ","price":4.44},{"type":"A","date":"2018-03-29T02:58:21.000Z","volume":2000,"label":" ","price":4.44},{"type":"A","date":"2018-03-29T03:01:58.000Z","volume":2000,"label":" ","price":4.45},{"type":"A","date":"2018-03-29T03:02:11.000Z","volume":20000,"label":" ","price":4.45},{"type":"A","date":"2018-03-29T03:02:11.000Z","volume":2000,"label":" ","price":4.45},{"type":"A","date":"2018-03-29T03:03:42.000Z","volume":42000,"label":" ","price":4.45},{"type":"A","date":"2018-03-29T03:03:42.000Z","volume":58000,"label":" ","price":4.46},{"type":"A","date":"2018-03-29T03:05:23.000Z","volume":6000,"label":" ","price":4.46},{"type":"A","date":"2018-03-29T03:05:31.000Z","volume":2000,"label":" ","price":4.46},{"type":"A","date":"2018-03-29T03:05:46.000Z","volume":2000,"label":" ","price":4.46},{"type":"A","date":"2018-03-29T03:05:46.000Z","volume":2000,"label":" ","price":4.46},{"type":"B","date":"2018-03-29T03:07:13.000Z","volume":6000,"label":" ","price":4.46},{"type":"B","date":"2018-03-29T03:10:22.000Z","volume":10000,"label":" ","price":4.45},{"type":"A","date":"2018-03-29T03:10:25.000Z","volume":2000,"label":" ","price":4.45},{"type":"B","date":"2018-03-29T03:11:42.000Z","volume":24000,"label":" ","price":4.44},{"type":"B","date":"2018-03-29T03:11:59.000Z","volume":4000,"label":" ","price":4.44},{"type":"B","date":"2018-03-29T03:11:59.000Z","volume":4000,"label":" ","price":4.43},{"type":"B","date":"2018-03-29T03:11:59.000Z","volume":2000,"label":" ","price":4.42},{"type":"A","date":"2018-03-29T03:17:54.000Z","volume":4000,"label":" ","price":4.43},{"type":"A","date":"2018-03-29T03:23:14.000Z","volume":20000,"label":" ","price":4.44},{"type":"B","date":"2018-03-29T03:24:11.000Z","volume":12000,"label":" ","price":4.44},{"type":"A","date":"2018-03-29T03:26:17.000Z","volume":8000,"label":" ","price":4.44},{"type":"B","date":"2018-03-29T03:26:55.000Z","volume":4000,"label":" ","price":4.44},{"type":"B","date":"2018-03-29T03:27:19.000Z","volume":8000,"label":" ","price":4.44},{"type":"A","date":"2018-03-29T03:28:44.000Z","volume":8000,"label":" ","price":4.44},{"type":"A","date":"2018-03-29T03:33:47.000Z","volume":4000,"label":" ","price":4.44},{"type":"A","date":"2018-03-29T03:34:42.000Z","volume":4000,"label":" ","price":4.44},{"type":"A","date":"2018-03-29T03:36:41.000Z","volume":2000,"label":" ","price":4.44},{"type":"A","date":"2018-03-29T03:37:36.000Z","volume":2000,"label":" ","price":4.44},{"type":"A","date":"2018-03-29T03:37:40.000Z","volume":4000,"label":" ","price":4.44},{"type":"A","date":"2018-03-29T03:39:37.000Z","volume":2000,"label":" ","price":4.44},{"type":"A","date":"2018-03-29T03:41:32.000Z","volume":4000,"label":" ","price":4.44},{"type":"B","date":"2018-03-29T03:41:35.000Z","volume":8000,"label":" ","price":4.43},{"type":"A","date":"2018-03-29T03:47:15.000Z","volume":2000,"label":" ","price":4.43},{"type":"A","date":"2018-03-29T03:47:53.000Z","volume":2000,"label":" ","price":4.43},{"type":"A","date":"2018-03-29T03:48:41.000Z","volume":8000,"label":" ","price":4.43},{"type":"A","date":"2018-03-29T03:49:34.000Z","volume":2000,"label":" ","price":4.43},{"type":"A","date":"2018-03-29T03:50:36.000Z","volume":2000,"label":" ","price":4.43},{"type":"B","date":"2018-03-29T03:50:46.000Z","volume":10000,"label":" ","price":4.42},{"type":"A","date":"2018-03-29T03:51:35.000Z","volume":2000,"label":" ","price":4.43},{"type":"A","date":"2018-03-29T05:00:02.000Z","volume":18000,"label":" ","price":4.44},{"type":"A","date":"2018-03-29T05:00:02.000Z","volume":74000,"label":"Y","price":4.45},{"type":"A","date":"2018-03-29T05:00:02.000Z","volume":14000,"label":"Y","price":4.45},{"type":"A","date":"2018-03-29T05:00:02.000Z","volume":4000,"label":" ","price":4.46},{"type":"A","date":"2018-03-29T05:00:02.000Z","volume":10000,"label":" ","price":4.46},{"type":"U","date":"2018-03-29T05:00:04.000Z","volume":30000,"label":" ","price":4.45},{"type":"A","date":"2018-03-29T05:00:17.000Z","volume":2000,"label":" ","price":4.46},{"type":"A","date":"2018-03-29T05:01:07.000Z","volume":10000,"label":" ","price":4.46},{"type":"A","date":"2018-03-29T05:01:27.000Z","volume":2000,"label":" ","price":4.46},{"type":"A","date":"2018-03-29T05:02:05.000Z","volume":10000,"label":" ","price":4.46},{"type":"A","date":"2018-03-29T05:02:35.000Z","volume":12000,"label":" ","price":4.46},{"type":"A","date":"2018-03-29T05:02:35.000Z","volume":8000,"label":" ","price":4.46},{"type":"A","date":"2018-03-29T05:07:27.000Z","volume":2000,"label":" ","price":4.46},{"type":"A","date":"2018-03-29T05:08:53.000Z","volume":2000,"label":" ","price":4.46},{"type":"A","date":"2018-03-29T05:09:10.000Z","volume":2000,"label":"Y","price":4.46},{"type":"A","date":"2018-03-29T05:10:10.000Z","volume":14000,"label":" ","price":4.47},{"type":"A","date":"2018-03-29T05:10:22.000Z","volume":28000,"label":" ","price":4.47},{"type":"B","date":"2018-03-29T05:10:22.000Z","volume":2000,"label":" ","price":4.47},{"type":"B","date":"2018-03-29T05:10:40.000Z","volume":4000,"label":" ","price":4.47},{"type":"A","date":"2018-03-29T05:10:47.000Z","volume":16000,"label":" ","price":4.47},{"type":"B","date":"2018-03-29T05:10:47.000Z","volume":4000,"label":" ","price":4.47},{"type":"B","date":"2018-03-29T05:11:25.000Z","volume":8000,"label":" ","price":4.47},{"type":"A","date":"2018-03-29T05:14:29.000Z","volume":12000,"label":" ","price":4.47},{"type":"A","date":"2018-03-29T05:14:47.000Z","volume":50000,"label":" ","price":4.48},{"type":"A","date":"2018-03-29T05:15:02.000Z","volume":30000,"label":" ","price":4.48},{"type":"A","date":"2018-03-29T05:15:14.000Z","volume":20000,"label":" ","price":4.48},{"type":"A","date":"2018-03-29T05:15:20.000Z","volume":8000,"label":"Y","price":4.48},{"type":"B","date":"2018-03-29T05:15:27.000Z","volume":4000,"label":" ","price":4.48},{"type":"A","date":"2018-03-29T05:16:32.000Z","volume":6000,"label":" ","price":4.48},{"type":"A","date":"2018-03-29T05:17:08.000Z","volume":10000,"label":" ","price":4.48},{"type":"A","date":"2018-03-29T05:19:57.000Z","volume":4000,"label":" ","price":4.48},{"type":"A","date":"2018-03-29T05:20:49.000Z","volume":14000,"label":" ","price":4.48},{"type":"A","date":"2018-03-29T05:22:02.000Z","volume":16000,"label":" ","price":4.49},{"type":"A","date":"2018-03-29T05:22:18.000Z","volume":2000,"label":" ","price":4.49},{"type":"A","date":"2018-03-29T05:23:19.000Z","volume":6000,"label":" ","price":4.49},{"type":"B","date":"2018-03-29T05:25:05.000Z","volume":2000,"label":" ","price":4.48},{"type":"A","date":"2018-03-29T05:25:15.000Z","volume":16000,"label":" ","price":4.49},{"type":"A","date":"2018-03-29T05:27:41.000Z","volume":20000,"label":" ","price":4.49},{"type":"A","date":"2018-03-29T05:28:33.000Z","volume":16000,"label":" ","price":4.49},{"type":"A","date":"2018-03-29T05:29:23.000Z","volume":20000,"label":" ","price":4.49},{"type":"A","date":"2018-03-29T05:30:20.000Z","volume":10000,"label":" ","price":4.49},{"type":"A","date":"2018-03-29T05:30:32.000Z","volume":30000,"label":" ","price":4.49},{"type":"B","date":"2018-03-29T05:32:21.000Z","volume":12000,"label":" ","price":4.49},{"type":"A","date":"2018-03-29T05:32:54.000Z","volume":8000,"label":" ","price":4.49},{"type":"B","date":"2018-03-29T05:33:19.000Z","volume":8000,"label":" ","price":4.49},{"type":"A","date":"2018-03-29T05:33:50.000Z","volume":8000,"label":" ","price":4.49},{"type":"A","date":"2018-03-29T05:34:48.000Z","volume":2000,"label":" ","price":4.49},{"type":"A","date":"2018-03-29T05:35:50.000Z","volume":2000,"label":" ","price":4.49},{"type":"A","date":"2018-03-29T05:35:56.000Z","volume":10000,"label":" ","price":4.49},{"type":"A","date":"2018-03-29T05:36:47.000Z","volume":4000,"label":" ","price":4.49},{"type":"A","date":"2018-03-29T05:37:11.000Z","volume":10000,"label":" ","price":4.49},{"type":"A","date":"2018-03-29T05:40:37.000Z","volume":30000,"label":" ","price":4.49},{"type":"A","date":"2018-03-29T05:41:40.000Z","volume":2000,"label":" ","price":4.49},{"type":"A","date":"2018-03-29T05:42:44.000Z","volume":2000,"label":" ","price":4.49},{"type":"A","date":"2018-03-29T05:44:28.000Z","volume":10000,"label":" ","price":4.49},{"type":"A","date":"2018-03-29T05:44:36.000Z","volume":2000,"label":" ","price":4.49},{"type":"A","date":"2018-03-29T05:47:35.000Z","volume":4000,"label":" ","price":4.49},{"type":"B","date":"2018-03-29T05:51:02.000Z","volume":14000,"label":" ","price":4.48},{"type":"A","date":"2018-03-29T06:02:12.000Z","volume":10000,"label":" ","price":4.48},{"type":"A","date":"2018-03-29T06:02:18.000Z","volume":12000,"label":" ","price":4.48},{"type":"A","date":"2018-03-29T06:04:38.000Z","volume":2000,"label":" ","price":4.48},{"type":"A","date":"2018-03-29T06:06:03.000Z","volume":2000,"label":" ","price":4.48},{"type":"A","date":"2018-03-29T06:13:47.000Z","volume":2000,"label":" ","price":4.49},{"type":"A","date":"2018-03-29T06:18:59.000Z","volume":2000,"label":" ","price":4.49},{"type":"A","date":"2018-03-29T06:19:45.000Z","volume":10000,"label":" ","price":4.49},{"type":"A","date":"2018-03-29T06:19:58.000Z","volume":4000,"label":" ","price":4.49},{"type":"A","date":"2018-03-29T06:22:58.000Z","volume":2000,"label":" ","price":4.49},{"type":"A","date":"2018-03-29T06:24:02.000Z","volume":10000,"label":" ","price":4.49},{"type":"A","date":"2018-03-29T06:24:25.000Z","volume":6000,"label":" ","price":4.49},{"type":"B","date":"2018-03-29T06:24:28.000Z","volume":8000,"label":" ","price":4.49},{"type":"A","date":"2018-03-29T06:24:37.000Z","volume":2000,"label":" ","price":4.49},{"type":"A","date":"2018-03-29T06:26:53.000Z","volume":20000,"label":" ","price":4.49},{"type":"A","date":"2018-03-29T06:27:05.000Z","volume":2000,"label":" ","price":4.49},{"type":"A","date":"2018-03-29T06:27:05.000Z","volume":2000,"label":" ","price":4.5},{"type":"A","date":"2018-03-29T06:34:05.000Z","volume":20000,"label":" ","price":4.5},{"type":"A","date":"2018-03-29T06:35:23.000Z","volume":2000,"label":" ","price":4.5},{"type":"A","date":"2018-03-29T06:36:39.000Z","volume":2000,"label":" ","price":4.5},{"type":"A","date":"2018-03-29T06:40:05.000Z","volume":2000,"label":" ","price":4.5},{"type":"A","date":"2018-03-29T06:41:51.000Z","volume":4000,"label":" ","price":4.5},{"type":"A","date":"2018-03-29T06:43:00.000Z","volume":10000,"label":" ","price":4.5},{"type":"A","date":"2018-03-29T06:43:09.000Z","volume":2000,"label":" ","price":4.5},{"type":"A","date":"2018-03-29T06:45:02.000Z","volume":4000,"label":" ","price":4.5},{"type":"B","date":"2018-03-29T06:45:20.000Z","volume":12000,"label":" ","price":4.49},{"type":"U","date":"2018-03-29T06:46:05.000Z","volume":4000,"label":" ","price":4.49},{"type":"A","date":"2018-03-29T06:46:10.000Z","volume":44000,"label":" ","price":4.5},{"type":"A","date":"2018-03-29T06:50:23.000Z","volume":6000,"label":"Y","price":4.5},{"type":"A","date":"2018-03-29T06:53:16.000Z","volume":14000,"label":" ","price":4.5},{"type":"B","date":"2018-03-29T06:59:59.000Z","volume":10000,"label":" ","price":4.49},{"type":"B","date":"2018-03-29T07:01:22.000Z","volume":2000,"label":" ","price":4.49},{"type":"B","date":"2018-03-29T07:08:47.000Z","volume":30000,"label":" ","price":4.49},{"type":"B","date":"2018-03-29T07:10:07.000Z","volume":4000,"label":" ","price":4.49},{"type":"B","date":"2018-03-29T07:19:10.000Z","volume":30000,"label":" ","price":4.48},{"type":"B","date":"2018-03-29T07:19:34.000Z","volume":10000,"label":" ","price":4.48},{"type":"B","date":"2018-03-29T07:20:09.000Z","volume":20000,"label":" ","price":4.48},{"type":"B","date":"2018-03-29T07:21:35.000Z","volume":2000,"label":" ","price":4.48},{"type":"B","date":"2018-03-29T07:22:06.000Z","volume":10000,"label":" ","price":4.48},{"type":"B","date":"2018-03-29T07:23:02.000Z","volume":10000,"label":" ","price":4.47},{"type":"B","date":"2018-03-29T07:23:18.000Z","volume":2000,"label":" ","price":4.47},{"type":"A","date":"2018-03-29T07:24:19.000Z","volume":4000,"label":" ","price":4.47},{"type":"A","date":"2018-03-29T07:25:01.000Z","volume":2000,"label":" ","price":4.47},{"type":"B","date":"2018-03-29T07:25:07.000Z","volume":12000,"label":" ","price":4.46},{"type":"B","date":"2018-03-29T07:25:07.000Z","volume":16000,"label":" ","price":4.45},{"type":"A","date":"2018-03-29T07:25:07.000Z","volume":8000,"label":" ","price":4.45},{"type":"A","date":"2018-03-29T07:25:13.000Z","volume":4000,"label":" ","price":4.45},{"type":"A","date":"2018-03-29T07:25:21.000Z","volume":10000,"label":" ","price":4.45},{"type":"A","date":"2018-03-29T07:26:02.000Z","volume":2000,"label":" ","price":4.46},{"type":"A","date":"2018-03-29T07:26:58.000Z","volume":4000,"label":" ","price":4.46},{"type":"A","date":"2018-03-29T07:29:07.000Z","volume":12000,"label":" ","price":4.46},{"type":"A","date":"2018-03-29T07:29:19.000Z","volume":2000,"label":" ","price":4.46},{"type":"B","date":"2018-03-29T07:30:37.000Z","volume":10000,"label":" ","price":4.46},{"type":"B","date":"2018-03-29T07:30:40.000Z","volume":2000,"label":" ","price":4.46},{"type":"A","date":"2018-03-29T07:34:27.000Z","volume":10000,"label":" ","price":4.46},{"type":"A","date":"2018-03-29T07:37:00.000Z","volume":4000,"label":" ","price":4.47},{"type":"A","date":"2018-03-29T07:38:17.000Z","volume":8000,"label":" ","price":4.47},{"type":"A","date":"2018-03-29T07:38:33.000Z","volume":2000,"label":" ","price":4.48},{"type":"B","date":"2018-03-29T07:40:04.000Z","volume":12000,"label":" ","price":4.47},{"type":"B","date":"2018-03-29T07:41:10.000Z","volume":14000,"label":" ","price":4.46},{"type":"B","date":"2018-03-29T07:45:17.000Z","volume":10000,"label":" ","price":4.46},{"type":"B","date":"2018-03-29T07:45:22.000Z","volume":10000,"label":" ","price":4.45},{"type":"A","date":"2018-03-29T07:46:38.000Z","volume":2000,"label":" ","price":4.46},{"type":"B","date":"2018-03-29T07:46:40.000Z","volume":20000,"label":" ","price":4.45},{"type":"B","date":"2018-03-29T07:46:40.000Z","volume":26000,"label":" ","price":4.44},{"type":"B","date":"2018-03-29T07:48:12.000Z","volume":2000,"label":" ","price":4.45},{"type":"A","date":"2018-03-29T07:49:33.000Z","volume":12000,"label":" ","price":4.46},{"type":"A","date":"2018-03-29T07:49:33.000Z","volume":28000,"label":"Y","price":4.47},{"type":"A","date":"2018-03-29T07:50:06.000Z","volume":2000,"label":" ","price":4.47},{"type":"A","date":"2018-03-29T07:52:05.000Z","volume":30000,"label":" ","price":4.47},{"type":"A","date":"2018-03-29T07:52:21.000Z","volume":4000,"label":" ","price":4.47},{"type":"A","date":"2018-03-29T07:54:17.000Z","volume":2000,"label":" ","price":4.47},{"type":"B","date":"2018-03-29T07:56:00.000Z","volume":14000,"label":" ","price":4.46},{"type":"A","date":"2018-03-29T07:58:08.000Z","volume":2000,"label":" ","price":4.47},{"type":"A","date":"2018-03-29T07:58:17.000Z","volume":2000,"label":" ","price":4.47},{"type":"A","date":"2018-03-29T07:58:39.000Z","volume":2000,"label":" ","price":4.47},{"type":"A","date":"2018-03-29T07:58:41.000Z","volume":10000,"label":" ","price":4.47},{"type":"A","date":"2018-03-29T07:59:03.000Z","volume":4000,"label":" ","price":4.47},{"type":"A","date":"2018-03-29T07:59:18.000Z","volume":30000,"label":" ","price":4.47},{"type":"A","date":"2018-03-29T07:59:48.000Z","volume":2000,"label":" ","price":4.47}]