[{"type":"A","date":"2018-04-18T01:40:24.000Z","volume":6000,"label":" ","price":0.93},{"type":"A","date":"2018-04-18T01:40:24.000Z","volume":2000,"label":" ","price":0.93},{"type":"B","date":"2018-04-18T02:42:29.000Z","volume":10000,"label":" ","price":0.91},{"type":"B","date":"2018-04-18T02:42:30.000Z","volume":16000,"label":" ","price":0.91},{"type":"B","date":"2018-04-18T02:42:33.000Z","volume":2000,"label":" ","price":0.9},{"type":"B","date":"2018-04-18T02:42:34.000Z","volume":4000,"label":" ","price":0.9},{"type":"B","date":"2018-04-18T03:18:47.000Z","volume":20000,"label":" ","price":0.9},{"type":"B","date":"2018-04-18T03:18:50.000Z","volume":4000,"label":" ","price":0.9},{"type":"B","date":"2018-04-18T05:46:12.000Z","volume":24000,"label":" ","price":0.9},{"type":"B","date":"2018-04-18T05:46:15.000Z","volume":4000,"label":" ","price":0.9},{"type":"B","date":"2018-04-18T06:15:54.000Z","volume":72000,"label":" ","price":0.9},{"type":"A","date":"2018-04-18T06:15:54.000Z","volume":18000,"label":" ","price":0.9},{"type":"B","date":"2018-04-18T06:27:18.000Z","volume":30000,"label":" ","price":0.9},{"type":"B","date":"2018-04-18T06:27:18.000Z","volume":66000,"label":" ","price":0.89},{"type":"B","date":"2018-04-18T06:27:18.000Z","volume":108000,"label":" ","price":0.88},{"type":"B","date":"2018-04-18T06:27:21.000Z","volume":10000,"label":" ","price":0.87},{"type":"B","date":"2018-04-18T06:27:22.000Z","volume":24000,"label":" ","price":0.86},{"type":"B","date":"2018-04-18T06:27:25.000Z","volume":12000,"label":" ","price":0.85},{"type":"B","date":"2018-04-18T06:31:48.000Z","volume":54000,"label":" ","price":0.86},{"type":"B","date":"2018-04-18T06:31:50.000Z","volume":12000,"label":" ","price":0.85},{"type":"A","date":"2018-04-18T06:33:33.000Z","volume":12000,"label":" ","price":0.86},{"type":"A","date":"2018-04-18T06:33:33.000Z","volume":14000,"label":" ","price":0.86},{"type":"A","date":"2018-04-18T06:33:33.000Z","volume":4000,"label":" ","price":0.86},{"type":"A","date":"2018-04-18T06:39:17.000Z","volume":54000,"label":" ","price":0.88},{"type":"A","date":"2018-04-18T06:39:17.000Z","volume":30000,"label":" ","price":0.89},{"type":"A","date":"2018-04-18T06:39:17.000Z","volume":16000,"label":" ","price":0.9},{"type":"B","date":"2018-04-18T06:39:21.000Z","volume":20000,"label":" ","price":0.87},{"type":"B","date":"2018-04-18T07:46:54.000Z","volume":168000,"label":" ","price":0.87},{"type":"B","date":"2018-04-18T07:46:57.000Z","volume":36000,"label":" ","price":0.86},{"type":"B","date":"2018-04-18T07:47:00.000Z","volume":2000,"label":" ","price":0.86},{"type":"B","date":"2018-04-18T07:48:07.000Z","volume":20000,"label":" ","price":0.86},{"type":"B","date":"2018-04-18T07:53:37.000Z","volume":24000,"label":"Y","price":0.86},{"type":"B","date":"2018-04-18T07:53:37.000Z","volume":2000,"label":" ","price":0.85},{"type":"B","date":"2018-04-18T07:53:40.000Z","volume":6000,"label":" ","price":0.85},{"type":"A","date":"2018-04-18T07:57:43.000Z","volume":20000,"label":" ","price":0.86},{"type":"A","date":"2018-04-18T07:57:43.000Z","volume":4000,"label":" ","price":0.86},{"type":"A","date":"2018-04-18T07:58:21.000Z","volume":40000,"label":" ","price":0.87},{"type":"B","date":"2018-04-18T07:58:24.000Z","volume":8000,"label":" ","price":0.87},{"type":"B","date":"2018-04-18T07:59:51.000Z","volume":2000,"label":" ","price":0.85},{"type":"A","date":"2018-04-18T07:59:58.000Z","volume":30000,"label":" ","price":0.87},{"type":"A","date":"2018-04-18T07:59:58.000Z","volume":32000,"label":" ","price":0.88},{"type":"A","date":"2018-04-18T07:59:58.000Z","volume":32000,"label":" ","price":0.89},{"type":"A","date":"2018-04-18T07:59:58.000Z","volume":6000,"label":" ","price":0.9}]