[{"type":"B","date":"2018-04-12T01:30:44.000Z","volume":1000,"label":" ","price":11.56},{"type":"A","date":"2018-04-12T01:30:55.000Z","volume":7000,"label":" ","price":11.58},{"type":"A","date":"2018-04-12T01:30:55.000Z","volume":13000,"label":" ","price":11.6},{"type":"B","date":"2018-04-12T01:30:56.000Z","volume":500,"label":" ","price":11.54},{"type":"B","date":"2018-04-12T01:30:57.000Z","volume":500,"label":" ","price":11.52},{"type":"B","date":"2018-04-12T01:31:06.000Z","volume":500,"label":" ","price":11.48},{"type":"B","date":"2018-04-12T01:31:10.000Z","volume":500,"label":" ","price":11.42},{"type":"B","date":"2018-04-12T01:31:15.000Z","volume":500,"label":" ","price":11.4},{"type":"A","date":"2018-04-12T01:31:18.000Z","volume":2000,"label":" ","price":11.46},{"type":"B","date":"2018-04-12T01:32:28.000Z","volume":18000,"label":" ","price":11.5},{"type":"B","date":"2018-04-12T01:32:29.000Z","volume":15500,"label":" ","price":11.5},{"type":"A","date":"2018-04-12T01:32:40.000Z","volume":5000,"label":" ","price":11.5},{"type":"B","date":"2018-04-12T01:32:41.000Z","volume":500,"label":" ","price":11.48},{"type":"B","date":"2018-04-12T01:32:41.000Z","volume":500,"label":" ","price":11.48},{"type":"B","date":"2018-04-12T01:32:49.000Z","volume":500,"label":"Y","price":11.46},{"type":"A","date":"2018-04-12T01:32:53.000Z","volume":5000,"label":"Y","price":11.48},{"type":"A","date":"2018-04-12T01:32:53.000Z","volume":9500,"label":" ","price":11.5},{"type":"B","date":"2018-04-12T01:33:05.000Z","volume":500,"label":"Y","price":11.48},{"type":"B","date":"2018-04-12T01:33:05.000Z","volume":1000,"label":"Y","price":11.48},{"type":"B","date":"2018-04-12T01:33:05.000Z","volume":500,"label":"Y","price":11.48},{"type":"B","date":"2018-04-12T01:33:06.000Z","volume":1000,"label":"Y","price":11.48},{"type":"B","date":"2018-04-12T01:33:06.000Z","volume":1500,"label":" ","price":11.48},{"type":"B","date":"2018-04-12T01:33:06.000Z","volume":59500,"label":"Y","price":11.46},{"type":"A","date":"2018-04-12T01:33:09.000Z","volume":25000,"label":" ","price":11.46},{"type":"B","date":"2018-04-12T01:33:13.000Z","volume":1000,"label":"Y","price":11.44},{"type":"B","date":"2018-04-12T01:33:13.000Z","volume":1500,"label":"Y","price":11.44},{"type":"B","date":"2018-04-12T01:33:13.000Z","volume":3000,"label":"Y","price":11.44},{"type":"B","date":"2018-04-12T01:33:13.000Z","volume":1000,"label":"Y","price":11.44},{"type":"B","date":"2018-04-12T01:33:13.000Z","volume":500,"label":"Y","price":11.44},{"type":"B","date":"2018-04-12T01:33:13.000Z","volume":1000,"label":"Y","price":11.44},{"type":"B","date":"2018-04-12T01:33:13.000Z","volume":1500,"label":"Y","price":11.44},{"type":"B","date":"2018-04-12T01:33:29.000Z","volume":1000,"label":"Y","price":11.46},{"type":"B","date":"2018-04-12T01:33:29.000Z","volume":500,"label":"Y","price":11.46},{"type":"B","date":"2018-04-12T01:33:29.000Z","volume":1500,"label":"Y","price":11.46},{"type":"U","date":"2018-04-12T01:33:29.000Z","volume":500,"label":" ","price":11.46},{"type":"A","date":"2018-04-12T01:33:29.000Z","volume":500,"label":" ","price":11.46},{"type":"A","date":"2018-04-12T01:33:35.000Z","volume":2500,"label":"Y","price":11.46},{"type":"B","date":"2018-04-12T01:33:45.000Z","volume":500,"label":"Y","price":11.48},{"type":"A","date":"2018-04-12T01:33:45.000Z","volume":500,"label":" ","price":11.48},{"type":"B","date":"2018-04-12T01:36:17.000Z","volume":33000,"label":"Y","price":11.44},{"type":"A","date":"2018-04-12T01:36:18.000Z","volume":3000,"label":" ","price":11.44},{"type":"A","date":"2018-04-12T01:36:18.000Z","volume":10500,"label":" ","price":11.44},{"type":"A","date":"2018-04-12T01:36:33.000Z","volume":2000,"label":" ","price":11.44},{"type":"B","date":"2018-04-12T01:36:33.000Z","volume":1000,"label":"Y","price":11.42},{"type":"B","date":"2018-04-12T01:36:33.000Z","volume":500,"label":"Y","price":11.42},{"type":"B","date":"2018-04-12T01:36:33.000Z","volume":1000,"label":"Y","price":11.42},{"type":"B","date":"2018-04-12T01:36:33.000Z","volume":1000,"label":"Y","price":11.42},{"type":"B","date":"2018-04-12T01:36:33.000Z","volume":2000,"label":"Y","price":11.42},{"type":"B","date":"2018-04-12T01:36:33.000Z","volume":500,"label":"Y","price":11.42},{"type":"B","date":"2018-04-12T01:36:33.000Z","volume":500,"label":"Y","price":11.42},{"type":"B","date":"2018-04-12T01:36:41.000Z","volume":500,"label":"Y","price":11.42},{"type":"B","date":"2018-04-12T01:36:49.000Z","volume":500,"label":"Y","price":11.42},{"type":"A","date":"2018-04-12T01:37:10.000Z","volume":1000,"label":" ","price":11.44},{"type":"A","date":"2018-04-12T01:37:10.000Z","volume":1500,"label":" ","price":11.44},{"type":"A","date":"2018-04-12T01:37:24.000Z","volume":1500,"label":" ","price":11.44},{"type":"B","date":"2018-04-12T01:37:37.000Z","volume":500,"label":"Y","price":11.42},{"type":"B","date":"2018-04-12T01:37:37.000Z","volume":500,"label":"Y","price":11.42},{"type":"B","date":"2018-04-12T01:37:37.000Z","volume":500,"label":"Y","price":11.42},{"type":"B","date":"2018-04-12T01:37:37.000Z","volume":500,"label":"Y","price":11.42},{"type":"B","date":"2018-04-12T01:37:44.000Z","volume":10500,"label":" ","price":11.42},{"type":"A","date":"2018-04-12T01:37:49.000Z","volume":18500,"label":" ","price":11.5},{"type":"B","date":"2018-04-12T01:38:01.000Z","volume":1500,"label":"Y","price":11.42},{"type":"B","date":"2018-04-12T01:38:01.000Z","volume":500,"label":"Y","price":11.42},{"type":"B","date":"2018-04-12T01:38:01.000Z","volume":500,"label":"Y","price":11.42},{"type":"B","date":"2018-04-12T01:38:01.000Z","volume":500,"label":"Y","price":11.42},{"type":"B","date":"2018-04-12T01:38:01.000Z","volume":500,"label":"Y","price":11.42},{"type":"B","date":"2018-04-12T01:38:01.000Z","volume":500,"label":"Y","price":11.42},{"type":"B","date":"2018-04-12T01:38:01.000Z","volume":500,"label":"Y","price":11.42},{"type":"A","date":"2018-04-12T01:42:05.000Z","volume":500,"label":" ","price":11.5},{"type":"A","date":"2018-04-12T01:43:51.000Z","volume":2000,"label":" ","price":11.5},{"type":"B","date":"2018-04-12T01:47:25.000Z","volume":9000,"label":" ","price":11.42},{"type":"B","date":"2018-04-12T01:47:28.000Z","volume":12500,"label":" ","price":11.4},{"type":"B","date":"2018-04-12T01:47:31.000Z","volume":22000,"label":" ","price":11.38},{"type":"B","date":"2018-04-12T01:47:31.000Z","volume":14000,"label":" ","price":11.36},{"type":"B","date":"2018-04-12T01:47:32.000Z","volume":1000,"label":" ","price":11.32},{"type":"U","date":"2018-04-12T01:47:44.000Z","volume":500,"label":" ","price":11.32},{"type":"B","date":"2018-04-12T01:47:47.000Z","volume":500,"label":"Y","price":11.3},{"type":"B","date":"2018-04-12T01:47:47.000Z","volume":500,"label":"Y","price":11.3},{"type":"B","date":"2018-04-12T01:47:47.000Z","volume":2000,"label":"Y","price":11.3},{"type":"B","date":"2018-04-12T01:47:47.000Z","volume":1000,"label":"Y","price":11.3},{"type":"B","date":"2018-04-12T01:47:47.000Z","volume":13000,"label":" ","price":11.3},{"type":"A","date":"2018-04-12T01:48:00.000Z","volume":3000,"label":" ","price":11.3},{"type":"B","date":"2018-04-12T01:48:03.000Z","volume":500,"label":"Y","price":11.22},{"type":"B","date":"2018-04-12T01:48:03.000Z","volume":1000,"label":"Y","price":11.22},{"type":"B","date":"2018-04-12T01:48:03.000Z","volume":500,"label":"Y","price":11.22},{"type":"B","date":"2018-04-12T01:48:03.000Z","volume":500,"label":"Y","price":11.22},{"type":"B","date":"2018-04-12T01:48:11.000Z","volume":500,"label":" ","price":11.24},{"type":"B","date":"2018-04-12T01:48:11.000Z","volume":500,"label":" ","price":11.24},{"type":"A","date":"2018-04-12T01:50:14.000Z","volume":5000,"label":" ","price":11.34},{"type":"B","date":"2018-04-12T01:50:19.000Z","volume":500,"label":" ","price":11.28},{"type":"A","date":"2018-04-12T01:50:46.000Z","volume":1500,"label":" ","price":11.36},{"type":"A","date":"2018-04-12T01:50:51.000Z","volume":1000,"label":" ","price":11.38},{"type":"A","date":"2018-04-12T01:50:57.000Z","volume":4500,"label":" ","price":11.4},{"type":"A","date":"2018-04-12T01:50:57.000Z","volume":35500,"label":" ","price":11.48},{"type":"B","date":"2018-04-12T01:51:16.000Z","volume":500,"label":" ","price":11.32},{"type":"B","date":"2018-04-12T01:51:16.000Z","volume":1000,"label":" ","price":11.32},{"type":"B","date":"2018-04-12T01:51:16.000Z","volume":500,"label":" ","price":11.32},{"type":"A","date":"2018-04-12T01:51:21.000Z","volume":1000,"label":"Y","price":11.32},{"type":"B","date":"2018-04-12T01:51:32.000Z","volume":500,"label":" ","price":11.3},{"type":"B","date":"2018-04-12T01:51:44.000Z","volume":5500,"label":" ","price":11.3},{"type":"B","date":"2018-04-12T01:52:04.000Z","volume":500,"label":"Y","price":11.26},{"type":"B","date":"2018-04-12T01:52:12.000Z","volume":500,"label":"Y","price":11.26},{"type":"A","date":"2018-04-12T01:54:14.000Z","volume":2500,"label":" ","price":11.32},{"type":"A","date":"2018-04-12T01:54:16.000Z","volume":2500,"label":" ","price":11.34},{"type":"B","date":"2018-04-12T01:54:36.000Z","volume":500,"label":"Y","price":11.3},{"type":"B","date":"2018-04-12T01:54:36.000Z","volume":500,"label":"Y","price":11.3},{"type":"B","date":"2018-04-12T01:55:39.000Z","volume":6000,"label":" ","price":11.3},{"type":"B","date":"2018-04-12T01:55:47.000Z","volume":1000,"label":" ","price":11.28},{"type":"A","date":"2018-04-12T01:55:55.000Z","volume":10000,"label":" ","price":11.36},{"type":"B","date":"2018-04-12T01:55:56.000Z","volume":500,"label":"Y","price":11.26},{"type":"B","date":"2018-04-12T01:55:56.000Z","volume":500,"label":"Y","price":11.26},{"type":"B","date":"2018-04-12T01:55:56.000Z","volume":500,"label":"Y","price":11.26},{"type":"B","date":"2018-04-12T01:56:04.000Z","volume":500,"label":"Y","price":11.26},{"type":"B","date":"2018-04-12T01:56:04.000Z","volume":500,"label":"Y","price":11.26},{"type":"B","date":"2018-04-12T01:56:12.000Z","volume":500,"label":"Y","price":11.26},{"type":"B","date":"2018-04-12T01:56:28.000Z","volume":500,"label":"Y","price":11.26},{"type":"B","date":"2018-04-12T02:04:33.000Z","volume":1500,"label":" ","price":11.36},{"type":"A","date":"2018-04-12T02:04:38.000Z","volume":15000,"label":" ","price":11.38},{"type":"A","date":"2018-04-12T02:04:48.000Z","volume":1000,"label":" ","price":11.38},{"type":"B","date":"2018-04-12T02:05:02.000Z","volume":500,"label":"Y","price":11.32},{"type":"B","date":"2018-04-12T02:05:02.000Z","volume":500,"label":"Y","price":11.32},{"type":"B","date":"2018-04-12T02:05:02.000Z","volume":500,"label":"Y","price":11.32},{"type":"B","date":"2018-04-12T02:05:02.000Z","volume":500,"label":"Y","price":11.32},{"type":"B","date":"2018-04-12T02:05:02.000Z","volume":500,"label":"Y","price":11.32},{"type":"B","date":"2018-04-12T02:05:18.000Z","volume":500,"label":"Y","price":11.32},{"type":"A","date":"2018-04-12T02:08:56.000Z","volume":1000,"label":" ","price":11.38},{"type":"A","date":"2018-04-12T02:09:11.000Z","volume":1000,"label":" ","price":11.38},{"type":"B","date":"2018-04-12T02:09:26.000Z","volume":500,"label":"Y","price":11.32},{"type":"B","date":"2018-04-12T02:09:26.000Z","volume":500,"label":"Y","price":11.32},{"type":"A","date":"2018-04-12T02:10:26.000Z","volume":3500,"label":" ","price":11.38},{"type":"B","date":"2018-04-12T02:10:39.000Z","volume":500,"label":"Y","price":11.38},{"type":"B","date":"2018-04-12T02:11:45.000Z","volume":500,"label":" ","price":11.4},{"type":"A","date":"2018-04-12T02:12:00.000Z","volume":2000,"label":" ","price":11.44},{"type":"B","date":"2018-04-12T02:12:15.000Z","volume":500,"label":" ","price":11.4},{"type":"B","date":"2018-04-12T02:17:14.000Z","volume":2000,"label":"Y","price":11.4},{"type":"B","date":"2018-04-12T02:17:14.000Z","volume":8500,"label":" ","price":11.4},{"type":"B","date":"2018-04-12T02:17:27.000Z","volume":14000,"label":" ","price":11.38},{"type":"B","date":"2018-04-12T02:17:27.000Z","volume":1000,"label":" ","price":11.38},{"type":"B","date":"2018-04-12T02:17:27.000Z","volume":1500,"label":" ","price":11.38},{"type":"B","date":"2018-04-12T02:17:28.000Z","volume":500,"label":"Y","price":11.38},{"type":"B","date":"2018-04-12T02:17:28.000Z","volume":3500,"label":" ","price":11.38},{"type":"B","date":"2018-04-12T02:17:28.000Z","volume":1500,"label":" ","price":11.38},{"type":"B","date":"2018-04-12T02:17:28.000Z","volume":6500,"label":" ","price":11.38},{"type":"B","date":"2018-04-12T02:17:52.000Z","volume":500,"label":"Y","price":11.32},{"type":"B","date":"2018-04-12T02:17:52.000Z","volume":500,"label":"Y","price":11.32},{"type":"B","date":"2018-04-12T02:17:52.000Z","volume":1000,"label":"Y","price":11.32},{"type":"B","date":"2018-04-12T02:17:52.000Z","volume":500,"label":"Y","price":11.32},{"type":"B","date":"2018-04-12T02:17:52.000Z","volume":1000,"label":"Y","price":11.32},{"type":"B","date":"2018-04-12T02:17:52.000Z","volume":500,"label":"Y","price":11.32},{"type":"B","date":"2018-04-12T02:18:08.000Z","volume":500,"label":"Y","price":11.32},{"type":"B","date":"2018-04-12T02:21:54.000Z","volume":2000,"label":" ","price":11.32},{"type":"A","date":"2018-04-12T02:22:04.000Z","volume":15000,"label":" ","price":11.36},{"type":"B","date":"2018-04-12T02:22:17.000Z","volume":1000,"label":"Y","price":11.32},{"type":"B","date":"2018-04-12T02:22:17.000Z","volume":500,"label":"Y","price":11.32},{"type":"B","date":"2018-04-12T02:22:17.000Z","volume":500,"label":"Y","price":11.32},{"type":"B","date":"2018-04-12T02:22:17.000Z","volume":500,"label":"Y","price":11.32},{"type":"B","date":"2018-04-12T02:22:17.000Z","volume":14500,"label":" ","price":11.32},{"type":"B","date":"2018-04-12T02:22:33.000Z","volume":500,"label":"Y","price":11.3},{"type":"B","date":"2018-04-12T02:22:33.000Z","volume":500,"label":"Y","price":11.3},{"type":"B","date":"2018-04-12T02:22:33.000Z","volume":500,"label":"Y","price":11.3},{"type":"B","date":"2018-04-12T02:22:41.000Z","volume":500,"label":"Y","price":11.3},{"type":"B","date":"2018-04-12T02:22:41.000Z","volume":10000,"label":" ","price":11.3},{"type":"B","date":"2018-04-12T02:22:41.000Z","volume":2000,"label":" ","price":11.3},{"type":"B","date":"2018-04-12T02:22:58.000Z","volume":500,"label":"Y","price":11.28},{"type":"B","date":"2018-04-12T02:22:58.000Z","volume":500,"label":"Y","price":11.28},{"type":"B","date":"2018-04-12T02:22:58.000Z","volume":1000,"label":" ","price":11.28},{"type":"A","date":"2018-04-12T02:22:59.000Z","volume":2000,"label":" ","price":11.3},{"type":"A","date":"2018-04-12T02:28:18.000Z","volume":5000,"label":" ","price":11.3},{"type":"A","date":"2018-04-12T02:28:18.000Z","volume":1000,"label":" ","price":11.3},{"type":"B","date":"2018-04-12T02:28:34.000Z","volume":500,"label":" ","price":11.28},{"type":"B","date":"2018-04-12T02:28:34.000Z","volume":500,"label":" ","price":11.28},{"type":"B","date":"2018-04-12T02:28:42.000Z","volume":500,"label":" ","price":11.28},{"type":"A","date":"2018-04-12T02:29:38.000Z","volume":1000,"label":" ","price":11.3},{"type":"A","date":"2018-04-12T02:32:05.000Z","volume":5000,"label":" ","price":11.32},{"type":"B","date":"2018-04-12T02:32:19.000Z","volume":500,"label":" ","price":11.3},{"type":"A","date":"2018-04-12T02:32:22.000Z","volume":500,"label":" ","price":11.32},{"type":"A","date":"2018-04-12T02:32:30.000Z","volume":38500,"label":" ","price":11.32},{"type":"B","date":"2018-04-12T02:32:43.000Z","volume":1000,"label":" ","price":11.32},{"type":"B","date":"2018-04-12T02:32:43.000Z","volume":500,"label":" ","price":11.32},{"type":"A","date":"2018-04-12T02:35:00.000Z","volume":40000,"label":" ","price":11.32},{"type":"B","date":"2018-04-12T02:35:16.000Z","volume":500,"label":" ","price":11.3},{"type":"B","date":"2018-04-12T02:35:16.000Z","volume":500,"label":" ","price":11.3},{"type":"B","date":"2018-04-12T02:35:16.000Z","volume":500,"label":" ","price":11.3},{"type":"B","date":"2018-04-12T02:35:16.000Z","volume":2000,"label":" ","price":11.3},{"type":"B","date":"2018-04-12T02:35:16.000Z","volume":500,"label":" ","price":11.3},{"type":"B","date":"2018-04-12T02:35:16.000Z","volume":500,"label":" ","price":11.3},{"type":"B","date":"2018-04-12T02:35:16.000Z","volume":500,"label":" ","price":11.3},{"type":"B","date":"2018-04-12T02:35:24.000Z","volume":500,"label":" ","price":11.3},{"type":"B","date":"2018-04-12T02:35:24.000Z","volume":500,"label":" ","price":11.3},{"type":"B","date":"2018-04-12T02:35:24.000Z","volume":500,"label":" ","price":11.3},{"type":"B","date":"2018-04-12T02:35:24.000Z","volume":500,"label":" ","price":11.3},{"type":"B","date":"2018-04-12T02:35:24.000Z","volume":500,"label":" ","price":11.3},{"type":"B","date":"2018-04-12T02:35:24.000Z","volume":500,"label":" ","price":11.3},{"type":"A","date":"2018-04-12T02:38:31.000Z","volume":1000,"label":"Y","price":11.34},{"type":"B","date":"2018-04-12T02:43:56.000Z","volume":500,"label":"Y","price":11.32},{"type":"A","date":"2018-04-12T02:44:40.000Z","volume":5000,"label":"Y","price":11.34},{"type":"A","date":"2018-04-12T02:44:40.000Z","volume":4000,"label":" ","price":11.34},{"type":"B","date":"2018-04-12T02:44:45.000Z","volume":500,"label":"Y","price":11.34},{"type":"B","date":"2018-04-12T02:44:45.000Z","volume":500,"label":"Y","price":11.34},{"type":"B","date":"2018-04-12T02:44:45.000Z","volume":500,"label":"Y","price":11.34},{"type":"B","date":"2018-04-12T02:45:20.000Z","volume":4500,"label":" ","price":11.34},{"type":"B","date":"2018-04-12T02:45:23.000Z","volume":11500,"label":" ","price":11.32},{"type":"A","date":"2018-04-12T02:45:23.000Z","volume":40000,"label":" ","price":11.36},{"type":"B","date":"2018-04-12T02:45:32.000Z","volume":500,"label":" ","price":11.32},{"type":"B","date":"2018-04-12T02:45:33.000Z","volume":3000,"label":" ","price":11.32},{"type":"B","date":"2018-04-12T02:45:33.000Z","volume":500,"label":"Y","price":11.32},{"type":"B","date":"2018-04-12T02:45:33.000Z","volume":500,"label":"Y","price":11.32},{"type":"B","date":"2018-04-12T02:45:33.000Z","volume":1500,"label":"Y","price":11.32},{"type":"B","date":"2018-04-12T02:45:33.000Z","volume":1000,"label":"Y","price":11.32},{"type":"B","date":"2018-04-12T02:45:33.000Z","volume":1500,"label":"Y","price":11.32},{"type":"B","date":"2018-04-12T02:45:40.000Z","volume":500,"label":"Y","price":11.32},{"type":"U","date":"2018-04-12T02:45:41.000Z","volume":500,"label":" ","price":11.32},{"type":"A","date":"2018-04-12T02:47:48.000Z","volume":30000,"label":" ","price":11.36},{"type":"A","date":"2018-04-12T02:47:51.000Z","volume":10000,"label":" ","price":11.36},{"type":"B","date":"2018-04-12T02:47:56.000Z","volume":500,"label":"Y","price":11.32},{"type":"B","date":"2018-04-12T02:47:57.000Z","volume":1500,"label":"Y","price":11.32},{"type":"B","date":"2018-04-12T02:47:57.000Z","volume":500,"label":"Y","price":11.32},{"type":"B","date":"2018-04-12T02:47:57.000Z","volume":500,"label":"Y","price":11.32},{"type":"B","date":"2018-04-12T02:47:57.000Z","volume":500,"label":"Y","price":11.32},{"type":"B","date":"2018-04-12T02:47:57.000Z","volume":500,"label":"Y","price":11.32},{"type":"B","date":"2018-04-12T02:47:57.000Z","volume":500,"label":"Y","price":11.32},{"type":"B","date":"2018-04-12T02:48:05.000Z","volume":500,"label":"Y","price":11.32},{"type":"B","date":"2018-04-12T02:48:05.000Z","volume":500,"label":"Y","price":11.32},{"type":"B","date":"2018-04-12T02:48:05.000Z","volume":500,"label":"Y","price":11.32},{"type":"B","date":"2018-04-12T02:48:05.000Z","volume":500,"label":"Y","price":11.32},{"type":"A","date":"2018-04-12T02:49:48.000Z","volume":6000,"label":" ","price":11.36},{"type":"B","date":"2018-04-12T02:50:06.000Z","volume":500,"label":"Y","price":11.36},{"type":"B","date":"2018-04-12T02:50:06.000Z","volume":500,"label":"Y","price":11.36},{"type":"B","date":"2018-04-12T02:50:06.000Z","volume":500,"label":"Y","price":11.36},{"type":"B","date":"2018-04-12T02:53:45.000Z","volume":8500,"label":" ","price":11.36},{"type":"B","date":"2018-04-12T02:53:45.000Z","volume":2000,"label":" ","price":11.36},{"type":"B","date":"2018-04-12T02:53:45.000Z","volume":2000,"label":" ","price":11.36},{"type":"B","date":"2018-04-12T02:53:45.000Z","volume":2000,"label":" ","price":11.36},{"type":"B","date":"2018-04-12T02:53:45.000Z","volume":3000,"label":" ","price":11.36},{"type":"B","date":"2018-04-12T02:53:58.000Z","volume":500,"label":"Y","price":11.32},{"type":"B","date":"2018-04-12T02:53:58.000Z","volume":1000,"label":"Y","price":11.32},{"type":"B","date":"2018-04-12T02:53:58.000Z","volume":500,"label":"Y","price":11.32},{"type":"B","date":"2018-04-12T02:53:58.000Z","volume":500,"label":"Y","price":11.32},{"type":"B","date":"2018-04-12T02:53:58.000Z","volume":500,"label":"Y","price":11.32},{"type":"A","date":"2018-04-12T02:54:47.000Z","volume":2000,"label":" ","price":11.38},{"type":"A","date":"2018-04-12T03:05:16.000Z","volume":50000,"label":" ","price":11.36},{"type":"A","date":"2018-04-12T03:05:16.000Z","volume":8000,"label":" ","price":11.36},{"type":"B","date":"2018-04-12T03:05:28.000Z","volume":500,"label":"Y","price":11.34},{"type":"B","date":"2018-04-12T03:05:28.000Z","volume":1000,"label":"Y","price":11.34},{"type":"B","date":"2018-04-12T03:05:28.000Z","volume":1500,"label":"Y","price":11.34},{"type":"B","date":"2018-04-12T03:05:28.000Z","volume":1500,"label":" ","price":11.34},{"type":"B","date":"2018-04-12T03:05:28.000Z","volume":1500,"label":" ","price":11.34},{"type":"B","date":"2018-04-12T03:05:28.000Z","volume":1500,"label":" ","price":11.34},{"type":"A","date":"2018-04-12T03:05:28.000Z","volume":500,"label":" ","price":11.34},{"type":"B","date":"2018-04-12T03:05:36.000Z","volume":500,"label":"Y","price":11.32},{"type":"B","date":"2018-04-12T03:05:36.000Z","volume":500,"label":"Y","price":11.32},{"type":"B","date":"2018-04-12T03:05:36.000Z","volume":500,"label":"Y","price":11.32},{"type":"A","date":"2018-04-12T03:05:50.000Z","volume":500,"label":" ","price":11.34},{"type":"B","date":"2018-04-12T03:08:57.000Z","volume":10000,"label":" ","price":11.32},{"type":"B","date":"2018-04-12T03:09:05.000Z","volume":500,"label":"Y","price":11.32},{"type":"B","date":"2018-04-12T03:09:05.000Z","volume":500,"label":"Y","price":11.32},{"type":"B","date":"2018-04-12T03:09:05.000Z","volume":500,"label":"Y","price":11.32},{"type":"B","date":"2018-04-12T03:15:26.000Z","volume":8000,"label":" ","price":11.32},{"type":"B","date":"2018-04-12T03:15:26.000Z","volume":6500,"label":" ","price":11.32},{"type":"B","date":"2018-04-12T03:15:30.000Z","volume":1000,"label":" ","price":11.32},{"type":"B","date":"2018-04-12T03:15:33.000Z","volume":4500,"label":" ","price":11.32},{"type":"B","date":"2018-04-12T03:15:33.000Z","volume":500,"label":" ","price":11.32},{"type":"B","date":"2018-04-12T03:15:38.000Z","volume":500,"label":"Y","price":11.3},{"type":"B","date":"2018-04-12T03:15:54.000Z","volume":500,"label":"Y","price":11.3},{"type":"B","date":"2018-04-12T03:15:54.000Z","volume":500,"label":"Y","price":11.3},{"type":"B","date":"2018-04-12T03:15:54.000Z","volume":500,"label":"Y","price":11.3},{"type":"A","date":"2018-04-12T03:16:06.000Z","volume":1000,"label":"Y","price":11.32},{"type":"A","date":"2018-04-12T03:16:06.000Z","volume":2500,"label":" ","price":11.32},{"type":"A","date":"2018-04-12T03:16:17.000Z","volume":40000,"label":" ","price":11.34},{"type":"B","date":"2018-04-12T03:16:26.000Z","volume":500,"label":"Y","price":11.32},{"type":"B","date":"2018-04-12T03:16:26.000Z","volume":500,"label":"Y","price":11.32},{"type":"B","date":"2018-04-12T03:16:34.000Z","volume":500,"label":"Y","price":11.32},{"type":"B","date":"2018-04-12T03:16:34.000Z","volume":500,"label":"Y","price":11.32},{"type":"B","date":"2018-04-12T03:16:34.000Z","volume":500,"label":"Y","price":11.32},{"type":"B","date":"2018-04-12T03:16:34.000Z","volume":2000,"label":"Y","price":11.32},{"type":"B","date":"2018-04-12T03:16:34.000Z","volume":1000,"label":"Y","price":11.32},{"type":"B","date":"2018-04-12T03:16:34.000Z","volume":1000,"label":"Y","price":11.32},{"type":"B","date":"2018-04-12T03:16:41.000Z","volume":500,"label":"Y","price":11.3},{"type":"B","date":"2018-04-12T03:16:42.000Z","volume":500,"label":"Y","price":11.3},{"type":"B","date":"2018-04-12T03:16:50.000Z","volume":500,"label":"Y","price":11.3},{"type":"B","date":"2018-04-12T03:21:50.000Z","volume":34500,"label":" ","price":11.3},{"type":"B","date":"2018-04-12T03:22:02.000Z","volume":1500,"label":" ","price":11.28},{"type":"B","date":"2018-04-12T03:22:02.000Z","volume":500,"label":"Y","price":11.28},{"type":"B","date":"2018-04-12T03:22:02.000Z","volume":500,"label":"Y","price":11.28},{"type":"B","date":"2018-04-12T03:22:03.000Z","volume":500,"label":"Y","price":11.28},{"type":"B","date":"2018-04-12T03:22:03.000Z","volume":1000,"label":"Y","price":11.28},{"type":"B","date":"2018-04-12T03:22:03.000Z","volume":500,"label":"Y","price":11.28},{"type":"B","date":"2018-04-12T03:22:11.000Z","volume":500,"label":"Y","price":11.28},{"type":"B","date":"2018-04-12T03:22:11.000Z","volume":500,"label":"Y","price":11.28},{"type":"B","date":"2018-04-12T03:22:11.000Z","volume":500,"label":"Y","price":11.28},{"type":"B","date":"2018-04-12T03:22:55.000Z","volume":500,"label":" ","price":11.3},{"type":"B","date":"2018-04-12T03:22:56.000Z","volume":6500,"label":" ","price":11.3},{"type":"B","date":"2018-04-12T03:22:56.000Z","volume":3000,"label":" ","price":11.3},{"type":"B","date":"2018-04-12T03:23:02.000Z","volume":4000,"label":" ","price":11.28},{"type":"B","date":"2018-04-12T03:23:06.000Z","volume":500,"label":"Y","price":11.28},{"type":"B","date":"2018-04-12T03:23:06.000Z","volume":500,"label":"Y","price":11.28},{"type":"B","date":"2018-04-12T03:23:15.000Z","volume":500,"label":"Y","price":11.28},{"type":"B","date":"2018-04-12T03:25:12.000Z","volume":22500,"label":" ","price":11.28},{"type":"B","date":"2018-04-12T03:25:23.000Z","volume":500,"label":"Y","price":11.28},{"type":"B","date":"2018-04-12T03:25:23.000Z","volume":1000,"label":"Y","price":11.28},{"type":"B","date":"2018-04-12T03:25:23.000Z","volume":500,"label":"Y","price":11.28},{"type":"B","date":"2018-04-12T03:25:23.000Z","volume":500,"label":"Y","price":11.28},{"type":"B","date":"2018-04-12T03:25:23.000Z","volume":500,"label":"Y","price":11.28},{"type":"B","date":"2018-04-12T03:25:23.000Z","volume":500,"label":"Y","price":11.28},{"type":"B","date":"2018-04-12T03:25:39.000Z","volume":500,"label":"Y","price":11.28},{"type":"B","date":"2018-04-12T03:25:39.000Z","volume":500,"label":"Y","price":11.28},{"type":"B","date":"2018-04-12T03:25:52.000Z","volume":3500,"label":" ","price":11.28},{"type":"B","date":"2018-04-12T03:25:52.000Z","volume":10000,"label":" ","price":11.28},{"type":"B","date":"2018-04-12T03:25:52.000Z","volume":11000,"label":" ","price":11.28},{"type":"B","date":"2018-04-12T03:25:52.000Z","volume":1500,"label":" ","price":11.28},{"type":"A","date":"2018-04-12T03:26:08.000Z","volume":40000,"label":" ","price":11.3},{"type":"B","date":"2018-04-12T03:26:10.000Z","volume":1500,"label":"Y","price":11.26},{"type":"B","date":"2018-04-12T03:26:10.000Z","volume":500,"label":"Y","price":11.26},{"type":"B","date":"2018-04-12T03:26:11.000Z","volume":1000,"label":"Y","price":11.26},{"type":"B","date":"2018-04-12T03:26:11.000Z","volume":500,"label":"Y","price":11.26},{"type":"B","date":"2018-04-12T03:26:11.000Z","volume":500,"label":"Y","price":11.26},{"type":"B","date":"2018-04-12T03:26:18.000Z","volume":1000,"label":"Y","price":11.26},{"type":"B","date":"2018-04-12T03:26:18.000Z","volume":500,"label":"Y","price":11.26},{"type":"B","date":"2018-04-12T03:26:19.000Z","volume":500,"label":"Y","price":11.26},{"type":"B","date":"2018-04-12T03:26:19.000Z","volume":2000,"label":"Y","price":11.26},{"type":"B","date":"2018-04-12T03:26:19.000Z","volume":500,"label":"Y","price":11.26},{"type":"B","date":"2018-04-12T03:26:19.000Z","volume":2500,"label":" ","price":11.26},{"type":"B","date":"2018-04-12T03:26:19.000Z","volume":500,"label":"Y","price":11.26},{"type":"B","date":"2018-04-12T03:26:19.000Z","volume":500,"label":"Y","price":11.26},{"type":"B","date":"2018-04-12T03:26:26.000Z","volume":500,"label":"Y","price":11.26},{"type":"B","date":"2018-04-12T03:26:26.000Z","volume":500,"label":"Y","price":11.26},{"type":"B","date":"2018-04-12T03:26:27.000Z","volume":500,"label":"Y","price":11.26},{"type":"B","date":"2018-04-12T03:26:27.000Z","volume":500,"label":"Y","price":11.26},{"type":"U","date":"2018-04-12T03:27:51.000Z","volume":5000,"label":" ","price":11.28},{"type":"B","date":"2018-04-12T03:28:03.000Z","volume":500,"label":"Y","price":11.26},{"type":"B","date":"2018-04-12T03:28:03.000Z","volume":500,"label":"Y","price":11.26},{"type":"A","date":"2018-04-12T03:28:37.000Z","volume":500,"label":" ","price":11.3},{"type":"B","date":"2018-04-12T03:33:17.000Z","volume":10000,"label":" ","price":11.28},{"type":"B","date":"2018-04-12T03:33:17.000Z","volume":500,"label":" ","price":11.28},{"type":"B","date":"2018-04-12T03:33:24.000Z","volume":500,"label":" ","price":11.28},{"type":"B","date":"2018-04-12T03:33:24.000Z","volume":500,"label":"Y","price":11.28},{"type":"B","date":"2018-04-12T03:33:25.000Z","volume":500,"label":"Y","price":11.28},{"type":"B","date":"2018-04-12T03:33:25.000Z","volume":500,"label":"Y","price":11.28},{"type":"B","date":"2018-04-12T03:33:25.000Z","volume":500,"label":"Y","price":11.28},{"type":"B","date":"2018-04-12T03:33:51.000Z","volume":3000,"label":" ","price":11.28},{"type":"B","date":"2018-04-12T03:35:09.000Z","volume":2000,"label":" ","price":11.26},{"type":"B","date":"2018-04-12T03:35:16.000Z","volume":500,"label":"Y","price":11.26},{"type":"B","date":"2018-04-12T03:35:51.000Z","volume":34000,"label":" ","price":11.26},{"type":"B","date":"2018-04-12T03:35:56.000Z","volume":2000,"label":"Y","price":11.22},{"type":"B","date":"2018-04-12T03:35:57.000Z","volume":500,"label":"Y","price":11.22},{"type":"B","date":"2018-04-12T03:35:57.000Z","volume":500,"label":"Y","price":11.22},{"type":"B","date":"2018-04-12T03:35:57.000Z","volume":500,"label":"Y","price":11.22},{"type":"B","date":"2018-04-12T03:35:57.000Z","volume":500,"label":"Y","price":11.22},{"type":"B","date":"2018-04-12T03:35:57.000Z","volume":1000,"label":"Y","price":11.22},{"type":"B","date":"2018-04-12T03:36:04.000Z","volume":500,"label":"Y","price":11.22},{"type":"B","date":"2018-04-12T03:36:04.000Z","volume":500,"label":"Y","price":11.22},{"type":"B","date":"2018-04-12T03:37:50.000Z","volume":500,"label":" ","price":11.26},{"type":"B","date":"2018-04-12T03:40:16.000Z","volume":8500,"label":" ","price":11.26},{"type":"B","date":"2018-04-12T03:40:29.000Z","volume":500,"label":"Y","price":11.22},{"type":"A","date":"2018-04-12T03:40:34.000Z","volume":6000,"label":" ","price":11.26},{"type":"A","date":"2018-04-12T03:40:34.000Z","volume":4000,"label":" ","price":11.28},{"type":"B","date":"2018-04-12T03:40:37.000Z","volume":500,"label":"Y","price":11.22},{"type":"B","date":"2018-04-12T03:40:37.000Z","volume":500,"label":"Y","price":11.22},{"type":"B","date":"2018-04-12T03:40:37.000Z","volume":500,"label":"Y","price":11.22},{"type":"B","date":"2018-04-12T03:40:38.000Z","volume":500,"label":"Y","price":11.22},{"type":"B","date":"2018-04-12T03:40:38.000Z","volume":500,"label":"Y","price":11.22},{"type":"B","date":"2018-04-12T03:40:45.000Z","volume":500,"label":"Y","price":11.22},{"type":"U","date":"2018-04-12T03:41:25.000Z","volume":500,"label":"X","price":11.22},{"type":"B","date":"2018-04-12T03:44:38.000Z","volume":7500,"label":" ","price":11.22},{"type":"B","date":"2018-04-12T03:44:45.000Z","volume":500,"label":"Y","price":11.2},{"type":"B","date":"2018-04-12T03:44:51.000Z","volume":1000,"label":" ","price":11.2},{"type":"A","date":"2018-04-12T03:45:01.000Z","volume":20000,"label":" ","price":11.24},{"type":"B","date":"2018-04-12T03:45:04.000Z","volume":1500,"label":" ","price":11.2},{"type":"B","date":"2018-04-12T03:45:09.000Z","volume":500,"label":"Y","price":11.2},{"type":"B","date":"2018-04-12T03:45:09.000Z","volume":500,"label":"Y","price":11.2},{"type":"B","date":"2018-04-12T03:45:09.000Z","volume":500,"label":"Y","price":11.2},{"type":"B","date":"2018-04-12T03:45:09.000Z","volume":500,"label":"Y","price":11.2},{"type":"B","date":"2018-04-12T03:45:09.000Z","volume":500,"label":" ","price":11.2},{"type":"B","date":"2018-04-12T03:45:09.000Z","volume":1500,"label":" ","price":11.2},{"type":"B","date":"2018-04-12T03:45:09.000Z","volume":500,"label":" ","price":11.18},{"type":"B","date":"2018-04-12T03:45:17.000Z","volume":500,"label":" ","price":11.12},{"type":"A","date":"2018-04-12T03:47:32.000Z","volume":1000,"label":" ","price":11.16},{"type":"A","date":"2018-04-12T03:48:08.000Z","volume":3500,"label":" ","price":11.16},{"type":"B","date":"2018-04-12T03:48:14.000Z","volume":500,"label":" ","price":11.12},{"type":"B","date":"2018-04-12T03:48:14.000Z","volume":500,"label":" ","price":11.12},{"type":"B","date":"2018-04-12T03:48:22.000Z","volume":500,"label":" ","price":11.12},{"type":"B","date":"2018-04-12T03:48:29.000Z","volume":5000,"label":" ","price":11.12},{"type":"B","date":"2018-04-12T03:48:38.000Z","volume":500,"label":" ","price":11.12},{"type":"B","date":"2018-04-12T03:48:46.000Z","volume":500,"label":" ","price":11.12},{"type":"B","date":"2018-04-12T03:51:37.000Z","volume":20000,"label":" ","price":11.12},{"type":"A","date":"2018-04-12T03:51:38.000Z","volume":12000,"label":" ","price":11.14},{"type":"B","date":"2018-04-12T03:51:42.000Z","volume":1000,"label":"Y","price":11.12},{"type":"B","date":"2018-04-12T03:51:42.000Z","volume":500,"label":"Y","price":11.12},{"type":"B","date":"2018-04-12T03:51:42.000Z","volume":500,"label":"Y","price":11.12},{"type":"B","date":"2018-04-12T03:51:42.000Z","volume":500,"label":"Y","price":11.12},{"type":"A","date":"2018-04-12T03:51:48.000Z","volume":24500,"label":" ","price":11.14},{"type":"B","date":"2018-04-12T03:51:50.000Z","volume":500,"label":" ","price":11.14},{"type":"B","date":"2018-04-12T03:51:50.000Z","volume":1000,"label":" ","price":11.14},{"type":"B","date":"2018-04-12T03:51:50.000Z","volume":500,"label":" ","price":11.14},{"type":"B","date":"2018-04-12T03:51:58.000Z","volume":500,"label":" ","price":11.14},{"type":"B","date":"2018-04-12T03:51:58.000Z","volume":1000,"label":" ","price":11.14},{"type":"B","date":"2018-04-12T03:51:58.000Z","volume":500,"label":" ","price":11.14},{"type":"B","date":"2018-04-12T03:51:58.000Z","volume":500,"label":" ","price":11.14},{"type":"B","date":"2018-04-12T03:51:59.000Z","volume":500,"label":" ","price":11.14},{"type":"B","date":"2018-04-12T03:51:59.000Z","volume":500,"label":" ","price":11.14},{"type":"B","date":"2018-04-12T03:52:06.000Z","volume":500,"label":"Y","price":11.12},{"type":"B","date":"2018-04-12T03:52:06.000Z","volume":500,"label":"Y","price":11.12},{"type":"A","date":"2018-04-12T03:53:23.000Z","volume":6000,"label":" ","price":11.14},{"type":"A","date":"2018-04-12T03:53:23.000Z","volume":2500,"label":" ","price":11.14},{"type":"A","date":"2018-04-12T03:53:27.000Z","volume":1500,"label":" ","price":11.16},{"type":"B","date":"2018-04-12T03:53:35.000Z","volume":500,"label":"Y","price":11.14},{"type":"A","date":"2018-04-12T03:57:08.000Z","volume":2000,"label":" ","price":11.18},{"type":"B","date":"2018-04-12T03:57:14.000Z","volume":2500,"label":" ","price":11.18},{"type":"B","date":"2018-04-12T03:57:14.000Z","volume":500,"label":" ","price":11.18},{"type":"A","date":"2018-04-12T03:57:23.000Z","volume":20000,"label":" ","price":11.2},{"type":"B","date":"2018-04-12T03:57:35.000Z","volume":500,"label":"Y","price":11.14},{"type":"B","date":"2018-04-12T03:57:35.000Z","volume":500,"label":"Y","price":11.14},{"type":"B","date":"2018-04-12T03:57:35.000Z","volume":500,"label":"Y","price":11.14},{"type":"B","date":"2018-04-12T03:57:35.000Z","volume":500,"label":"Y","price":11.14},{"type":"B","date":"2018-04-12T03:57:35.000Z","volume":500,"label":"Y","price":11.14},{"type":"B","date":"2018-04-12T03:57:35.000Z","volume":500,"label":"Y","price":11.14},{"type":"B","date":"2018-04-12T03:57:35.000Z","volume":1000,"label":"Y","price":11.14},{"type":"B","date":"2018-04-12T03:57:43.000Z","volume":500,"label":"Y","price":11.14},{"type":"B","date":"2018-04-12T03:57:51.000Z","volume":500,"label":"Y","price":11.14},{"type":"B","date":"2018-04-12T05:05:25.000Z","volume":6500,"label":" ","price":11.2},{"type":"B","date":"2018-04-12T05:05:25.000Z","volume":2500,"label":" ","price":11.18},{"type":"B","date":"2018-04-12T05:05:42.000Z","volume":500,"label":"Y","price":11.2},{"type":"B","date":"2018-04-12T05:05:42.000Z","volume":500,"label":" ","price":11.2},{"type":"B","date":"2018-04-12T05:05:58.000Z","volume":500,"label":"Y","price":11.2},{"type":"B","date":"2018-04-12T05:06:46.000Z","volume":4000,"label":" ","price":11.2},{"type":"B","date":"2018-04-12T05:07:02.000Z","volume":500,"label":" ","price":11.2},{"type":"B","date":"2018-04-12T05:07:02.000Z","volume":500,"label":"Y","price":11.2},{"type":"A","date":"2018-04-12T05:07:17.000Z","volume":30000,"label":" ","price":11.22},{"type":"B","date":"2018-04-12T05:07:34.000Z","volume":1500,"label":"Y","price":11.2},{"type":"B","date":"2018-04-12T05:07:34.000Z","volume":500,"label":"Y","price":11.2},{"type":"B","date":"2018-04-12T05:07:34.000Z","volume":500,"label":"Y","price":11.2},{"type":"B","date":"2018-04-12T05:07:34.000Z","volume":500,"label":"Y","price":11.2},{"type":"B","date":"2018-04-12T05:07:34.000Z","volume":500,"label":"Y","price":11.2},{"type":"B","date":"2018-04-12T05:07:34.000Z","volume":500,"label":"Y","price":11.2},{"type":"B","date":"2018-04-12T05:07:34.000Z","volume":1000,"label":"Y","price":11.2},{"type":"B","date":"2018-04-12T05:07:34.000Z","volume":500,"label":" ","price":11.2},{"type":"A","date":"2018-04-12T05:07:43.000Z","volume":3500,"label":" ","price":11.22},{"type":"B","date":"2018-04-12T05:07:50.000Z","volume":500,"label":"Y","price":11.22},{"type":"B","date":"2018-04-12T05:07:50.000Z","volume":500,"label":"Y","price":11.22},{"type":"A","date":"2018-04-12T05:09:34.000Z","volume":14500,"label":" ","price":11.24},{"type":"A","date":"2018-04-12T05:10:13.000Z","volume":2000,"label":"Y","price":11.24},{"type":"B","date":"2018-04-12T05:10:23.000Z","volume":500,"label":"Y","price":11.24},{"type":"B","date":"2018-04-12T05:10:23.000Z","volume":500,"label":"Y","price":11.24},{"type":"B","date":"2018-04-12T05:10:31.000Z","volume":500,"label":"Y","price":11.24},{"type":"B","date":"2018-04-12T05:15:41.000Z","volume":1000,"label":" ","price":11.26},{"type":"A","date":"2018-04-12T05:18:14.000Z","volume":2000,"label":" ","price":11.26},{"type":"A","date":"2018-04-12T05:18:46.000Z","volume":1000,"label":" ","price":11.26},{"type":"A","date":"2018-04-12T05:19:37.000Z","volume":2000,"label":" ","price":11.3},{"type":"A","date":"2018-04-12T05:19:37.000Z","volume":1000,"label":" ","price":11.32},{"type":"A","date":"2018-04-12T05:19:37.000Z","volume":1500,"label":" ","price":11.34},{"type":"A","date":"2018-04-12T05:19:37.000Z","volume":500,"label":" ","price":11.36},{"type":"B","date":"2018-04-12T05:19:44.000Z","volume":500,"label":"Y","price":11.26},{"type":"B","date":"2018-04-12T05:21:26.000Z","volume":2500,"label":"Y","price":11.26},{"type":"B","date":"2018-04-12T05:21:26.000Z","volume":1500,"label":" ","price":11.26},{"type":"B","date":"2018-04-12T05:24:38.000Z","volume":1000,"label":"Y","price":11.26},{"type":"B","date":"2018-04-12T05:25:20.000Z","volume":2000,"label":" ","price":11.28},{"type":"A","date":"2018-04-12T05:25:32.000Z","volume":10000,"label":"Y","price":11.34},{"type":"A","date":"2018-04-12T05:25:32.000Z","volume":2000,"label":" ","price":11.34},{"type":"B","date":"2018-04-12T05:25:45.000Z","volume":1000,"label":"Y","price":11.26},{"type":"B","date":"2018-04-12T05:25:45.000Z","volume":500,"label":"Y","price":11.26},{"type":"B","date":"2018-04-12T05:25:45.000Z","volume":500,"label":"Y","price":11.26},{"type":"B","date":"2018-04-12T05:25:45.000Z","volume":500,"label":"Y","price":11.26},{"type":"B","date":"2018-04-12T05:25:45.000Z","volume":500,"label":"Y","price":11.26},{"type":"B","date":"2018-04-12T05:25:45.000Z","volume":500,"label":"Y","price":11.26},{"type":"A","date":"2018-04-12T05:26:26.000Z","volume":10000,"label":"Y","price":11.34},{"type":"B","date":"2018-04-12T05:26:41.000Z","volume":500,"label":"Y","price":11.28},{"type":"B","date":"2018-04-12T05:26:41.000Z","volume":500,"label":"Y","price":11.28},{"type":"B","date":"2018-04-12T05:26:41.000Z","volume":500,"label":"Y","price":11.28},{"type":"A","date":"2018-04-12T05:27:56.000Z","volume":3500,"label":"Y","price":11.34},{"type":"A","date":"2018-04-12T05:27:56.000Z","volume":1500,"label":" ","price":11.34},{"type":"B","date":"2018-04-12T05:28:10.000Z","volume":500,"label":"Y","price":11.28},{"type":"B","date":"2018-04-12T05:28:17.000Z","volume":500,"label":"Y","price":11.28},{"type":"A","date":"2018-04-12T05:29:59.000Z","volume":500,"label":" ","price":11.34},{"type":"B","date":"2018-04-12T05:35:30.000Z","volume":1000,"label":" ","price":11.3},{"type":"B","date":"2018-04-12T05:35:30.000Z","volume":12500,"label":" ","price":11.28},{"type":"B","date":"2018-04-12T05:35:38.000Z","volume":500,"label":" ","price":11.28},{"type":"A","date":"2018-04-12T05:35:42.000Z","volume":2000,"label":" ","price":11.28},{"type":"A","date":"2018-04-12T05:35:42.000Z","volume":500,"label":" ","price":11.3},{"type":"A","date":"2018-04-12T05:35:42.000Z","volume":47500,"label":" ","price":11.32},{"type":"B","date":"2018-04-12T05:35:54.000Z","volume":1000,"label":"Y","price":11.26},{"type":"B","date":"2018-04-12T05:35:54.000Z","volume":2500,"label":"Y","price":11.26},{"type":"B","date":"2018-04-12T05:35:54.000Z","volume":500,"label":"Y","price":11.26},{"type":"B","date":"2018-04-12T05:35:54.000Z","volume":500,"label":"Y","price":11.26},{"type":"B","date":"2018-04-12T05:35:54.000Z","volume":500,"label":"Y","price":11.26},{"type":"B","date":"2018-04-12T05:35:54.000Z","volume":500,"label":"Y","price":11.26},{"type":"B","date":"2018-04-12T05:35:55.000Z","volume":1000,"label":"Y","price":11.26},{"type":"B","date":"2018-04-12T05:35:55.000Z","volume":1000,"label":"Y","price":11.26},{"type":"B","date":"2018-04-12T05:35:55.000Z","volume":500,"label":"Y","price":11.26},{"type":"B","date":"2018-04-12T05:36:02.000Z","volume":500,"label":"Y","price":11.26},{"type":"B","date":"2018-04-12T05:36:02.000Z","volume":500,"label":"Y","price":11.26},{"type":"B","date":"2018-04-12T05:36:02.000Z","volume":500,"label":"Y","price":11.26},{"type":"A","date":"2018-04-12T05:37:51.000Z","volume":15000,"label":" ","price":11.32},{"type":"B","date":"2018-04-12T05:38:02.000Z","volume":500,"label":"Y","price":11.26},{"type":"B","date":"2018-04-12T05:38:03.000Z","volume":500,"label":"Y","price":11.26},{"type":"B","date":"2018-04-12T05:38:03.000Z","volume":500,"label":"Y","price":11.26},{"type":"B","date":"2018-04-12T05:38:03.000Z","volume":500,"label":"Y","price":11.26},{"type":"B","date":"2018-04-12T05:38:03.000Z","volume":500,"label":"Y","price":11.26},{"type":"B","date":"2018-04-12T05:38:19.000Z","volume":500,"label":"Y","price":11.26},{"type":"B","date":"2018-04-12T05:38:27.000Z","volume":500,"label":"Y","price":11.26},{"type":"A","date":"2018-04-12T05:45:30.000Z","volume":1000,"label":" ","price":11.32},{"type":"A","date":"2018-04-12T05:50:56.000Z","volume":500,"label":" ","price":11.32},{"type":"B","date":"2018-04-12T05:53:25.000Z","volume":500,"label":" ","price":11.28},{"type":"B","date":"2018-04-12T05:53:27.000Z","volume":7500,"label":" ","price":11.28},{"type":"B","date":"2018-04-12T05:53:41.000Z","volume":500,"label":"Y","price":11.28},{"type":"B","date":"2018-04-12T05:53:48.000Z","volume":500,"label":"Y","price":11.28},{"type":"B","date":"2018-04-12T05:53:51.000Z","volume":6500,"label":" ","price":11.28},{"type":"B","date":"2018-04-12T05:53:58.000Z","volume":500,"label":"Y","price":11.26},{"type":"B","date":"2018-04-12T05:54:09.000Z","volume":3000,"label":" ","price":11.26},{"type":"B","date":"2018-04-12T05:54:21.000Z","volume":500,"label":"Y","price":11.24},{"type":"B","date":"2018-04-12T05:54:22.000Z","volume":500,"label":"Y","price":11.24},{"type":"A","date":"2018-04-12T06:04:03.000Z","volume":20000,"label":" ","price":11.3},{"type":"B","date":"2018-04-12T06:04:14.000Z","volume":500,"label":"Y","price":11.24},{"type":"B","date":"2018-04-12T06:04:14.000Z","volume":1000,"label":"Y","price":11.24},{"type":"B","date":"2018-04-12T06:04:14.000Z","volume":500,"label":"Y","price":11.24},{"type":"B","date":"2018-04-12T06:04:14.000Z","volume":500,"label":"Y","price":11.24},{"type":"B","date":"2018-04-12T06:04:14.000Z","volume":500,"label":"Y","price":11.24},{"type":"B","date":"2018-04-12T06:04:30.000Z","volume":500,"label":"Y","price":11.24},{"type":"B","date":"2018-04-12T06:10:14.000Z","volume":8000,"label":" ","price":11.24},{"type":"B","date":"2018-04-12T06:10:14.000Z","volume":1500,"label":" ","price":11.24},{"type":"B","date":"2018-04-12T06:10:14.000Z","volume":1000,"label":" ","price":11.24},{"type":"B","date":"2018-04-12T06:10:14.000Z","volume":2000,"label":" ","price":11.24},{"type":"B","date":"2018-04-12T06:10:25.000Z","volume":500,"label":"Y","price":11.18},{"type":"A","date":"2018-04-12T06:10:49.000Z","volume":8500,"label":" ","price":11.24},{"type":"B","date":"2018-04-12T06:10:51.000Z","volume":2000,"label":" ","price":11.24},{"type":"A","date":"2018-04-12T06:10:57.000Z","volume":500,"label":" ","price":11.2},{"type":"A","date":"2018-04-12T06:10:57.000Z","volume":500,"label":" ","price":11.2},{"type":"A","date":"2018-04-12T06:10:57.000Z","volume":1500,"label":" ","price":11.2},{"type":"A","date":"2018-04-12T06:10:57.000Z","volume":500,"label":" ","price":11.24},{"type":"B","date":"2018-04-12T06:11:37.000Z","volume":17000,"label":" ","price":11.18},{"type":"B","date":"2018-04-12T06:11:37.000Z","volume":15500,"label":" ","price":11.16},{"type":"B","date":"2018-04-12T06:11:37.000Z","volume":25000,"label":" ","price":11.14},{"type":"B","date":"2018-04-12T06:11:45.000Z","volume":1000,"label":"Y","price":11.12},{"type":"B","date":"2018-04-12T06:11:45.000Z","volume":500,"label":" ","price":11.12},{"type":"A","date":"2018-04-12T06:11:45.000Z","volume":500,"label":" ","price":11.12},{"type":"A","date":"2018-04-12T06:11:45.000Z","volume":1000,"label":" ","price":11.12},{"type":"B","date":"2018-04-12T06:12:01.000Z","volume":500,"label":" ","price":11.1},{"type":"B","date":"2018-04-12T06:12:01.000Z","volume":500,"label":" ","price":11.1},{"type":"B","date":"2018-04-12T06:12:01.000Z","volume":500,"label":" ","price":11.1},{"type":"A","date":"2018-04-12T06:12:40.000Z","volume":9000,"label":" ","price":11.12},{"type":"A","date":"2018-04-12T06:12:48.000Z","volume":5000,"label":" ","price":11.12},{"type":"A","date":"2018-04-12T06:13:02.000Z","volume":3500,"label":" ","price":11.12},{"type":"A","date":"2018-04-12T06:13:02.000Z","volume":1500,"label":" ","price":11.12},{"type":"B","date":"2018-04-12T06:13:06.000Z","volume":500,"label":"Y","price":11.08},{"type":"B","date":"2018-04-12T06:13:06.000Z","volume":500,"label":"Y","price":11.08},{"type":"A","date":"2018-04-12T06:13:13.000Z","volume":2500,"label":" ","price":11.14},{"type":"B","date":"2018-04-12T06:13:14.000Z","volume":500,"label":"Y","price":11.12},{"type":"A","date":"2018-04-12T06:13:20.000Z","volume":3000,"label":" ","price":11.14},{"type":"B","date":"2018-04-12T06:13:38.000Z","volume":500,"label":" ","price":11.16},{"type":"A","date":"2018-04-12T06:13:43.000Z","volume":3500,"label":" ","price":11.18},{"type":"B","date":"2018-04-12T06:13:46.000Z","volume":500,"label":"Y","price":11.18},{"type":"B","date":"2018-04-12T06:14:31.000Z","volume":7500,"label":" ","price":11.18},{"type":"B","date":"2018-04-12T06:14:31.000Z","volume":500,"label":" ","price":11.18},{"type":"B","date":"2018-04-12T06:14:43.000Z","volume":500,"label":"Y","price":11.12},{"type":"B","date":"2018-04-12T06:14:43.000Z","volume":500,"label":"Y","price":11.12},{"type":"B","date":"2018-04-12T06:14:43.000Z","volume":500,"label":"Y","price":11.12},{"type":"A","date":"2018-04-12T06:15:35.000Z","volume":2000,"label":" ","price":11.18},{"type":"U","date":"2018-04-12T06:16:55.000Z","volume":500,"label":" ","price":11.16},{"type":"A","date":"2018-04-12T06:18:08.000Z","volume":4500,"label":" ","price":11.18},{"type":"A","date":"2018-04-12T06:18:09.000Z","volume":1500,"label":" ","price":11.2},{"type":"B","date":"2018-04-12T06:18:22.000Z","volume":500,"label":"Y","price":11.14},{"type":"A","date":"2018-04-12T06:19:31.000Z","volume":1500,"label":" ","price":11.24},{"type":"A","date":"2018-04-12T06:22:30.000Z","volume":32500,"label":" ","price":11.2},{"type":"A","date":"2018-04-12T06:22:45.000Z","volume":25000,"label":" ","price":11.2},{"type":"A","date":"2018-04-12T06:22:45.000Z","volume":1000,"label":" ","price":11.2},{"type":"A","date":"2018-04-12T06:22:45.000Z","volume":2000,"label":" ","price":11.22},{"type":"B","date":"2018-04-12T06:22:47.000Z","volume":1000,"label":" ","price":11.2},{"type":"B","date":"2018-04-12T06:22:47.000Z","volume":500,"label":" ","price":11.2},{"type":"B","date":"2018-04-12T06:22:47.000Z","volume":500,"label":" ","price":11.2},{"type":"B","date":"2018-04-12T06:22:47.000Z","volume":500,"label":" ","price":11.2},{"type":"B","date":"2018-04-12T06:22:47.000Z","volume":500,"label":" ","price":11.2},{"type":"B","date":"2018-04-12T06:22:47.000Z","volume":500,"label":" ","price":11.2},{"type":"B","date":"2018-04-12T06:22:47.000Z","volume":500,"label":" ","price":11.2},{"type":"B","date":"2018-04-12T06:22:55.000Z","volume":500,"label":" ","price":11.2},{"type":"B","date":"2018-04-12T06:22:55.000Z","volume":1000,"label":" ","price":11.2},{"type":"B","date":"2018-04-12T06:22:55.000Z","volume":500,"label":" ","price":11.2},{"type":"B","date":"2018-04-12T06:22:55.000Z","volume":500,"label":" ","price":11.2},{"type":"B","date":"2018-04-12T06:22:55.000Z","volume":500,"label":" ","price":11.2},{"type":"A","date":"2018-04-12T06:30:53.000Z","volume":500,"label":" ","price":11.26},{"type":"A","date":"2018-04-12T06:32:14.000Z","volume":500,"label":" ","price":11.26},{"type":"B","date":"2018-04-12T06:35:15.000Z","volume":9000,"label":" ","price":11.22},{"type":"B","date":"2018-04-12T06:35:20.000Z","volume":1000,"label":" ","price":11.22},{"type":"B","date":"2018-04-12T06:35:29.000Z","volume":500,"label":"Y","price":11.22},{"type":"B","date":"2018-04-12T06:35:29.000Z","volume":500,"label":"Y","price":11.22},{"type":"B","date":"2018-04-12T06:35:29.000Z","volume":500,"label":"Y","price":11.22},{"type":"B","date":"2018-04-12T06:35:39.000Z","volume":3500,"label":" ","price":11.22},{"type":"A","date":"2018-04-12T06:37:12.000Z","volume":4500,"label":" ","price":11.22},{"type":"A","date":"2018-04-12T06:37:12.000Z","volume":1000,"label":" ","price":11.22},{"type":"B","date":"2018-04-12T06:37:21.000Z","volume":500,"label":" ","price":11.2},{"type":"A","date":"2018-04-12T06:40:22.000Z","volume":4000,"label":" ","price":11.26},{"type":"B","date":"2018-04-12T06:40:34.000Z","volume":500,"label":" ","price":11.2},{"type":"B","date":"2018-04-12T06:44:07.000Z","volume":7000,"label":" ","price":11.2},{"type":"A","date":"2018-04-12T06:44:19.000Z","volume":30000,"label":" ","price":11.24},{"type":"B","date":"2018-04-12T06:44:26.000Z","volume":500,"label":"Y","price":11.2},{"type":"B","date":"2018-04-12T06:44:26.000Z","volume":500,"label":"Y","price":11.2},{"type":"B","date":"2018-04-12T06:44:26.000Z","volume":500,"label":"Y","price":11.2},{"type":"B","date":"2018-04-12T06:44:26.000Z","volume":1000,"label":"Y","price":11.2},{"type":"B","date":"2018-04-12T06:44:26.000Z","volume":500,"label":" ","price":11.2},{"type":"B","date":"2018-04-12T06:44:26.000Z","volume":500,"label":" ","price":11.2},{"type":"B","date":"2018-04-12T06:44:43.000Z","volume":2500,"label":" ","price":11.2},{"type":"B","date":"2018-04-12T06:44:51.000Z","volume":500,"label":"Y","price":11.18},{"type":"B","date":"2018-04-12T06:45:30.000Z","volume":1000,"label":" ","price":11.2},{"type":"B","date":"2018-04-12T06:45:30.000Z","volume":1000,"label":" ","price":11.2},{"type":"B","date":"2018-04-12T06:45:30.000Z","volume":2000,"label":" ","price":11.2},{"type":"B","date":"2018-04-12T06:45:39.000Z","volume":500,"label":"Y","price":11.18},{"type":"B","date":"2018-04-12T06:46:25.000Z","volume":18000,"label":" ","price":11.18},{"type":"B","date":"2018-04-12T06:46:35.000Z","volume":500,"label":"Y","price":11.16},{"type":"B","date":"2018-04-12T06:46:35.000Z","volume":500,"label":"Y","price":11.16},{"type":"B","date":"2018-04-12T06:46:35.000Z","volume":500,"label":"Y","price":11.16},{"type":"B","date":"2018-04-12T06:46:35.000Z","volume":500,"label":"Y","price":11.16},{"type":"B","date":"2018-04-12T06:46:35.000Z","volume":500,"label":"Y","price":11.16},{"type":"B","date":"2018-04-12T06:46:49.000Z","volume":1000,"label":" ","price":11.18},{"type":"B","date":"2018-04-12T06:46:59.000Z","volume":1000,"label":"Y","price":11.16},{"type":"B","date":"2018-04-12T06:47:35.000Z","volume":2000,"label":" ","price":11.18},{"type":"A","date":"2018-04-12T06:48:00.000Z","volume":1000,"label":"Y","price":11.18},{"type":"B","date":"2018-04-12T06:48:13.000Z","volume":11500,"label":" ","price":11.16},{"type":"B","date":"2018-04-12T06:48:13.000Z","volume":7500,"label":" ","price":11.16},{"type":"B","date":"2018-04-12T06:48:19.000Z","volume":500,"label":"Y","price":11.14},{"type":"B","date":"2018-04-12T06:48:19.000Z","volume":1000,"label":" ","price":11.14},{"type":"B","date":"2018-04-12T06:48:20.000Z","volume":2000,"label":" ","price":11.16},{"type":"B","date":"2018-04-12T06:48:27.000Z","volume":500,"label":" ","price":11.16},{"type":"B","date":"2018-04-12T06:48:27.000Z","volume":500,"label":" ","price":11.16},{"type":"B","date":"2018-04-12T06:48:27.000Z","volume":500,"label":" ","price":11.16},{"type":"B","date":"2018-04-12T06:48:27.000Z","volume":500,"label":" ","price":11.16},{"type":"B","date":"2018-04-12T06:48:35.000Z","volume":500,"label":" ","price":11.16},{"type":"A","date":"2018-04-12T06:48:55.000Z","volume":500,"label":"Y","price":11.18},{"type":"A","date":"2018-04-12T06:49:27.000Z","volume":20000,"label":"Y","price":11.18},{"type":"B","date":"2018-04-12T06:49:31.000Z","volume":500,"label":" ","price":11.16},{"type":"B","date":"2018-04-12T06:49:31.000Z","volume":500,"label":" ","price":11.16},{"type":"B","date":"2018-04-12T06:49:31.000Z","volume":500,"label":" ","price":11.16},{"type":"B","date":"2018-04-12T06:49:31.000Z","volume":500,"label":" ","price":11.16},{"type":"B","date":"2018-04-12T06:49:31.000Z","volume":500,"label":" ","price":11.16},{"type":"B","date":"2018-04-12T06:49:47.000Z","volume":500,"label":" ","price":11.16},{"type":"B","date":"2018-04-12T06:49:47.000Z","volume":500,"label":" ","price":11.16},{"type":"B","date":"2018-04-12T06:49:47.000Z","volume":1000,"label":" ","price":11.16},{"type":"B","date":"2018-04-12T06:50:03.000Z","volume":500,"label":"Y","price":11.16},{"type":"B","date":"2018-04-12T06:52:58.000Z","volume":9500,"label":"Y","price":11.16},{"type":"B","date":"2018-04-12T06:52:58.000Z","volume":500,"label":" ","price":11.16},{"type":"B","date":"2018-04-12T06:53:08.000Z","volume":500,"label":" ","price":11.16},{"type":"A","date":"2018-04-12T06:53:25.000Z","volume":5000,"label":"Y","price":11.18},{"type":"B","date":"2018-04-12T06:53:40.000Z","volume":500,"label":" ","price":11.16},{"type":"A","date":"2018-04-12T06:53:55.000Z","volume":6000,"label":"Y","price":11.18},{"type":"B","date":"2018-04-12T06:54:04.000Z","volume":500,"label":" ","price":11.16},{"type":"A","date":"2018-04-12T06:54:10.000Z","volume":11000,"label":" ","price":11.18},{"type":"B","date":"2018-04-12T06:54:20.000Z","volume":500,"label":" ","price":11.16},{"type":"B","date":"2018-04-12T06:54:20.000Z","volume":500,"label":" ","price":11.16},{"type":"B","date":"2018-04-12T06:54:20.000Z","volume":500,"label":" ","price":11.16},{"type":"A","date":"2018-04-12T06:55:24.000Z","volume":8500,"label":" ","price":11.18},{"type":"B","date":"2018-04-12T06:55:32.000Z","volume":500,"label":" ","price":11.16},{"type":"A","date":"2018-04-12T06:56:15.000Z","volume":4000,"label":" ","price":11.2},{"type":"A","date":"2018-04-12T06:56:19.000Z","volume":500,"label":" ","price":11.2},{"type":"B","date":"2018-04-12T06:57:28.000Z","volume":2500,"label":" ","price":11.18},{"type":"B","date":"2018-04-12T06:57:40.000Z","volume":500,"label":"Y","price":11.16},{"type":"A","date":"2018-04-12T06:57:48.000Z","volume":5500,"label":" ","price":11.18},{"type":"B","date":"2018-04-12T06:58:16.000Z","volume":3000,"label":"Y","price":11.18},{"type":"B","date":"2018-04-12T06:58:17.000Z","volume":8500,"label":" ","price":11.18},{"type":"B","date":"2018-04-12T06:58:18.000Z","volume":1000,"label":" ","price":11.18},{"type":"B","date":"2018-04-12T06:58:21.000Z","volume":500,"label":"Y","price":11.16},{"type":"B","date":"2018-04-12T06:58:29.000Z","volume":500,"label":" ","price":11.18},{"type":"B","date":"2018-04-12T06:58:29.000Z","volume":500,"label":" ","price":11.18},{"type":"B","date":"2018-04-12T06:58:29.000Z","volume":500,"label":" ","price":11.18},{"type":"B","date":"2018-04-12T06:58:29.000Z","volume":500,"label":" ","price":11.18},{"type":"A","date":"2018-04-12T06:58:35.000Z","volume":500,"label":"Y","price":11.18},{"type":"B","date":"2018-04-12T06:58:42.000Z","volume":2500,"label":" ","price":11.18},{"type":"A","date":"2018-04-12T06:58:44.000Z","volume":500,"label":" ","price":11.18},{"type":"A","date":"2018-04-12T06:58:44.000Z","volume":500,"label":" ","price":11.2},{"type":"B","date":"2018-04-12T06:58:53.000Z","volume":500,"label":"Y","price":11.16},{"type":"B","date":"2018-04-12T06:59:14.000Z","volume":500,"label":" ","price":11.18},{"type":"B","date":"2018-04-12T06:59:24.000Z","volume":3000,"label":" ","price":11.18},{"type":"A","date":"2018-04-12T07:01:06.000Z","volume":10000,"label":" ","price":11.2},{"type":"B","date":"2018-04-12T07:01:17.000Z","volume":500,"label":" ","price":11.18},{"type":"A","date":"2018-04-12T07:08:46.000Z","volume":5000,"label":" ","price":11.2},{"type":"A","date":"2018-04-12T07:12:57.000Z","volume":11000,"label":" ","price":11.2},{"type":"B","date":"2018-04-12T07:13:04.000Z","volume":500,"label":" ","price":11.2},{"type":"A","date":"2018-04-12T07:13:27.000Z","volume":3500,"label":" ","price":11.22},{"type":"B","date":"2018-04-12T07:13:31.000Z","volume":500,"label":" ","price":11.22},{"type":"A","date":"2018-04-12T07:13:46.000Z","volume":1000,"label":" ","price":11.22},{"type":"B","date":"2018-04-12T07:14:08.000Z","volume":15500,"label":" ","price":11.2},{"type":"B","date":"2018-04-12T07:14:16.000Z","volume":500,"label":" ","price":11.2},{"type":"B","date":"2018-04-12T07:14:16.000Z","volume":500,"label":" ","price":11.2},{"type":"B","date":"2018-04-12T07:14:16.000Z","volume":500,"label":" ","price":11.2},{"type":"B","date":"2018-04-12T07:14:16.000Z","volume":500,"label":" ","price":11.2},{"type":"B","date":"2018-04-12T07:14:16.000Z","volume":500,"label":" ","price":11.2},{"type":"B","date":"2018-04-12T07:14:24.000Z","volume":500,"label":" ","price":11.2},{"type":"B","date":"2018-04-12T07:14:26.000Z","volume":9000,"label":" ","price":11.2},{"type":"B","date":"2018-04-12T07:14:30.000Z","volume":5500,"label":" ","price":11.2},{"type":"B","date":"2018-04-12T07:14:39.000Z","volume":60000,"label":" ","price":11.18},{"type":"B","date":"2018-04-12T07:14:48.000Z","volume":500,"label":"Y","price":11.16},{"type":"B","date":"2018-04-12T07:14:48.000Z","volume":2000,"label":"Y","price":11.16},{"type":"B","date":"2018-04-12T07:14:48.000Z","volume":1000,"label":"Y","price":11.16},{"type":"B","date":"2018-04-12T07:14:48.000Z","volume":500,"label":"Y","price":11.16},{"type":"B","date":"2018-04-12T07:14:48.000Z","volume":1000,"label":"Y","price":11.16},{"type":"B","date":"2018-04-12T07:14:48.000Z","volume":1000,"label":"Y","price":11.16},{"type":"B","date":"2018-04-12T07:14:56.000Z","volume":500,"label":"Y","price":11.16},{"type":"B","date":"2018-04-12T07:15:04.000Z","volume":500,"label":"Y","price":11.16},{"type":"A","date":"2018-04-12T07:15:56.000Z","volume":500,"label":" ","price":11.2},{"type":"A","date":"2018-04-12T07:18:32.000Z","volume":30000,"label":" ","price":11.18},{"type":"B","date":"2018-04-12T07:18:41.000Z","volume":500,"label":"Y","price":11.16},{"type":"B","date":"2018-04-12T07:18:41.000Z","volume":500,"label":"Y","price":11.16},{"type":"B","date":"2018-04-12T07:18:41.000Z","volume":1000,"label":"Y","price":11.16},{"type":"B","date":"2018-04-12T07:18:41.000Z","volume":500,"label":"Y","price":11.16},{"type":"A","date":"2018-04-12T07:21:54.000Z","volume":11000,"label":" ","price":11.18},{"type":"B","date":"2018-04-12T07:22:01.000Z","volume":500,"label":"Y","price":11.16},{"type":"B","date":"2018-04-12T07:22:01.000Z","volume":500,"label":"Y","price":11.16},{"type":"B","date":"2018-04-12T07:22:01.000Z","volume":500,"label":"Y","price":11.16},{"type":"B","date":"2018-04-12T07:22:01.000Z","volume":500,"label":"Y","price":11.16},{"type":"B","date":"2018-04-12T07:22:09.000Z","volume":500,"label":"Y","price":11.16},{"type":"B","date":"2018-04-12T07:22:17.000Z","volume":500,"label":"Y","price":11.16},{"type":"B","date":"2018-04-12T07:24:33.000Z","volume":5000,"label":" ","price":11.16},{"type":"A","date":"2018-04-12T07:26:42.000Z","volume":1000,"label":" ","price":11.18},{"type":"A","date":"2018-04-12T07:27:56.000Z","volume":1000,"label":" ","price":11.18},{"type":"B","date":"2018-04-12T07:30:02.000Z","volume":1500,"label":"Y","price":11.16},{"type":"B","date":"2018-04-12T07:32:00.000Z","volume":20000,"label":"Y","price":11.16},{"type":"B","date":"2018-04-12T07:32:11.000Z","volume":500,"label":"Y","price":11.16},{"type":"B","date":"2018-04-12T07:32:11.000Z","volume":500,"label":"Y","price":11.16},{"type":"B","date":"2018-04-12T07:32:11.000Z","volume":19000,"label":" ","price":11.16},{"type":"A","date":"2018-04-12T07:32:19.000Z","volume":500,"label":"Y","price":11.16},{"type":"A","date":"2018-04-12T07:32:19.000Z","volume":3000,"label":" ","price":11.16},{"type":"B","date":"2018-04-12T07:32:19.000Z","volume":1000,"label":"Y","price":11.16},{"type":"B","date":"2018-04-12T07:32:19.000Z","volume":500,"label":"Y","price":11.16},{"type":"B","date":"2018-04-12T07:32:19.000Z","volume":500,"label":"Y","price":11.16},{"type":"B","date":"2018-04-12T07:32:19.000Z","volume":500,"label":"Y","price":11.16},{"type":"B","date":"2018-04-12T07:32:20.000Z","volume":16500,"label":" ","price":11.16},{"type":"B","date":"2018-04-12T07:32:27.000Z","volume":500,"label":"Y","price":11.14},{"type":"B","date":"2018-04-12T07:32:27.000Z","volume":500,"label":"Y","price":11.14},{"type":"B","date":"2018-04-12T07:32:27.000Z","volume":500,"label":"Y","price":11.14},{"type":"B","date":"2018-04-12T07:32:27.000Z","volume":500,"label":"Y","price":11.14},{"type":"B","date":"2018-04-12T07:32:27.000Z","volume":500,"label":"Y","price":11.14},{"type":"B","date":"2018-04-12T07:32:27.000Z","volume":2000,"label":" ","price":11.14},{"type":"B","date":"2018-04-12T07:32:27.000Z","volume":2000,"label":" ","price":11.14},{"type":"B","date":"2018-04-12T07:32:27.000Z","volume":500,"label":"Y","price":11.14},{"type":"A","date":"2018-04-12T07:32:29.000Z","volume":35000,"label":" ","price":11.16},{"type":"B","date":"2018-04-12T07:32:35.000Z","volume":500,"label":"Y","price":11.14},{"type":"B","date":"2018-04-12T07:32:35.000Z","volume":500,"label":"Y","price":11.14},{"type":"B","date":"2018-04-12T07:32:43.000Z","volume":1000,"label":"Y","price":11.14},{"type":"B","date":"2018-04-12T07:32:43.000Z","volume":500,"label":"Y","price":11.14},{"type":"B","date":"2018-04-12T07:32:43.000Z","volume":500,"label":"Y","price":11.14},{"type":"B","date":"2018-04-12T07:32:43.000Z","volume":500,"label":" ","price":11.14},{"type":"B","date":"2018-04-12T07:32:51.000Z","volume":500,"label":" ","price":11.14},{"type":"B","date":"2018-04-12T07:35:07.000Z","volume":11000,"label":" ","price":11.14},{"type":"B","date":"2018-04-12T07:35:07.000Z","volume":2000,"label":" ","price":11.14},{"type":"B","date":"2018-04-12T07:35:07.000Z","volume":1000,"label":" ","price":11.14},{"type":"B","date":"2018-04-12T07:35:07.000Z","volume":500,"label":" ","price":11.14},{"type":"B","date":"2018-04-12T07:35:15.000Z","volume":500,"label":" ","price":11.14},{"type":"B","date":"2018-04-12T07:35:15.000Z","volume":500,"label":" ","price":11.14},{"type":"B","date":"2018-04-12T07:35:15.000Z","volume":500,"label":" ","price":11.14},{"type":"B","date":"2018-04-12T07:35:24.000Z","volume":500,"label":"Y","price":11.12},{"type":"A","date":"2018-04-12T07:35:29.000Z","volume":1500,"label":"Y","price":11.14},{"type":"A","date":"2018-04-12T07:35:29.000Z","volume":3500,"label":" ","price":11.14},{"type":"B","date":"2018-04-12T07:35:38.000Z","volume":3000,"label":" ","price":11.14},{"type":"A","date":"2018-04-12T07:36:22.000Z","volume":6500,"label":" ","price":11.14},{"type":"A","date":"2018-04-12T07:40:25.000Z","volume":26000,"label":" ","price":11.16},{"type":"B","date":"2018-04-12T07:40:28.000Z","volume":500,"label":" ","price":11.16},{"type":"B","date":"2018-04-12T07:40:28.000Z","volume":1000,"label":" ","price":11.16},{"type":"B","date":"2018-04-12T07:40:28.000Z","volume":500,"label":" ","price":11.16},{"type":"B","date":"2018-04-12T07:40:28.000Z","volume":500,"label":" ","price":11.16},{"type":"B","date":"2018-04-12T07:40:28.000Z","volume":500,"label":" ","price":11.16},{"type":"A","date":"2018-04-12T07:41:27.000Z","volume":5500,"label":" ","price":11.18},{"type":"A","date":"2018-04-12T07:41:36.000Z","volume":18000,"label":" ","price":11.18},{"type":"B","date":"2018-04-12T07:41:48.000Z","volume":1000,"label":" ","price":11.16},{"type":"B","date":"2018-04-12T07:41:48.000Z","volume":500,"label":" ","price":11.16},{"type":"B","date":"2018-04-12T07:41:48.000Z","volume":500,"label":" ","price":11.16},{"type":"B","date":"2018-04-12T07:41:56.000Z","volume":500,"label":" ","price":11.16},{"type":"B","date":"2018-04-12T07:41:56.000Z","volume":500,"label":" ","price":11.16},{"type":"A","date":"2018-04-12T07:43:10.000Z","volume":500,"label":" ","price":11.22},{"type":"A","date":"2018-04-12T07:43:22.000Z","volume":10000,"label":" ","price":11.2},{"type":"B","date":"2018-04-12T07:43:25.000Z","volume":500,"label":"Y","price":11.18},{"type":"A","date":"2018-04-12T07:43:29.000Z","volume":10000,"label":" ","price":11.2},{"type":"B","date":"2018-04-12T07:43:41.000Z","volume":500,"label":"Y","price":11.18},{"type":"A","date":"2018-04-12T07:43:41.000Z","volume":6500,"label":" ","price":11.2},{"type":"B","date":"2018-04-12T07:43:41.000Z","volume":500,"label":"Y","price":11.18},{"type":"A","date":"2018-04-12T07:43:49.000Z","volume":7500,"label":" ","price":11.2},{"type":"B","date":"2018-04-12T07:43:49.000Z","volume":500,"label":" ","price":11.2},{"type":"B","date":"2018-04-12T07:43:49.000Z","volume":1500,"label":" ","price":11.2},{"type":"B","date":"2018-04-12T07:43:49.000Z","volume":500,"label":"Y","price":11.18},{"type":"B","date":"2018-04-12T07:43:49.000Z","volume":500,"label":"Y","price":11.18},{"type":"B","date":"2018-04-12T07:43:57.000Z","volume":500,"label":"Y","price":11.18},{"type":"B","date":"2018-04-12T07:44:28.000Z","volume":3500,"label":" ","price":11.2},{"type":"B","date":"2018-04-12T07:44:37.000Z","volume":500,"label":"Y","price":11.18},{"type":"B","date":"2018-04-12T07:44:37.000Z","volume":500,"label":"Y","price":11.18},{"type":"B","date":"2018-04-12T07:44:53.000Z","volume":15000,"label":" ","price":11.18},{"type":"B","date":"2018-04-12T07:45:01.000Z","volume":500,"label":" ","price":11.16},{"type":"B","date":"2018-04-12T07:45:01.000Z","volume":500,"label":" ","price":11.16},{"type":"B","date":"2018-04-12T07:45:01.000Z","volume":500,"label":" ","price":11.16},{"type":"B","date":"2018-04-12T07:45:42.000Z","volume":5000,"label":" ","price":11.18},{"type":"B","date":"2018-04-12T07:45:49.000Z","volume":500,"label":" ","price":11.16},{"type":"A","date":"2018-04-12T07:46:51.000Z","volume":9000,"label":" ","price":11.2},{"type":"B","date":"2018-04-12T07:47:01.000Z","volume":500,"label":"Y","price":11.2},{"type":"B","date":"2018-04-12T07:47:01.000Z","volume":500,"label":"Y","price":11.2},{"type":"B","date":"2018-04-12T07:47:05.000Z","volume":9000,"label":" ","price":11.2},{"type":"B","date":"2018-04-12T07:47:05.000Z","volume":11000,"label":" ","price":11.2},{"type":"A","date":"2018-04-12T07:47:13.000Z","volume":12500,"label":" ","price":11.22},{"type":"B","date":"2018-04-12T07:47:13.000Z","volume":4000,"label":" ","price":11.22},{"type":"B","date":"2018-04-12T07:47:17.000Z","volume":500,"label":" ","price":11.22},{"type":"B","date":"2018-04-12T07:47:17.000Z","volume":500,"label":" ","price":11.22},{"type":"B","date":"2018-04-12T07:47:17.000Z","volume":500,"label":" ","price":11.22},{"type":"B","date":"2018-04-12T07:47:17.000Z","volume":500,"label":" ","price":11.22},{"type":"B","date":"2018-04-12T07:47:19.000Z","volume":23000,"label":" ","price":11.22},{"type":"B","date":"2018-04-12T07:47:25.000Z","volume":1000,"label":" ","price":11.22},{"type":"B","date":"2018-04-12T07:47:25.000Z","volume":500,"label":" ","price":11.22},{"type":"B","date":"2018-04-12T07:47:25.000Z","volume":500,"label":" ","price":11.22},{"type":"B","date":"2018-04-12T07:47:25.000Z","volume":1500,"label":" ","price":11.22},{"type":"B","date":"2018-04-12T07:47:25.000Z","volume":500,"label":" ","price":11.22},{"type":"B","date":"2018-04-12T07:47:25.000Z","volume":500,"label":" ","price":11.22},{"type":"B","date":"2018-04-12T07:47:38.000Z","volume":18000,"label":" ","price":11.22},{"type":"B","date":"2018-04-12T07:47:38.000Z","volume":16000,"label":" ","price":11.22},{"type":"B","date":"2018-04-12T07:47:49.000Z","volume":500,"label":"Y","price":11.18},{"type":"B","date":"2018-04-12T07:47:49.000Z","volume":500,"label":"Y","price":11.18},{"type":"A","date":"2018-04-12T07:47:57.000Z","volume":5500,"label":" ","price":11.18},{"type":"B","date":"2018-04-12T07:48:05.000Z","volume":500,"label":" ","price":11.2},{"type":"A","date":"2018-04-12T07:49:29.000Z","volume":10000,"label":" ","price":11.22},{"type":"A","date":"2018-04-12T07:50:25.000Z","volume":12000,"label":" ","price":11.22},{"type":"A","date":"2018-04-12T07:50:27.000Z","volume":4500,"label":" ","price":11.22},{"type":"B","date":"2018-04-12T07:55:01.000Z","volume":12000,"label":" ","price":11.22},{"type":"A","date":"2018-04-12T07:55:02.000Z","volume":7000,"label":" ","price":11.26},{"type":"A","date":"2018-04-12T07:57:32.000Z","volume":1500,"label":" ","price":11.26},{"type":"A","date":"2018-04-12T07:57:32.000Z","volume":1500,"label":" ","price":11.26},{"type":"A","date":"2018-04-12T07:59:02.000Z","volume":500,"label":" ","price":11.26},{"type":"A","date":"2018-04-12T07:59:02.000Z","volume":3500,"label":" ","price":11.26},{"type":"A","date":"2018-04-12T07:59:02.000Z","volume":3000,"label":"Y","price":11.26},{"type":"A","date":"2018-04-12T07:59:02.000Z","volume":1000,"label":" ","price":11.26},{"type":"A","date":"2018-04-12T07:59:03.000Z","volume":2000,"label":"Y","price":11.26},{"type":"B","date":"2018-04-12T07:59:03.000Z","volume":500,"label":"Y","price":11.26},{"type":"A","date":"2018-04-12T07:59:03.000Z","volume":2000,"label":"Y","price":11.3},{"type":"A","date":"2018-04-12T07:59:03.000Z","volume":500,"label":" ","price":11.3},{"type":"A","date":"2018-04-12T07:59:14.000Z","volume":500,"label":" ","price":11.32},{"type":"A","date":"2018-04-12T07:59:14.000Z","volume":500,"label":" ","price":11.32},{"type":"U","date":"2018-04-12T08:08:38.000Z","volume":63500,"label":"U","price":11.28}]