[{"type":"A","date":"2018-03-13T06:10:28.000Z","volume":58000,"price":8.49,"category":"ubbull"},{"type":"A","date":"2018-03-13T05:29:23.000Z","volume":58000,"price":8.49,"category":"ubbull"},{"type":"A","date":"2018-03-13T03:59:06.000Z","volume":116000,"price":8.52,"category":"ubbull"},{"type":"A","date":"2018-03-13T03:53:39.000Z","volume":124000,"price":8.53,"category":"ubbull"},{"type":"A","date":"2018-03-13T03:24:17.000Z","volume":52000,"price":8.47,"category":"ubbull"},{"type":"A","date":"2018-03-13T07:52:55.000Z","volume":32000,"price":8.4,"category":"bbull"},{"type":"A","date":"2018-03-13T07:27:26.000Z","volume":14000,"price":8.42,"category":"bbull"},{"type":"A","date":"2018-03-13T03:59:06.000Z","volume":34000,"price":8.51,"category":"bbull"},{"type":"A","date":"2018-03-13T03:53:39.000Z","volume":22000,"price":8.52,"category":"bbull"},{"type":"A","date":"2018-03-13T03:12:59.000Z","volume":16000,"price":8.5,"category":"bbull"},{"type":"A","date":"2018-03-13T02:18:36.000Z","volume":16000,"price":8.59,"category":"bbull"},{"type":"A","date":"2018-03-13T02:10:11.000Z","volume":44000,"price":8.62,"category":"bbull"},{"type":"A","date":"2018-03-13T07:59:37.000Z","volume":2000,"price":8.43,"category":"rbull"},{"type":"A","date":"2018-03-13T07:59:37.000Z","volume":2000,"price":8.42,"category":"rbull"},{"type":"A","date":"2018-03-13T07:59:27.000Z","volume":2000,"price":8.41,"category":"rbull"},{"type":"A","date":"2018-03-13T07:59:15.000Z","volume":2000,"price":8.41,"category":"rbull"},{"type":"A","date":"2018-03-13T07:58:18.000Z","volume":2000,"price":8.41,"category":"rbull"},{"type":"A","date":"2018-03-13T07:58:01.000Z","volume":2000,"price":8.41,"category":"rbull"},{"type":"A","date":"2018-03-13T07:56:15.000Z","volume":2000,"price":8.41,"category":"rbull"},{"type":"A","date":"2018-03-13T07:55:36.000Z","volume":2000,"price":8.41,"category":"rbull"},{"type":"A","date":"2018-03-13T07:53:49.000Z","volume":2000,"price":8.38,"category":"rbull"},{"type":"A","date":"2018-03-13T07:53:36.000Z","volume":2000,"price":8.4,"category":"rbull"},{"type":"A","date":"2018-03-13T07:53:21.000Z","volume":2000,"price":8.35,"category":"rbull"},{"type":"A","date":"2018-03-13T07:52:01.000Z","volume":2000,"price":8.4,"category":"rbull"},{"type":"A","date":"2018-03-13T07:51:52.000Z","volume":2000,"price":8.4,"category":"rbull"},{"type":"A","date":"2018-03-13T07:50:31.000Z","volume":2000,"price":8.41,"category":"rbull"},{"type":"A","date":"2018-03-13T07:48:50.000Z","volume":2000,"price":8.41,"category":"rbull"},{"type":"A","date":"2018-03-13T07:47:38.000Z","volume":2000,"price":8.41,"category":"rbull"},{"type":"A","date":"2018-03-13T07:45:22.000Z","volume":2000,"price":8.38,"category":"rbull"},{"type":"A","date":"2018-03-13T07:31:24.000Z","volume":2000,"price":8.43,"category":"rbull"},{"type":"A","date":"2018-03-13T07:28:55.000Z","volume":2000,"price":8.44,"category":"rbull"},{"type":"A","date":"2018-03-13T07:13:28.000Z","volume":2000,"price":8.41,"category":"rbull"},{"type":"A","date":"2018-03-13T07:11:52.000Z","volume":2000,"price":8.38,"category":"rbull"},{"type":"A","date":"2018-03-13T07:10:23.000Z","volume":2000,"price":8.4,"category":"rbull"},{"type":"A","date":"2018-03-13T07:10:23.000Z","volume":2000,"price":8.38,"category":"rbull"},{"type":"A","date":"2018-03-13T07:10:03.000Z","volume":2000,"price":8.34,"category":"rbull"},{"type":"A","date":"2018-03-13T07:09:58.000Z","volume":2000,"price":8.34,"category":"rbull"},{"type":"A","date":"2018-03-13T07:09:52.000Z","volume":2000,"price":8.33,"category":"rbull"},{"type":"A","date":"2018-03-13T07:08:29.000Z","volume":2000,"price":8.29,"category":"rbull"},{"type":"A","date":"2018-03-13T06:50:08.000Z","volume":2000,"price":8.43,"category":"rbull"},{"type":"A","date":"2018-03-13T06:46:00.000Z","volume":2000,"price":8.44,"category":"rbull"},{"type":"A","date":"2018-03-13T06:44:00.000Z","volume":2000,"price":8.44,"category":"rbull"},{"type":"A","date":"2018-03-13T06:43:46.000Z","volume":2000,"price":8.44,"category":"rbull"},{"type":"A","date":"2018-03-13T06:34:19.000Z","volume":2000,"price":8.44,"category":"rbull"},{"type":"A","date":"2018-03-13T06:19:43.000Z","volume":2000,"price":8.45,"category":"rbull"},{"type":"A","date":"2018-03-13T06:14:36.000Z","volume":2000,"price":8.44,"category":"rbull"},{"type":"A","date":"2018-03-13T06:13:43.000Z","volume":2000,"price":8.46,"category":"rbull"},{"type":"A","date":"2018-03-13T06:13:43.000Z","volume":2000,"price":8.45,"category":"rbull"},{"type":"A","date":"2018-03-13T06:12:47.000Z","volume":2000,"price":8.45,"category":"rbull"},{"type":"A","date":"2018-03-13T06:11:18.000Z","volume":2000,"price":8.49,"category":"rbull"},{"type":"A","date":"2018-03-13T06:10:36.000Z","volume":2000,"price":8.49,"category":"rbull"},{"type":"A","date":"2018-03-13T06:10:25.000Z","volume":2000,"price":8.49,"category":"rbull"},{"type":"A","date":"2018-03-13T06:10:19.000Z","volume":2000,"price":8.48,"category":"rbull"},{"type":"A","date":"2018-03-13T05:57:14.000Z","volume":2000,"price":8.47,"category":"rbull"},{"type":"A","date":"2018-03-13T05:56:44.000Z","volume":2000,"price":8.48,"category":"rbull"},{"type":"A","date":"2018-03-13T05:37:33.000Z","volume":2000,"price":8.48,"category":"rbull"},{"type":"A","date":"2018-03-13T05:37:17.000Z","volume":2000,"price":8.48,"category":"rbull"},{"type":"A","date":"2018-03-13T05:37:17.000Z","volume":2000,"price":8.47,"category":"rbull"},{"type":"A","date":"2018-03-13T05:30:12.000Z","volume":2000,"price":8.48,"category":"rbull"},{"type":"A","date":"2018-03-13T05:16:36.000Z","volume":2000,"price":8.49,"category":"rbull"},{"type":"A","date":"2018-03-13T05:13:43.000Z","volume":2000,"price":8.52,"category":"rbull"},{"type":"A","date":"2018-03-13T05:13:43.000Z","volume":2000,"price":8.51,"category":"rbull"},{"type":"A","date":"2018-03-13T05:13:26.000Z","volume":2000,"price":8.52,"category":"rbull"},{"type":"A","date":"2018-03-13T05:08:36.000Z","volume":2000,"price":8.51,"category":"rbull"},{"type":"A","date":"2018-03-13T05:07:47.000Z","volume":2000,"price":8.52,"category":"rbull"},{"type":"A","date":"2018-03-13T05:06:51.000Z","volume":2000,"price":8.51,"category":"rbull"},{"type":"A","date":"2018-03-13T03:59:28.000Z","volume":2000,"price":8.52,"category":"rbull"},{"type":"A","date":"2018-03-13T03:59:17.000Z","volume":2000,"price":8.51,"category":"rbull"},{"type":"A","date":"2018-03-13T03:53:39.000Z","volume":2000,"price":8.53,"category":"rbull"},{"type":"A","date":"2018-03-13T03:32:13.000Z","volume":2000,"price":8.54,"category":"rbull"},{"type":"A","date":"2018-03-13T03:29:23.000Z","volume":2000,"price":8.54,"category":"rbull"},{"type":"A","date":"2018-03-13T03:26:23.000Z","volume":2000,"price":8.52,"category":"rbull"},{"type":"A","date":"2018-03-13T03:26:23.000Z","volume":2000,"price":8.54,"category":"rbull"},{"type":"A","date":"2018-03-13T03:18:46.000Z","volume":2000,"price":8.54,"category":"rbull"},{"type":"A","date":"2018-03-13T03:16:59.000Z","volume":2000,"price":8.54,"category":"rbull"},{"type":"A","date":"2018-03-13T03:16:59.000Z","volume":2000,"price":8.53,"category":"rbull"},{"type":"A","date":"2018-03-13T03:16:59.000Z","volume":2000,"price":8.52,"category":"rbull"},{"type":"A","date":"2018-03-13T03:16:02.000Z","volume":2000,"price":8.53,"category":"rbull"},{"type":"A","date":"2018-03-13T03:14:42.000Z","volume":2000,"price":8.5,"category":"rbull"},{"type":"A","date":"2018-03-13T03:13:43.000Z","volume":2000,"price":8.53,"category":"rbull"},{"type":"A","date":"2018-03-13T03:13:04.000Z","volume":2000,"price":8.54,"category":"rbull"},{"type":"A","date":"2018-03-13T03:12:59.000Z","volume":2000,"price":8.53,"category":"rbull"},{"type":"A","date":"2018-03-13T03:11:15.000Z","volume":2000,"price":8.46,"category":"rbull"},{"type":"A","date":"2018-03-13T03:10:59.000Z","volume":2000,"price":8.46,"category":"rbull"},{"type":"A","date":"2018-03-13T02:58:08.000Z","volume":2000,"price":8.55,"category":"rbull"},{"type":"A","date":"2018-03-13T02:58:08.000Z","volume":2000,"price":8.54,"category":"rbull"},{"type":"A","date":"2018-03-13T02:58:08.000Z","volume":2000,"price":8.52,"category":"rbull"},{"type":"A","date":"2018-03-13T02:53:28.000Z","volume":2000,"price":8.53,"category":"rbull"},{"type":"A","date":"2018-03-13T02:53:28.000Z","volume":2000,"price":8.52,"category":"rbull"},{"type":"A","date":"2018-03-13T02:51:23.000Z","volume":2000,"price":8.55,"category":"rbull"},{"type":"A","date":"2018-03-13T02:37:15.000Z","volume":2000,"price":8.62,"category":"rbull"},{"type":"A","date":"2018-03-13T02:37:15.000Z","volume":2000,"price":8.62,"category":"rbull"},{"type":"A","date":"2018-03-13T02:34:55.000Z","volume":2000,"price":8.62,"category":"rbull"},{"type":"A","date":"2018-03-13T02:21:21.000Z","volume":2000,"price":8.65,"category":"rbull"},{"type":"A","date":"2018-03-13T02:18:36.000Z","volume":2000,"price":8.65,"category":"rbull"},{"type":"A","date":"2018-03-13T02:18:36.000Z","volume":2000,"price":8.62,"category":"rbull"},{"type":"A","date":"2018-03-13T02:18:36.000Z","volume":2000,"price":8.61,"category":"rbull"},{"type":"A","date":"2018-03-13T02:16:42.000Z","volume":2000,"price":8.6,"category":"rbull"},{"type":"A","date":"2018-03-13T02:15:15.000Z","volume":2000,"price":8.67,"category":"rbull"},{"type":"A","date":"2018-03-13T02:14:53.000Z","volume":2000,"price":8.66,"category":"rbull"},{"type":"A","date":"2018-03-13T02:14:26.000Z","volume":2000,"price":8.63,"category":"rbull"},{"type":"A","date":"2018-03-13T02:14:26.000Z","volume":2000,"price":8.62,"category":"rbull"},{"type":"A","date":"2018-03-13T02:14:26.000Z","volume":2000,"price":8.61,"category":"rbull"},{"type":"A","date":"2018-03-13T02:00:32.000Z","volume":2000,"price":8.63,"category":"rbull"},{"type":"A","date":"2018-03-13T01:59:02.000Z","volume":2000,"price":8.64,"category":"rbull"},{"type":"A","date":"2018-03-13T01:57:24.000Z","volume":2000,"price":8.66,"category":"rbull"},{"type":"A","date":"2018-03-13T01:55:49.000Z","volume":2000,"price":8.69,"category":"rbull"},{"type":"A","date":"2018-03-13T01:38:50.000Z","volume":2000,"price":8.72,"category":"rbull"},{"type":"A","date":"2018-03-13T01:38:35.000Z","volume":2000,"price":8.65,"category":"rbull"},{"type":"B","date":"2018-03-13T07:59:55.000Z","volume":2000,"price":8.42,"category":"rbear"},{"type":"B","date":"2018-03-13T07:59:40.000Z","volume":2000,"price":8.42,"category":"rbear"},{"type":"B","date":"2018-03-13T07:59:27.000Z","volume":2000,"price":8.35,"category":"rbear"},{"type":"B","date":"2018-03-13T07:55:41.000Z","volume":2000,"price":8.36,"category":"rbear"},{"type":"B","date":"2018-03-13T07:52:06.000Z","volume":2000,"price":8.35,"category":"rbear"},{"type":"B","date":"2018-03-13T07:51:52.000Z","volume":2000,"price":8.35,"category":"rbear"},{"type":"B","date":"2018-03-13T07:47:18.000Z","volume":2000,"price":8.36,"category":"rbear"},{"type":"B","date":"2018-03-13T07:30:20.000Z","volume":2000,"price":8.42,"category":"rbear"},{"type":"B","date":"2018-03-13T07:12:27.000Z","volume":2000,"price":8.38,"category":"rbear"},{"type":"B","date":"2018-03-13T07:11:53.000Z","volume":2000,"price":8.37,"category":"rbear"},{"type":"B","date":"2018-03-13T07:11:50.000Z","volume":2000,"price":8.38,"category":"rbear"},{"type":"B","date":"2018-03-13T07:09:58.000Z","volume":2000,"price":8.33,"category":"rbear"},{"type":"B","date":"2018-03-13T07:09:27.000Z","volume":2000,"price":8.28,"category":"rbear"},{"type":"B","date":"2018-03-13T07:09:24.000Z","volume":2000,"price":8.27,"category":"rbear"},{"type":"B","date":"2018-03-13T07:09:17.000Z","volume":2000,"price":8.2,"category":"rbear"},{"type":"B","date":"2018-03-13T07:09:17.000Z","volume":2000,"price":8.26,"category":"rbear"},{"type":"B","date":"2018-03-13T07:09:17.000Z","volume":2000,"price":8.28,"category":"rbear"},{"type":"B","date":"2018-03-13T07:09:17.000Z","volume":2000,"price":8.28,"category":"rbear"},{"type":"B","date":"2018-03-13T07:05:30.000Z","volume":2000,"price":8.34,"category":"rbear"},{"type":"B","date":"2018-03-13T06:48:33.000Z","volume":2000,"price":8.39,"category":"rbear"},{"type":"B","date":"2018-03-13T06:14:11.000Z","volume":2000,"price":8.41,"category":"rbear"},{"type":"B","date":"2018-03-13T06:13:58.000Z","volume":2000,"price":8.43,"category":"rbear"},{"type":"B","date":"2018-03-13T06:10:28.000Z","volume":2000,"price":8.46,"category":"rbear"},{"type":"B","date":"2018-03-13T05:56:24.000Z","volume":2000,"price":8.44,"category":"rbear"},{"type":"B","date":"2018-03-13T05:13:26.000Z","volume":2000,"price":8.46,"category":"rbear"},{"type":"B","date":"2018-03-13T05:12:58.000Z","volume":2000,"price":8.45,"category":"rbear"},{"type":"B","date":"2018-03-13T05:07:47.000Z","volume":2000,"price":8.44,"category":"rbear"},{"type":"B","date":"2018-03-13T03:59:11.000Z","volume":2000,"price":8.46,"category":"rbear"},{"type":"B","date":"2018-03-13T03:54:10.000Z","volume":2000,"price":8.49,"category":"rbear"},{"type":"B","date":"2018-03-13T03:50:32.000Z","volume":2000,"price":8.5,"category":"rbear"},{"type":"B","date":"2018-03-13T03:50:06.000Z","volume":2000,"price":8.48,"category":"rbear"},{"type":"B","date":"2018-03-13T03:50:06.000Z","volume":2000,"price":8.48,"category":"rbear"},{"type":"B","date":"2018-03-13T03:44:35.000Z","volume":2000,"price":8.46,"category":"rbear"},{"type":"B","date":"2018-03-13T03:26:23.000Z","volume":2000,"price":8.46,"category":"rbear"},{"type":"B","date":"2018-03-13T03:24:00.000Z","volume":2000,"price":8.44,"category":"rbear"},{"type":"B","date":"2018-03-13T03:16:16.000Z","volume":2000,"price":8.46,"category":"rbear"},{"type":"B","date":"2018-03-13T03:13:43.000Z","volume":2000,"price":8.43,"category":"rbear"},{"type":"B","date":"2018-03-13T03:12:59.000Z","volume":2000,"price":8.53,"category":"rbear"},{"type":"B","date":"2018-03-13T03:11:08.000Z","volume":2000,"price":8.38,"category":"rbear"},{"type":"B","date":"2018-03-13T03:10:34.000Z","volume":2000,"price":8.4,"category":"rbear"},{"type":"B","date":"2018-03-13T03:07:19.000Z","volume":2000,"price":8.44,"category":"rbear"},{"type":"B","date":"2018-03-13T03:02:11.000Z","volume":2000,"price":8.47,"category":"rbear"},{"type":"B","date":"2018-03-13T02:52:46.000Z","volume":2000,"price":8.43,"category":"rbear"},{"type":"B","date":"2018-03-13T02:52:46.000Z","volume":2000,"price":8.45,"category":"rbear"},{"type":"B","date":"2018-03-13T02:52:46.000Z","volume":2000,"price":8.48,"category":"rbear"},{"type":"B","date":"2018-03-13T02:51:11.000Z","volume":2000,"price":8.5,"category":"rbear"},{"type":"B","date":"2018-03-13T02:37:17.000Z","volume":2000,"price":8.57,"category":"rbear"},{"type":"B","date":"2018-03-13T02:17:29.000Z","volume":2000,"price":8.59,"category":"rbear"},{"type":"B","date":"2018-03-13T02:16:10.000Z","volume":2000,"price":8.57,"category":"rbear"},{"type":"B","date":"2018-03-13T02:16:10.000Z","volume":2000,"price":8.6,"category":"rbear"},{"type":"B","date":"2018-03-13T01:59:19.000Z","volume":2000,"price":8.51,"category":"rbear"},{"type":"B","date":"2018-03-13T01:58:40.000Z","volume":2000,"price":8.6,"category":"rbear"},{"type":"B","date":"2018-03-13T01:58:40.000Z","volume":2000,"price":8.6,"category":"rbear"},{"type":"B","date":"2018-03-13T01:58:20.000Z","volume":2000,"price":8.61,"category":"rbear"},{"type":"B","date":"2018-03-13T01:56:57.000Z","volume":2000,"price":8.62,"category":"rbear"},{"type":"B","date":"2018-03-13T01:55:16.000Z","volume":2000,"price":8.65,"category":"rbear"},{"type":"B","date":"2018-03-13T01:54:50.000Z","volume":2000,"price":8.66,"category":"rbear"},{"type":"B","date":"2018-03-13T07:52:25.000Z","volume":32000,"price":8.33,"category":"bbear"},{"type":"B","date":"2018-03-13T07:07:54.000Z","volume":26000,"price":8.31,"category":"bbear"},{"type":"B","date":"2018-03-13T07:04:10.000Z","volume":18000,"price":8.38,"category":"bbear"},{"type":"B","date":"2018-03-13T06:12:31.000Z","volume":28000,"price":8.4,"category":"bbear"},{"type":"B","date":"2018-03-13T05:56:52.000Z","volume":18000,"price":8.44,"category":"bbear"},{"type":"B","date":"2018-03-13T05:16:14.000Z","volume":20000,"price":8.45,"category":"bbear"},{"type":"B","date":"2018-03-13T01:38:30.000Z","volume":20000,"price":8.65,"category":"bbear"},{"type":"B","date":"2018-03-13T01:38:17.000Z","volume":20000,"price":8.66,"category":"bbear"},{"type":"B","date":"2018-03-13T01:38:17.000Z","volume":30000,"price":8.7,"category":"bbear"},{"type":"B","date":"2018-03-13T03:54:10.000Z","volume":48000,"price":8.48,"category":"ubbear"},{"type":"B","date":"2018-03-13T03:50:06.000Z","volume":224000,"price":8.48,"category":"ubbear"}]