[{"type":"U","date":"2018-05-02T01:20:00.000Z","volume":2500,"label":"U","price":2.21},{"type":"A","date":"2018-05-02T01:30:00.000Z","volume":10000,"label":" ","price":2.21},{"type":"A","date":"2018-05-02T01:30:01.000Z","volume":5000,"label":" ","price":2.23},{"type":"B","date":"2018-05-02T01:30:04.000Z","volume":7500,"label":" ","price":2.23},{"type":"B","date":"2018-05-02T01:30:21.000Z","volume":2500,"label":" ","price":2.22},{"type":"B","date":"2018-05-02T01:32:17.000Z","volume":10000,"label":" ","price":2.21},{"type":"B","date":"2018-05-02T01:32:33.000Z","volume":7500,"label":" ","price":2.2},{"type":"A","date":"2018-05-02T01:32:50.000Z","volume":2500,"label":" ","price":2.2},{"type":"A","date":"2018-05-02T01:34:15.000Z","volume":10000,"label":" ","price":2.2},{"type":"A","date":"2018-05-02T01:35:04.000Z","volume":5000,"label":" ","price":2.2},{"type":"B","date":"2018-05-02T01:36:14.000Z","volume":12500,"label":" ","price":2.19},{"type":"B","date":"2018-05-02T01:36:38.000Z","volume":20000,"label":" ","price":2.18},{"type":"A","date":"2018-05-02T01:38:51.000Z","volume":10000,"label":" ","price":2.18},{"type":"A","date":"2018-05-02T01:38:51.000Z","volume":15000,"label":" ","price":2.19},{"type":"B","date":"2018-05-02T01:44:48.000Z","volume":32500,"label":" ","price":2.18},{"type":"A","date":"2018-05-02T01:45:15.000Z","volume":5000,"label":" ","price":2.19},{"type":"A","date":"2018-05-02T01:49:23.000Z","volume":20000,"label":" ","price":2.19},{"type":"A","date":"2018-05-02T01:49:40.000Z","volume":20000,"label":" ","price":2.19},{"type":"B","date":"2018-05-02T01:53:44.000Z","volume":15000,"label":" ","price":2.18},{"type":"A","date":"2018-05-02T01:55:42.000Z","volume":5000,"label":" ","price":2.18},{"type":"A","date":"2018-05-02T01:55:42.000Z","volume":5000,"label":" ","price":2.18},{"type":"A","date":"2018-05-02T01:55:49.000Z","volume":5000,"label":" ","price":2.19},{"type":"U","date":"2018-05-02T01:56:31.000Z","volume":2500,"label":" ","price":2.18},{"type":"A","date":"2018-05-02T01:57:24.000Z","volume":20000,"label":" ","price":2.18},{"type":"A","date":"2018-05-02T01:57:29.000Z","volume":17500,"label":" ","price":2.18},{"type":"B","date":"2018-05-02T01:59:41.000Z","volume":17500,"label":" ","price":2.17},{"type":"B","date":"2018-05-02T01:59:41.000Z","volume":20000,"label":" ","price":2.16},{"type":"A","date":"2018-05-02T02:00:07.000Z","volume":10000,"label":" ","price":2.16},{"type":"A","date":"2018-05-02T02:00:15.000Z","volume":2500,"label":" ","price":2.16},{"type":"U","date":"2018-05-02T02:00:51.000Z","volume":2500,"label":" ","price":2.17},{"type":"A","date":"2018-05-02T02:01:52.000Z","volume":5000,"label":" ","price":2.17},{"type":"A","date":"2018-05-02T02:03:28.000Z","volume":5000,"label":" ","price":2.17},{"type":"A","date":"2018-05-02T02:04:39.000Z","volume":10000,"label":" ","price":2.17},{"type":"B","date":"2018-05-02T02:06:56.000Z","volume":5000,"label":" ","price":2.17},{"type":"A","date":"2018-05-02T02:06:58.000Z","volume":20000,"label":" ","price":2.17},{"type":"A","date":"2018-05-02T02:07:01.000Z","volume":25000,"label":" ","price":2.17},{"type":"A","date":"2018-05-02T02:08:06.000Z","volume":2500,"label":" ","price":2.18},{"type":"B","date":"2018-05-02T02:12:43.000Z","volume":5000,"label":" ","price":2.17},{"type":"A","date":"2018-05-02T02:12:44.000Z","volume":37500,"label":" ","price":2.17},{"type":"A","date":"2018-05-02T02:13:57.000Z","volume":5000,"label":" ","price":2.18},{"type":"B","date":"2018-05-02T02:17:19.000Z","volume":5000,"label":" ","price":2.16},{"type":"B","date":"2018-05-02T02:17:19.000Z","volume":12500,"label":" ","price":2.16},{"type":"B","date":"2018-05-02T02:18:58.000Z","volume":2500,"label":"Y","price":2.15},{"type":"B","date":"2018-05-02T02:18:58.000Z","volume":10000,"label":" ","price":2.15},{"type":"B","date":"2018-05-02T02:18:58.000Z","volume":5000,"label":" ","price":2.15},{"type":"A","date":"2018-05-02T02:21:38.000Z","volume":5000,"label":" ","price":2.15},{"type":"A","date":"2018-05-02T02:21:50.000Z","volume":2500,"label":" ","price":2.15},{"type":"A","date":"2018-05-02T02:22:23.000Z","volume":2500,"label":" ","price":2.15},{"type":"B","date":"2018-05-02T02:27:26.000Z","volume":2500,"label":" ","price":2.14},{"type":"A","date":"2018-05-02T02:29:53.000Z","volume":10000,"label":" ","price":2.15},{"type":"A","date":"2018-05-02T02:30:26.000Z","volume":20000,"label":" ","price":2.15},{"type":"B","date":"2018-05-02T02:31:45.000Z","volume":25000,"label":" ","price":2.14},{"type":"B","date":"2018-05-02T02:33:36.000Z","volume":5000,"label":" ","price":2.14},{"type":"A","date":"2018-05-02T02:35:38.000Z","volume":5000,"label":" ","price":2.15},{"type":"A","date":"2018-05-02T02:36:08.000Z","volume":10000,"label":" ","price":2.15},{"type":"A","date":"2018-05-02T02:38:27.000Z","volume":2500,"label":" ","price":2.15},{"type":"B","date":"2018-05-02T02:38:38.000Z","volume":25000,"label":" ","price":2.14},{"type":"A","date":"2018-05-02T02:40:56.000Z","volume":5000,"label":" ","price":2.14},{"type":"A","date":"2018-05-02T02:41:52.000Z","volume":10000,"label":" ","price":2.14},{"type":"A","date":"2018-05-02T02:43:35.000Z","volume":20000,"label":" ","price":2.14},{"type":"U","date":"2018-05-02T02:43:36.000Z","volume":2500,"label":" ","price":2.14},{"type":"B","date":"2018-05-02T02:44:35.000Z","volume":5000,"label":" ","price":2.13},{"type":"A","date":"2018-05-02T02:47:18.000Z","volume":10000,"label":" ","price":2.14},{"type":"A","date":"2018-05-02T02:47:18.000Z","volume":2500,"label":" ","price":2.15},{"type":"A","date":"2018-05-02T02:48:12.000Z","volume":10000,"label":" ","price":2.14},{"type":"A","date":"2018-05-02T02:49:54.000Z","volume":2500,"label":" ","price":2.15},{"type":"B","date":"2018-05-02T02:50:45.000Z","volume":10000,"label":" ","price":2.14},{"type":"B","date":"2018-05-02T02:50:45.000Z","volume":2500,"label":" ","price":2.14},{"type":"B","date":"2018-05-02T02:52:16.000Z","volume":7500,"label":" ","price":2.14},{"type":"B","date":"2018-05-02T02:52:53.000Z","volume":40000,"label":" ","price":2.13},{"type":"B","date":"2018-05-02T02:56:09.000Z","volume":15000,"label":" ","price":2.13},{"type":"B","date":"2018-05-02T02:56:14.000Z","volume":10000,"label":" ","price":2.12},{"type":"B","date":"2018-05-02T02:57:17.000Z","volume":12500,"label":" ","price":2.13},{"type":"A","date":"2018-05-02T02:57:30.000Z","volume":27500,"label":" ","price":2.13},{"type":"A","date":"2018-05-02T02:58:06.000Z","volume":2500,"label":" ","price":2.14},{"type":"A","date":"2018-05-02T03:00:07.000Z","volume":10000,"label":"Y","price":2.14},{"type":"A","date":"2018-05-02T03:02:46.000Z","volume":2500,"label":" ","price":2.15},{"type":"A","date":"2018-05-02T03:07:02.000Z","volume":5000,"label":" ","price":2.14},{"type":"A","date":"2018-05-02T03:07:44.000Z","volume":10000,"label":" ","price":2.14},{"type":"A","date":"2018-05-02T03:07:44.000Z","volume":15000,"label":" ","price":2.14},{"type":"A","date":"2018-05-02T03:09:21.000Z","volume":75000,"label":" ","price":2.15},{"type":"B","date":"2018-05-02T03:15:54.000Z","volume":5000,"label":" ","price":2.14},{"type":"B","date":"2018-05-02T03:17:29.000Z","volume":5000,"label":" ","price":2.14},{"type":"A","date":"2018-05-02T03:20:05.000Z","volume":5000,"label":" ","price":2.15},{"type":"B","date":"2018-05-02T03:22:20.000Z","volume":10000,"label":" ","price":2.14},{"type":"A","date":"2018-05-02T03:28:59.000Z","volume":47500,"label":" ","price":2.15},{"type":"A","date":"2018-05-02T03:28:59.000Z","volume":77500,"label":" ","price":2.16},{"type":"B","date":"2018-05-02T03:29:16.000Z","volume":5000,"label":" ","price":2.16},{"type":"B","date":"2018-05-02T03:29:16.000Z","volume":95000,"label":" ","price":2.16},{"type":"B","date":"2018-05-02T03:31:16.000Z","volume":75000,"label":" ","price":2.16},{"type":"B","date":"2018-05-02T03:31:16.000Z","volume":27500,"label":" ","price":2.15},{"type":"B","date":"2018-05-02T03:31:16.000Z","volume":2500,"label":" ","price":2.14},{"type":"A","date":"2018-05-02T03:32:34.000Z","volume":40000,"label":" ","price":2.16},{"type":"B","date":"2018-05-02T03:33:13.000Z","volume":110000,"label":" ","price":2.16},{"type":"B","date":"2018-05-02T03:40:02.000Z","volume":5000,"label":" ","price":2.15},{"type":"A","date":"2018-05-02T03:53:19.000Z","volume":2500,"label":" ","price":2.17},{"type":"B","date":"2018-05-02T05:05:10.000Z","volume":15000,"label":" ","price":2.16},{"type":"B","date":"2018-05-02T05:08:23.000Z","volume":15000,"label":" ","price":2.16},{"type":"A","date":"2018-05-02T05:08:26.000Z","volume":20000,"label":" ","price":2.16},{"type":"B","date":"2018-05-02T05:12:26.000Z","volume":5000,"label":" ","price":2.15},{"type":"B","date":"2018-05-02T05:19:01.000Z","volume":7500,"label":" ","price":2.16},{"type":"B","date":"2018-05-02T05:19:25.000Z","volume":5000,"label":" ","price":2.16},{"type":"B","date":"2018-05-02T05:20:04.000Z","volume":10000,"label":" ","price":2.16},{"type":"B","date":"2018-05-02T05:20:54.000Z","volume":7500,"label":" ","price":2.16},{"type":"B","date":"2018-05-02T05:23:28.000Z","volume":5000,"label":" ","price":2.16},{"type":"B","date":"2018-05-02T05:24:09.000Z","volume":2500,"label":" ","price":2.15},{"type":"B","date":"2018-05-02T05:29:06.000Z","volume":5000,"label":" ","price":2.16},{"type":"A","date":"2018-05-02T05:29:47.000Z","volume":12500,"label":" ","price":2.16},{"type":"B","date":"2018-05-02T05:32:11.000Z","volume":7500,"label":" ","price":2.15},{"type":"A","date":"2018-05-02T05:34:58.000Z","volume":5000,"label":" ","price":2.16},{"type":"A","date":"2018-05-02T05:38:11.000Z","volume":7500,"label":" ","price":2.16},{"type":"A","date":"2018-05-02T05:39:09.000Z","volume":10000,"label":" ","price":2.16},{"type":"A","date":"2018-05-02T05:39:23.000Z","volume":2500,"label":" ","price":2.16},{"type":"A","date":"2018-05-02T05:48:05.000Z","volume":17500,"label":" ","price":2.16},{"type":"A","date":"2018-05-02T05:51:20.000Z","volume":2500,"label":" ","price":2.16},{"type":"B","date":"2018-05-02T05:51:24.000Z","volume":27500,"label":" ","price":2.16},{"type":"B","date":"2018-05-02T05:57:53.000Z","volume":2500,"label":" ","price":2.16},{"type":"B","date":"2018-05-02T06:00:24.000Z","volume":5000,"label":" ","price":2.16},{"type":"A","date":"2018-05-02T06:00:28.000Z","volume":17500,"label":" ","price":2.16},{"type":"B","date":"2018-05-02T06:04:12.000Z","volume":7500,"label":" ","price":2.16},{"type":"B","date":"2018-05-02T06:08:06.000Z","volume":5000,"label":" ","price":2.15},{"type":"A","date":"2018-05-02T06:16:30.000Z","volume":30000,"label":" ","price":2.16},{"type":"B","date":"2018-05-02T06:26:34.000Z","volume":2500,"label":" ","price":2.16},{"type":"B","date":"2018-05-02T06:42:46.000Z","volume":10000,"label":" ","price":2.16},{"type":"B","date":"2018-05-02T06:57:56.000Z","volume":5000,"label":" ","price":2.15},{"type":"B","date":"2018-05-02T06:58:06.000Z","volume":10000,"label":" ","price":2.15},{"type":"B","date":"2018-05-02T06:58:06.000Z","volume":30000,"label":" ","price":2.14},{"type":"B","date":"2018-05-02T06:58:06.000Z","volume":12500,"label":" ","price":2.13},{"type":"B","date":"2018-05-02T06:58:06.000Z","volume":145000,"label":" ","price":2.12},{"type":"B","date":"2018-05-02T06:58:06.000Z","volume":25000,"label":" ","price":2.11},{"type":"A","date":"2018-05-02T06:58:10.000Z","volume":2500,"label":" ","price":2.11},{"type":"A","date":"2018-05-02T06:58:16.000Z","volume":2500,"label":" ","price":2.11},{"type":"A","date":"2018-05-02T06:58:19.000Z","volume":1600000,"label":"Y","price":2.11},{"type":"A","date":"2018-05-02T06:58:19.000Z","volume":242500,"label":" ","price":2.11},{"type":"A","date":"2018-05-02T06:58:21.000Z","volume":127500,"label":" ","price":2.11},{"type":"A","date":"2018-05-02T06:58:22.000Z","volume":7500,"label":" ","price":2.11},{"type":"A","date":"2018-05-02T06:58:22.000Z","volume":40000,"label":" ","price":2.11},{"type":"A","date":"2018-05-02T06:58:26.000Z","volume":20000,"label":" ","price":2.11},{"type":"A","date":"2018-05-02T06:58:26.000Z","volume":20000,"label":" ","price":2.11},{"type":"A","date":"2018-05-02T06:58:26.000Z","volume":12500,"label":" ","price":2.11},{"type":"A","date":"2018-05-02T06:58:28.000Z","volume":1102500,"label":"Y","price":2.11},{"type":"B","date":"2018-05-02T07:00:43.000Z","volume":15000,"label":" ","price":2.12},{"type":"B","date":"2018-05-02T07:00:43.000Z","volume":77500,"label":" ","price":2.11},{"type":"A","date":"2018-05-02T07:00:50.000Z","volume":207500,"label":" ","price":2.11},{"type":"A","date":"2018-05-02T07:01:33.000Z","volume":5000,"label":" ","price":2.11},{"type":"A","date":"2018-05-02T07:01:52.000Z","volume":40000,"label":" ","price":2.11},{"type":"A","date":"2018-05-02T07:02:17.000Z","volume":300000,"label":" ","price":2.11},{"type":"A","date":"2018-05-02T07:03:09.000Z","volume":80000,"label":" ","price":2.11},{"type":"B","date":"2018-05-02T07:03:33.000Z","volume":55000,"label":" ","price":2.11},{"type":"A","date":"2018-05-02T07:09:19.000Z","volume":10000,"label":" ","price":2.13},{"type":"A","date":"2018-05-02T07:09:19.000Z","volume":20000,"label":" ","price":2.14},{"type":"B","date":"2018-05-02T07:11:56.000Z","volume":10000,"label":" ","price":2.12},{"type":"B","date":"2018-05-02T07:15:16.000Z","volume":20000,"label":" ","price":2.11},{"type":"B","date":"2018-05-02T07:32:10.000Z","volume":20000,"label":" ","price":2.11},{"type":"B","date":"2018-05-02T07:42:06.000Z","volume":12500,"label":" ","price":2.13},{"type":"A","date":"2018-05-02T07:47:02.000Z","volume":10000,"label":" ","price":2.14},{"type":"A","date":"2018-05-02T07:49:01.000Z","volume":5000,"label":" ","price":2.15},{"type":"A","date":"2018-05-02T07:49:18.000Z","volume":10000,"label":" ","price":2.15},{"type":"A","date":"2018-05-02T07:49:19.000Z","volume":5000,"label":" ","price":2.15},{"type":"B","date":"2018-05-02T07:51:23.000Z","volume":7500,"label":" ","price":2.15},{"type":"A","date":"2018-05-02T07:52:59.000Z","volume":42500,"label":" ","price":2.16},{"type":"A","date":"2018-05-02T07:52:59.000Z","volume":170000,"label":" ","price":2.17},{"type":"A","date":"2018-05-02T07:52:59.000Z","volume":382500,"label":" ","price":2.18},{"type":"A","date":"2018-05-02T07:52:59.000Z","volume":132500,"label":" ","price":2.19},{"type":"A","date":"2018-05-02T07:52:59.000Z","volume":102500,"label":" ","price":2.2},{"type":"B","date":"2018-05-02T07:55:43.000Z","volume":42500,"label":" ","price":2.17},{"type":"B","date":"2018-05-02T07:56:44.000Z","volume":107500,"label":" ","price":2.17}]