[{"type":"U","date":"2018-04-11T01:20:00.000Z","volume":2000,"label":"U","price":2.32},{"type":"B","date":"2018-04-11T02:01:13.000Z","volume":10000,"label":" ","price":2.33},{"type":"B","date":"2018-04-11T02:01:26.000Z","volume":5000,"label":" ","price":2.33},{"type":"B","date":"2018-04-11T02:01:26.000Z","volume":5000,"label":" ","price":2.33},{"type":"B","date":"2018-04-11T02:13:19.000Z","volume":20000,"label":" ","price":2.33},{"type":"B","date":"2018-04-11T02:16:05.000Z","volume":7000,"label":" ","price":2.33},{"type":"B","date":"2018-04-11T02:22:32.000Z","volume":18000,"label":" ","price":2.32},{"type":"A","date":"2018-04-11T02:33:30.000Z","volume":2000,"label":" ","price":2.32},{"type":"A","date":"2018-04-11T02:33:30.000Z","volume":3000,"label":" ","price":2.33},{"type":"B","date":"2018-04-11T02:34:53.000Z","volume":45000,"label":" ","price":2.3},{"type":"A","date":"2018-04-11T02:35:02.000Z","volume":11000,"label":" ","price":2.32},{"type":"A","date":"2018-04-11T02:35:02.000Z","volume":9000,"label":" ","price":2.32},{"type":"A","date":"2018-04-11T03:18:31.000Z","volume":1000,"label":" ","price":2.29},{"type":"B","date":"2018-04-11T03:33:02.000Z","volume":1000,"label":" ","price":2.29},{"type":"A","date":"2018-04-11T03:41:39.000Z","volume":2000,"label":" ","price":2.3},{"type":"B","date":"2018-04-11T03:51:09.000Z","volume":1000,"label":" ","price":2.3},{"type":"B","date":"2018-04-11T05:00:05.000Z","volume":3000,"label":" ","price":2.3},{"type":"A","date":"2018-04-11T05:00:34.000Z","volume":18000,"label":" ","price":2.3},{"type":"A","date":"2018-04-11T05:09:03.000Z","volume":2000,"label":" ","price":2.3},{"type":"B","date":"2018-04-11T05:10:52.000Z","volume":1000,"label":" ","price":2.29},{"type":"A","date":"2018-04-11T05:11:42.000Z","volume":2000,"label":" ","price":2.3},{"type":"B","date":"2018-04-11T05:23:03.000Z","volume":10000,"label":" ","price":2.3},{"type":"B","date":"2018-04-11T05:23:03.000Z","volume":1000,"label":" ","price":2.3},{"type":"B","date":"2018-04-11T05:44:37.000Z","volume":10000,"label":" ","price":2.3},{"type":"B","date":"2018-04-11T06:04:22.000Z","volume":1000,"label":" ","price":2.3},{"type":"B","date":"2018-04-11T06:12:19.000Z","volume":1000,"label":" ","price":2.3},{"type":"B","date":"2018-04-11T06:43:52.000Z","volume":1000,"label":" ","price":2.3},{"type":"B","date":"2018-04-11T06:46:55.000Z","volume":1000,"label":" ","price":2.3},{"type":"B","date":"2018-04-11T06:50:33.000Z","volume":2000,"label":" ","price":2.3},{"type":"B","date":"2018-04-11T07:17:10.000Z","volume":6000,"label":" ","price":2.3},{"type":"B","date":"2018-04-11T07:17:14.000Z","volume":1000,"label":" ","price":2.3},{"type":"B","date":"2018-04-11T07:17:25.000Z","volume":5000,"label":" ","price":2.3},{"type":"B","date":"2018-04-11T07:19:46.000Z","volume":4000,"label":" ","price":2.3},{"type":"B","date":"2018-04-11T07:20:19.000Z","volume":4000,"label":" ","price":2.3},{"type":"B","date":"2018-04-11T07:26:08.000Z","volume":1000,"label":" ","price":2.3},{"type":"B","date":"2018-04-11T07:26:11.000Z","volume":1000,"label":" ","price":2.3},{"type":"B","date":"2018-04-11T07:38:56.000Z","volume":10000,"label":" ","price":2.3},{"type":"B","date":"2018-04-11T07:45:31.000Z","volume":3000,"label":" ","price":2.3},{"type":"B","date":"2018-04-11T07:48:22.000Z","volume":2000,"label":" ","price":2.3}]