[{"type":"A","date":"2018-04-20T01:45:29.000Z","volume":2000,"label":" ","price":3.72},{"type":"A","date":"2018-04-20T01:47:17.000Z","volume":3000,"label":" ","price":3.79},{"type":"A","date":"2018-04-20T01:47:32.000Z","volume":1000,"label":" ","price":3.75},{"type":"A","date":"2018-04-20T01:47:32.000Z","volume":1000,"label":" ","price":3.76},{"type":"B","date":"2018-04-20T02:49:59.000Z","volume":1000,"label":" ","price":3.75},{"type":"B","date":"2018-04-20T02:50:22.000Z","volume":1000,"label":" ","price":3.75},{"type":"B","date":"2018-04-20T02:50:24.000Z","volume":1000,"label":" ","price":3.75},{"type":"B","date":"2018-04-20T02:50:48.000Z","volume":1000,"label":" ","price":3.75},{"type":"B","date":"2018-04-20T02:50:49.000Z","volume":1000,"label":" ","price":3.75},{"type":"A","date":"2018-04-20T02:50:49.000Z","volume":1000,"label":" ","price":3.76},{"type":"B","date":"2018-04-20T02:50:50.000Z","volume":1000,"label":" ","price":3.75},{"type":"B","date":"2018-04-20T02:50:55.000Z","volume":1000,"label":" ","price":3.75},{"type":"B","date":"2018-04-20T02:50:56.000Z","volume":1000,"label":" ","price":3.75},{"type":"B","date":"2018-04-20T03:01:04.000Z","volume":1000,"label":" ","price":3.75},{"type":"B","date":"2018-04-20T03:01:04.000Z","volume":1000,"label":" ","price":3.75},{"type":"A","date":"2018-04-20T03:01:05.000Z","volume":1000,"label":" ","price":3.76},{"type":"B","date":"2018-04-20T03:01:05.000Z","volume":1000,"label":" ","price":3.75},{"type":"B","date":"2018-04-20T03:03:37.000Z","volume":1000,"label":" ","price":3.75},{"type":"B","date":"2018-04-20T03:03:40.000Z","volume":1000,"label":" ","price":3.74},{"type":"B","date":"2018-04-20T03:05:28.000Z","volume":1000,"label":" ","price":3.74},{"type":"B","date":"2018-04-20T03:05:29.000Z","volume":1000,"label":" ","price":3.74},{"type":"B","date":"2018-04-20T03:33:07.000Z","volume":1000,"label":" ","price":3.74},{"type":"B","date":"2018-04-20T03:33:07.000Z","volume":1000,"label":" ","price":3.74},{"type":"B","date":"2018-04-20T03:33:08.000Z","volume":2000,"label":" ","price":3.74},{"type":"B","date":"2018-04-20T03:33:08.000Z","volume":2000,"label":" ","price":3.74},{"type":"B","date":"2018-04-20T03:33:10.000Z","volume":2000,"label":" ","price":3.74},{"type":"A","date":"2018-04-20T03:33:11.000Z","volume":1000,"label":" ","price":3.75},{"type":"B","date":"2018-04-20T03:33:12.000Z","volume":1000,"label":" ","price":3.74},{"type":"B","date":"2018-04-20T03:33:18.000Z","volume":1000,"label":" ","price":3.74},{"type":"B","date":"2018-04-20T03:33:21.000Z","volume":1000,"label":" ","price":3.74},{"type":"B","date":"2018-04-20T05:00:47.000Z","volume":2000,"label":" ","price":3.74},{"type":"A","date":"2018-04-20T05:00:49.000Z","volume":1000,"label":" ","price":3.75},{"type":"B","date":"2018-04-20T05:00:49.000Z","volume":3000,"label":" ","price":3.74},{"type":"B","date":"2018-04-20T05:01:02.000Z","volume":1000,"label":" ","price":3.74},{"type":"A","date":"2018-04-20T05:01:02.000Z","volume":1000,"label":" ","price":3.75},{"type":"B","date":"2018-04-20T05:01:43.000Z","volume":1000,"label":" ","price":3.74},{"type":"B","date":"2018-04-20T05:01:43.000Z","volume":1000,"label":" ","price":3.74},{"type":"B","date":"2018-04-20T05:02:48.000Z","volume":4000,"label":" ","price":3.74},{"type":"B","date":"2018-04-20T05:02:48.000Z","volume":3000,"label":" ","price":3.74},{"type":"B","date":"2018-04-20T05:02:50.000Z","volume":1000,"label":" ","price":3.73},{"type":"B","date":"2018-04-20T05:03:32.000Z","volume":1000,"label":" ","price":3.72},{"type":"B","date":"2018-04-20T05:03:32.000Z","volume":1000,"label":" ","price":3.72},{"type":"B","date":"2018-04-20T05:06:03.000Z","volume":1000,"label":" ","price":3.71},{"type":"B","date":"2018-04-20T05:06:04.000Z","volume":1000,"label":" ","price":3.71},{"type":"B","date":"2018-04-20T05:06:12.000Z","volume":1000,"label":" ","price":3.71},{"type":"A","date":"2018-04-20T05:06:12.000Z","volume":1000,"label":" ","price":3.71},{"type":"A","date":"2018-04-20T05:06:17.000Z","volume":1000,"label":" ","price":3.71},{"type":"A","date":"2018-04-20T05:06:19.000Z","volume":1000,"label":" ","price":3.71},{"type":"A","date":"2018-04-20T05:06:32.000Z","volume":1000,"label":" ","price":3.71},{"type":"A","date":"2018-04-20T05:06:33.000Z","volume":1000,"label":" ","price":3.71},{"type":"A","date":"2018-04-20T05:06:34.000Z","volume":2000,"label":" ","price":3.72},{"type":"B","date":"2018-04-20T05:13:14.000Z","volume":1000,"label":" ","price":3.72},{"type":"B","date":"2018-04-20T05:13:15.000Z","volume":1000,"label":" ","price":3.72},{"type":"B","date":"2018-04-20T05:25:11.000Z","volume":1000,"label":" ","price":3.72},{"type":"B","date":"2018-04-20T05:25:12.000Z","volume":1000,"label":" ","price":3.72},{"type":"B","date":"2018-04-20T05:25:17.000Z","volume":1000,"label":" ","price":3.72},{"type":"B","date":"2018-04-20T05:25:17.000Z","volume":1000,"label":" ","price":3.72},{"type":"B","date":"2018-04-20T05:30:34.000Z","volume":1000,"label":" ","price":3.72},{"type":"B","date":"2018-04-20T05:30:37.000Z","volume":1000,"label":" ","price":3.72},{"type":"B","date":"2018-04-20T05:30:37.000Z","volume":1000,"label":" ","price":3.72},{"type":"B","date":"2018-04-20T05:30:39.000Z","volume":1000,"label":" ","price":3.72},{"type":"B","date":"2018-04-20T05:37:02.000Z","volume":1000,"label":" ","price":3.71},{"type":"B","date":"2018-04-20T05:37:05.000Z","volume":1000,"label":" ","price":3.71},{"type":"B","date":"2018-04-20T05:39:29.000Z","volume":1000,"label":" ","price":3.71},{"type":"B","date":"2018-04-20T05:39:32.000Z","volume":1000,"label":" ","price":3.71},{"type":"B","date":"2018-04-20T05:39:47.000Z","volume":1000,"label":" ","price":3.71},{"type":"B","date":"2018-04-20T05:39:48.000Z","volume":1000,"label":" ","price":3.71},{"type":"B","date":"2018-04-20T05:46:27.000Z","volume":1000,"label":" ","price":3.71},{"type":"B","date":"2018-04-20T05:46:29.000Z","volume":1000,"label":" ","price":3.71},{"type":"B","date":"2018-04-20T05:57:02.000Z","volume":1000,"label":" ","price":3.71},{"type":"B","date":"2018-04-20T05:57:04.000Z","volume":1000,"label":" ","price":3.71},{"type":"B","date":"2018-04-20T06:07:26.000Z","volume":1000,"label":" ","price":3.71},{"type":"B","date":"2018-04-20T06:07:26.000Z","volume":1000,"label":" ","price":3.71},{"type":"B","date":"2018-04-20T06:11:46.000Z","volume":1000,"label":" ","price":3.71},{"type":"B","date":"2018-04-20T06:11:47.000Z","volume":1000,"label":" ","price":3.71},{"type":"B","date":"2018-04-20T06:11:51.000Z","volume":2000,"label":" ","price":3.71},{"type":"A","date":"2018-04-20T06:13:00.000Z","volume":2000,"label":"Y","price":3.72},{"type":"A","date":"2018-04-20T06:13:00.000Z","volume":3000,"label":" ","price":3.72},{"type":"B","date":"2018-04-20T06:13:00.000Z","volume":3000,"label":" ","price":3.71},{"type":"B","date":"2018-04-20T06:13:01.000Z","volume":1000,"label":" ","price":3.71},{"type":"A","date":"2018-04-20T06:13:02.000Z","volume":2000,"label":" ","price":3.72},{"type":"B","date":"2018-04-20T06:13:03.000Z","volume":1000,"label":" ","price":3.72},{"type":"A","date":"2018-04-20T06:13:16.000Z","volume":5000,"label":" ","price":3.76},{"type":"B","date":"2018-04-20T06:21:35.000Z","volume":1000,"label":" ","price":3.72},{"type":"B","date":"2018-04-20T06:22:55.000Z","volume":1000,"label":" ","price":3.72},{"type":"B","date":"2018-04-20T06:24:33.000Z","volume":1000,"label":" ","price":3.72},{"type":"B","date":"2018-04-20T06:30:01.000Z","volume":1000,"label":" ","price":3.72},{"type":"B","date":"2018-04-20T06:30:04.000Z","volume":1000,"label":" ","price":3.72},{"type":"B","date":"2018-04-20T06:30:04.000Z","volume":1000,"label":" ","price":3.72},{"type":"B","date":"2018-04-20T06:32:00.000Z","volume":1000,"label":" ","price":3.72},{"type":"B","date":"2018-04-20T06:37:46.000Z","volume":1000,"label":" ","price":3.71},{"type":"B","date":"2018-04-20T06:37:50.000Z","volume":1000,"label":" ","price":3.71},{"type":"B","date":"2018-04-20T06:40:02.000Z","volume":1000,"label":" ","price":3.71},{"type":"B","date":"2018-04-20T06:40:03.000Z","volume":1000,"label":" ","price":3.71},{"type":"B","date":"2018-04-20T06:42:45.000Z","volume":1000,"label":" ","price":3.71},{"type":"B","date":"2018-04-20T06:42:50.000Z","volume":1000,"label":" ","price":3.71},{"type":"B","date":"2018-04-20T06:44:29.000Z","volume":1000,"label":" ","price":3.71},{"type":"B","date":"2018-04-20T06:44:30.000Z","volume":1000,"label":" ","price":3.71},{"type":"A","date":"2018-04-20T06:46:45.000Z","volume":17000,"label":" ","price":3.72},{"type":"B","date":"2018-04-20T06:46:45.000Z","volume":3000,"label":" ","price":3.72},{"type":"B","date":"2018-04-20T06:46:45.000Z","volume":6000,"label":" ","price":3.71},{"type":"B","date":"2018-04-20T06:53:32.000Z","volume":5000,"label":" ","price":3.71},{"type":"B","date":"2018-04-20T06:55:21.000Z","volume":3000,"label":" ","price":3.71},{"type":"B","date":"2018-04-20T06:55:23.000Z","volume":2000,"label":" ","price":3.71},{"type":"B","date":"2018-04-20T07:03:32.000Z","volume":1000,"label":" ","price":3.71},{"type":"B","date":"2018-04-20T07:03:34.000Z","volume":1000,"label":" ","price":3.71},{"type":"B","date":"2018-04-20T07:16:20.000Z","volume":1000,"label":" ","price":3.71},{"type":"B","date":"2018-04-20T07:16:21.000Z","volume":1000,"label":" ","price":3.71},{"type":"B","date":"2018-04-20T07:17:05.000Z","volume":1000,"label":" ","price":3.71},{"type":"B","date":"2018-04-20T07:17:05.000Z","volume":1000,"label":" ","price":3.71},{"type":"B","date":"2018-04-20T07:18:43.000Z","volume":1000,"label":" ","price":3.71},{"type":"B","date":"2018-04-20T07:18:46.000Z","volume":1000,"label":" ","price":3.71},{"type":"B","date":"2018-04-20T07:24:08.000Z","volume":1000,"label":" ","price":3.71},{"type":"B","date":"2018-04-20T07:24:10.000Z","volume":1000,"label":" ","price":3.71},{"type":"B","date":"2018-04-20T07:24:47.000Z","volume":1000,"label":" ","price":3.71},{"type":"B","date":"2018-04-20T07:24:50.000Z","volume":1000,"label":" ","price":3.71},{"type":"B","date":"2018-04-20T07:28:47.000Z","volume":1000,"label":" ","price":3.71},{"type":"B","date":"2018-04-20T07:28:49.000Z","volume":1000,"label":" ","price":3.71},{"type":"B","date":"2018-04-20T07:29:20.000Z","volume":1000,"label":" ","price":3.71},{"type":"B","date":"2018-04-20T07:29:22.000Z","volume":1000,"label":" ","price":3.71},{"type":"B","date":"2018-04-20T07:32:16.000Z","volume":1000,"label":" ","price":3.71},{"type":"B","date":"2018-04-20T07:32:16.000Z","volume":1000,"label":" ","price":3.71},{"type":"B","date":"2018-04-20T07:40:00.000Z","volume":1000,"label":" ","price":3.71},{"type":"B","date":"2018-04-20T07:40:01.000Z","volume":1000,"label":" ","price":3.71},{"type":"A","date":"2018-04-20T07:40:35.000Z","volume":5000,"label":" ","price":3.72},{"type":"B","date":"2018-04-20T07:40:35.000Z","volume":5000,"label":" ","price":3.71},{"type":"B","date":"2018-04-20T07:50:47.000Z","volume":1000,"label":" ","price":3.71},{"type":"A","date":"2018-04-20T07:50:53.000Z","volume":3000,"label":" ","price":3.72},{"type":"A","date":"2018-04-20T07:55:02.000Z","volume":1000,"label":" ","price":3.72},{"type":"A","date":"2018-04-20T07:55:42.000Z","volume":1000,"label":" ","price":3.73},{"type":"B","date":"2018-04-20T07:55:45.000Z","volume":1000,"label":" ","price":3.72},{"type":"B","date":"2018-04-20T07:55:48.000Z","volume":1000,"label":" ","price":3.72},{"type":"B","date":"2018-04-20T07:55:48.000Z","volume":2000,"label":" ","price":3.72},{"type":"B","date":"2018-04-20T07:56:12.000Z","volume":1000,"label":" ","price":3.72},{"type":"A","date":"2018-04-20T07:56:15.000Z","volume":1000,"label":" ","price":3.73},{"type":"B","date":"2018-04-20T07:56:15.000Z","volume":1000,"label":" ","price":3.72},{"type":"B","date":"2018-04-20T07:56:19.000Z","volume":1000,"label":" ","price":3.72},{"type":"B","date":"2018-04-20T07:56:30.000Z","volume":1000,"label":" ","price":3.72},{"type":"B","date":"2018-04-20T07:56:30.000Z","volume":1000,"label":" ","price":3.72},{"type":"B","date":"2018-04-20T07:56:45.000Z","volume":1000,"label":" ","price":3.72},{"type":"B","date":"2018-04-20T07:56:45.000Z","volume":1000,"label":" ","price":3.72},{"type":"B","date":"2018-04-20T07:57:00.000Z","volume":1000,"label":" ","price":3.72},{"type":"B","date":"2018-04-20T07:57:01.000Z","volume":1000,"label":" ","price":3.72},{"type":"B","date":"2018-04-20T07:57:07.000Z","volume":2000,"label":" ","price":3.72},{"type":"B","date":"2018-04-20T07:57:08.000Z","volume":2000,"label":" ","price":3.72},{"type":"A","date":"2018-04-20T07:57:14.000Z","volume":5000,"label":" ","price":3.73},{"type":"A","date":"2018-04-20T07:57:38.000Z","volume":1000,"label":" ","price":3.74},{"type":"B","date":"2018-04-20T07:58:22.000Z","volume":1000,"label":" ","price":3.72},{"type":"B","date":"2018-04-20T07:58:24.000Z","volume":1000,"label":" ","price":3.72},{"type":"B","date":"2018-04-20T07:58:30.000Z","volume":1000,"label":" ","price":3.72},{"type":"B","date":"2018-04-20T07:58:30.000Z","volume":1000,"label":" ","price":3.73},{"type":"B","date":"2018-04-20T07:58:56.000Z","volume":1000,"label":" ","price":3.73},{"type":"B","date":"2018-04-20T07:58:56.000Z","volume":1000,"label":" ","price":3.73},{"type":"B","date":"2018-04-20T07:59:06.000Z","volume":1000,"label":" ","price":3.73},{"type":"B","date":"2018-04-20T07:59:07.000Z","volume":1000,"label":" ","price":3.73},{"type":"B","date":"2018-04-20T07:59:08.000Z","volume":1000,"label":" ","price":3.73},{"type":"B","date":"2018-04-20T07:59:10.000Z","volume":1000,"label":" ","price":3.73},{"type":"B","date":"2018-04-20T07:59:14.000Z","volume":1000,"label":" ","price":3.73},{"type":"B","date":"2018-04-20T07:59:15.000Z","volume":1000,"label":" ","price":3.73},{"type":"B","date":"2018-04-20T07:59:16.000Z","volume":2000,"label":" ","price":3.73},{"type":"B","date":"2018-04-20T07:59:18.000Z","volume":1000,"label":" ","price":3.73},{"type":"B","date":"2018-04-20T07:59:19.000Z","volume":1000,"label":" ","price":3.73},{"type":"A","date":"2018-04-20T07:59:26.000Z","volume":1000,"label":" ","price":3.74},{"type":"B","date":"2018-04-20T07:59:28.000Z","volume":1000,"label":" ","price":3.73},{"type":"B","date":"2018-04-20T07:59:31.000Z","volume":2000,"label":" ","price":3.73},{"type":"B","date":"2018-04-20T07:59:32.000Z","volume":2000,"label":" ","price":3.73},{"type":"B","date":"2018-04-20T07:59:34.000Z","volume":1000,"label":" ","price":3.73},{"type":"B","date":"2018-04-20T07:59:36.000Z","volume":1000,"label":" ","price":3.73},{"type":"B","date":"2018-04-20T07:59:49.000Z","volume":8000,"label":" ","price":3.73},{"type":"B","date":"2018-04-20T07:59:49.000Z","volume":2000,"label":" ","price":3.73},{"type":"B","date":"2018-04-20T07:59:49.000Z","volume":6000,"label":" ","price":3.72},{"type":"B","date":"2018-04-20T07:59:52.000Z","volume":7000,"label":" ","price":3.72},{"type":"B","date":"2018-04-20T07:59:53.000Z","volume":7000,"label":" ","price":3.72},{"type":"B","date":"2018-04-20T07:59:53.000Z","volume":7000,"label":" ","price":3.72},{"type":"B","date":"2018-04-20T07:59:55.000Z","volume":1000,"label":" ","price":3.73},{"type":"B","date":"2018-04-20T07:59:55.000Z","volume":1000,"label":" ","price":3.73}]