[{"type":"A","date":"2018-03-27T01:30:40.000Z","volume":100,"label":" ","price":14.5},{"type":"B","date":"2018-03-27T01:34:44.000Z","volume":2000,"label":" ","price":14.66},{"type":"B","date":"2018-03-27T01:35:07.000Z","volume":500,"label":" ","price":14.64},{"type":"B","date":"2018-03-27T01:37:14.000Z","volume":3000,"label":" ","price":14.6},{"type":"B","date":"2018-03-27T01:37:56.000Z","volume":800,"label":" ","price":14.54},{"type":"B","date":"2018-03-27T01:39:27.000Z","volume":4200,"label":" ","price":14.54},{"type":"B","date":"2018-03-27T01:39:27.000Z","volume":100,"label":" ","price":14.54},{"type":"B","date":"2018-03-27T01:39:27.000Z","volume":2200,"label":" ","price":14.52},{"type":"B","date":"2018-03-27T01:39:27.000Z","volume":300,"label":" ","price":14.52},{"type":"A","date":"2018-03-27T01:46:51.000Z","volume":1500,"label":" ","price":14.5},{"type":"B","date":"2018-03-27T02:04:36.000Z","volume":1000,"label":" ","price":14.38},{"type":"B","date":"2018-03-27T02:04:36.000Z","volume":2200,"label":" ","price":14.38},{"type":"A","date":"2018-03-27T02:05:05.000Z","volume":500,"label":" ","price":14.38},{"type":"B","date":"2018-03-27T02:12:05.000Z","volume":300,"label":" ","price":14.3},{"type":"A","date":"2018-03-27T02:12:06.000Z","volume":1900,"label":" ","price":14.38},{"type":"B","date":"2018-03-27T02:12:11.000Z","volume":3700,"label":" ","price":14.38},{"type":"B","date":"2018-03-27T02:15:33.000Z","volume":1400,"label":" ","price":14.38},{"type":"B","date":"2018-03-27T02:16:50.000Z","volume":1000,"label":" ","price":14.3},{"type":"B","date":"2018-03-27T02:16:50.000Z","volume":800,"label":" ","price":14.3},{"type":"B","date":"2018-03-27T02:17:07.000Z","volume":100,"label":" ","price":14.3},{"type":"B","date":"2018-03-27T02:20:50.000Z","volume":1000,"label":" ","price":14.3},{"type":"A","date":"2018-03-27T02:42:11.000Z","volume":100,"label":" ","price":14.3},{"type":"A","date":"2018-03-27T02:46:10.000Z","volume":600,"label":" ","price":14.3},{"type":"A","date":"2018-03-27T02:46:10.000Z","volume":200,"label":" ","price":14.32},{"type":"A","date":"2018-03-27T02:46:10.000Z","volume":1200,"label":" ","price":14.34},{"type":"B","date":"2018-03-27T02:49:52.000Z","volume":3500,"label":" ","price":14.18},{"type":"B","date":"2018-03-27T02:51:07.000Z","volume":3500,"label":" ","price":14.14},{"type":"B","date":"2018-03-27T02:51:07.000Z","volume":4800,"label":" ","price":14.12},{"type":"B","date":"2018-03-27T02:51:07.000Z","volume":3200,"label":" ","price":14.1},{"type":"B","date":"2018-03-27T02:52:31.000Z","volume":7100,"label":" ","price":14.1},{"type":"A","date":"2018-03-27T02:52:33.000Z","volume":2000,"label":" ","price":14.1},{"type":"A","date":"2018-03-27T02:52:33.000Z","volume":900,"label":" ","price":14.1},{"type":"B","date":"2018-03-27T02:52:37.000Z","volume":100,"label":" ","price":14.1},{"type":"B","date":"2018-03-27T02:53:39.000Z","volume":3000,"label":" ","price":14.08},{"type":"B","date":"2018-03-27T02:53:39.000Z","volume":300,"label":" ","price":14.04},{"type":"B","date":"2018-03-27T02:53:39.000Z","volume":3500,"label":" ","price":14.02},{"type":"B","date":"2018-03-27T02:53:39.000Z","volume":3200,"label":" ","price":14},{"type":"B","date":"2018-03-27T02:57:08.000Z","volume":100,"label":" ","price":14},{"type":"B","date":"2018-03-27T03:01:22.000Z","volume":4200,"label":" ","price":14},{"type":"B","date":"2018-03-27T03:02:08.000Z","volume":2400,"label":" ","price":14},{"type":"B","date":"2018-03-27T03:02:09.000Z","volume":300,"label":"Y","price":14},{"type":"B","date":"2018-03-27T03:05:06.000Z","volume":2600,"label":" ","price":14.02},{"type":"B","date":"2018-03-27T03:05:06.000Z","volume":7400,"label":" ","price":14},{"type":"B","date":"2018-03-27T03:05:35.000Z","volume":200,"label":" ","price":14.04},{"type":"A","date":"2018-03-27T03:05:59.000Z","volume":100,"label":"Y","price":14.2},{"type":"A","date":"2018-03-27T03:05:59.000Z","volume":400,"label":" ","price":14.2},{"type":"A","date":"2018-03-27T03:12:48.000Z","volume":800,"label":" ","price":14.2},{"type":"A","date":"2018-03-27T03:12:48.000Z","volume":500,"label":" ","price":14.22},{"type":"A","date":"2018-03-27T03:12:48.000Z","volume":1300,"label":" ","price":14.28},{"type":"A","date":"2018-03-27T03:12:48.000Z","volume":800,"label":" ","price":14.3},{"type":"A","date":"2018-03-27T03:12:48.000Z","volume":700,"label":" ","price":14.32},{"type":"A","date":"2018-03-27T03:12:48.000Z","volume":600,"label":" ","price":14.34},{"type":"A","date":"2018-03-27T03:12:48.000Z","volume":300,"label":" ","price":14.36},{"type":"A","date":"2018-03-27T03:39:08.000Z","volume":2200,"label":" ","price":14.26},{"type":"A","date":"2018-03-27T03:39:08.000Z","volume":2700,"label":" ","price":14.26},{"type":"A","date":"2018-03-27T03:39:08.000Z","volume":900,"label":" ","price":14.26},{"type":"B","date":"2018-03-27T03:39:08.000Z","volume":200,"label":" ","price":14.26},{"type":"B","date":"2018-03-27T03:39:10.000Z","volume":100,"label":" ","price":14.12},{"type":"A","date":"2018-03-27T03:42:07.000Z","volume":2700,"label":" ","price":14.26},{"type":"A","date":"2018-03-27T03:42:07.000Z","volume":2500,"label":" ","price":14.28},{"type":"A","date":"2018-03-27T03:42:07.000Z","volume":2700,"label":" ","price":14.3},{"type":"A","date":"2018-03-27T03:42:07.000Z","volume":2000,"label":" ","price":14.32},{"type":"A","date":"2018-03-27T03:42:07.000Z","volume":2000,"label":" ","price":14.34},{"type":"B","date":"2018-03-27T03:42:07.000Z","volume":2400,"label":" ","price":14.34},{"type":"B","date":"2018-03-27T03:42:07.000Z","volume":100,"label":" ","price":14.34},{"type":"B","date":"2018-03-27T03:42:07.000Z","volume":5600,"label":" ","price":14.34},{"type":"A","date":"2018-03-27T03:42:20.000Z","volume":13000,"label":" ","price":14.3},{"type":"A","date":"2018-03-27T03:42:32.000Z","volume":1100,"label":" ","price":14.32},{"type":"A","date":"2018-03-27T03:42:32.000Z","volume":600,"label":" ","price":14.34},{"type":"A","date":"2018-03-27T03:42:32.000Z","volume":200,"label":" ","price":14.36},{"type":"A","date":"2018-03-27T03:42:32.000Z","volume":100,"label":" ","price":14.36},{"type":"A","date":"2018-03-27T03:42:42.000Z","volume":3000,"label":" ","price":14.4},{"type":"A","date":"2018-03-27T03:43:01.000Z","volume":100,"label":" ","price":14.5},{"type":"A","date":"2018-03-27T03:51:06.000Z","volume":400,"label":" ","price":14.3},{"type":"A","date":"2018-03-27T03:51:12.000Z","volume":700,"label":" ","price":14.3},{"type":"A","date":"2018-03-27T03:51:25.000Z","volume":300,"label":" ","price":14.3},{"type":"A","date":"2018-03-27T03:51:29.000Z","volume":300,"label":" ","price":14.3},{"type":"A","date":"2018-03-27T03:51:37.000Z","volume":300,"label":" ","price":14.3},{"type":"A","date":"2018-03-27T03:51:43.000Z","volume":300,"label":" ","price":14.3},{"type":"A","date":"2018-03-27T03:51:51.000Z","volume":100,"label":" ","price":14.48},{"type":"B","date":"2018-03-27T03:54:40.000Z","volume":100,"label":" ","price":14.22},{"type":"B","date":"2018-03-27T03:56:40.000Z","volume":100,"label":" ","price":14.12},{"type":"B","date":"2018-03-27T03:58:10.000Z","volume":100,"label":" ","price":14.14},{"type":"B","date":"2018-03-27T03:59:30.000Z","volume":100,"label":" ","price":14.18},{"type":"A","date":"2018-03-27T05:53:55.000Z","volume":4800,"label":" ","price":14.3},{"type":"A","date":"2018-03-27T05:56:37.000Z","volume":1200,"label":" ","price":14.3},{"type":"A","date":"2018-03-27T05:59:19.000Z","volume":4000,"label":" ","price":14.3},{"type":"B","date":"2018-03-27T05:59:33.000Z","volume":100,"label":" ","price":14.22},{"type":"A","date":"2018-03-27T06:00:09.000Z","volume":50000,"label":" ","price":14.3},{"type":"A","date":"2018-03-27T06:06:14.000Z","volume":2000,"label":" ","price":14.3},{"type":"B","date":"2018-03-27T06:06:14.000Z","volume":200,"label":" ","price":14.3},{"type":"B","date":"2018-03-27T06:06:14.000Z","volume":100,"label":" ","price":14.3},{"type":"B","date":"2018-03-27T06:06:14.000Z","volume":300,"label":" ","price":14.3},{"type":"B","date":"2018-03-27T06:06:14.000Z","volume":400,"label":" ","price":14.3},{"type":"B","date":"2018-03-27T06:06:14.000Z","volume":200,"label":" ","price":14.3},{"type":"B","date":"2018-03-27T06:06:15.000Z","volume":6800,"label":" ","price":14.3},{"type":"A","date":"2018-03-27T06:06:29.000Z","volume":16300,"label":" ","price":14.3},{"type":"B","date":"2018-03-27T06:17:42.000Z","volume":1000,"label":" ","price":14.2},{"type":"B","date":"2018-03-27T06:17:42.000Z","volume":3100,"label":" ","price":14.16},{"type":"B","date":"2018-03-27T06:17:42.000Z","volume":1000,"label":" ","price":14.14},{"type":"B","date":"2018-03-27T06:17:42.000Z","volume":4900,"label":" ","price":14.12},{"type":"B","date":"2018-03-27T06:17:43.000Z","volume":100,"label":" ","price":14.16},{"type":"U","date":"2018-03-27T06:18:13.000Z","volume":100,"label":" ","price":14.16},{"type":"B","date":"2018-03-27T06:20:05.000Z","volume":2500,"label":" ","price":14.16},{"type":"B","date":"2018-03-27T06:20:05.000Z","volume":2400,"label":" ","price":14.14},{"type":"B","date":"2018-03-27T06:20:05.000Z","volume":300,"label":" ","price":14.12},{"type":"B","date":"2018-03-27T06:20:05.000Z","volume":4800,"label":" ","price":14.1},{"type":"B","date":"2018-03-27T06:28:04.000Z","volume":100,"label":"Y","price":14.16},{"type":"B","date":"2018-03-27T06:32:04.000Z","volume":100,"label":" ","price":14.12},{"type":"B","date":"2018-03-27T06:35:34.000Z","volume":100,"label":" ","price":14.14},{"type":"B","date":"2018-03-27T06:39:34.000Z","volume":100,"label":" ","price":14.14},{"type":"A","date":"2018-03-27T06:40:22.000Z","volume":200,"label":"Y","price":14.28},{"type":"A","date":"2018-03-27T06:40:22.000Z","volume":1600,"label":" ","price":14.28},{"type":"A","date":"2018-03-27T06:40:22.000Z","volume":100,"label":"Y","price":14.3},{"type":"A","date":"2018-03-27T06:40:22.000Z","volume":26400,"label":" ","price":14.3},{"type":"B","date":"2018-03-27T06:40:22.000Z","volume":100,"label":" ","price":14.3},{"type":"B","date":"2018-03-27T06:57:05.000Z","volume":100,"label":" ","price":14.2},{"type":"B","date":"2018-03-27T07:08:31.000Z","volume":800,"label":" ","price":14.2},{"type":"B","date":"2018-03-27T07:11:35.000Z","volume":100,"label":" ","price":14.12},{"type":"A","date":"2018-03-27T07:15:05.000Z","volume":1300,"label":" ","price":14.2},{"type":"A","date":"2018-03-27T07:15:05.000Z","volume":300,"label":" ","price":14.22},{"type":"A","date":"2018-03-27T07:15:05.000Z","volume":200,"label":" ","price":14.24},{"type":"B","date":"2018-03-27T07:15:05.000Z","volume":400,"label":" ","price":14.24},{"type":"B","date":"2018-03-27T07:17:05.000Z","volume":100,"label":" ","price":14.12},{"type":"A","date":"2018-03-27T07:26:07.000Z","volume":8000,"label":" ","price":14.2},{"type":"A","date":"2018-03-27T07:26:19.000Z","volume":5300,"label":" ","price":14.2},{"type":"B","date":"2018-03-27T07:26:19.000Z","volume":200,"label":" ","price":14.2},{"type":"B","date":"2018-03-27T07:26:19.000Z","volume":200,"label":" ","price":14.2},{"type":"B","date":"2018-03-27T07:26:19.000Z","volume":100,"label":" ","price":14.2},{"type":"B","date":"2018-03-27T07:26:19.000Z","volume":100,"label":" ","price":14.2},{"type":"B","date":"2018-03-27T07:26:19.000Z","volume":100,"label":" ","price":14.2},{"type":"B","date":"2018-03-27T07:26:20.000Z","volume":2000,"label":" ","price":14.2},{"type":"B","date":"2018-03-27T07:26:36.000Z","volume":100,"label":" ","price":14.12},{"type":"A","date":"2018-03-27T07:27:39.000Z","volume":8000,"label":" ","price":14.2},{"type":"B","date":"2018-03-27T07:28:06.000Z","volume":100,"label":" ","price":14.12},{"type":"A","date":"2018-03-27T07:28:13.000Z","volume":12000,"label":" ","price":14.2},{"type":"B","date":"2018-03-27T07:29:36.000Z","volume":100,"label":" ","price":14.12},{"type":"B","date":"2018-03-27T07:45:06.000Z","volume":100,"label":" ","price":14.12},{"type":"B","date":"2018-03-27T07:45:24.000Z","volume":2800,"label":" ","price":14.12},{"type":"B","date":"2018-03-27T07:45:24.000Z","volume":10200,"label":" ","price":14.1},{"type":"A","date":"2018-03-27T07:46:05.000Z","volume":1000,"label":" ","price":14.1},{"type":"B","date":"2018-03-27T07:49:18.000Z","volume":1000,"label":" ","price":14.08},{"type":"B","date":"2018-03-27T07:49:36.000Z","volume":100,"label":" ","price":14.08}]