[{"type":"B","date":"2018-04-26T01:53:10.000Z","volume":1500,"label":" ","price":8.53},{"type":"B","date":"2018-04-26T01:53:10.000Z","volume":1500,"label":" ","price":8.52},{"type":"B","date":"2018-04-26T01:53:53.000Z","volume":1000,"label":" ","price":8.5},{"type":"A","date":"2018-04-26T01:53:53.000Z","volume":500,"label":" ","price":8.52},{"type":"B","date":"2018-04-26T01:56:40.000Z","volume":14500,"label":" ","price":8.5},{"type":"B","date":"2018-04-26T01:56:40.000Z","volume":3500,"label":" ","price":8.49},{"type":"A","date":"2018-04-26T01:56:41.000Z","volume":500,"label":" ","price":8.51},{"type":"U","date":"2018-04-26T01:58:31.000Z","volume":24,"label":"D","price":8.38},{"type":"U","date":"2018-04-26T02:09:20.000Z","volume":1000,"label":" ","price":8.47},{"type":"A","date":"2018-04-26T02:10:00.000Z","volume":20000,"label":" ","price":8.5},{"type":"A","date":"2018-04-26T02:10:00.000Z","volume":8500,"label":" ","price":8.53},{"type":"A","date":"2018-04-26T02:10:00.000Z","volume":1500,"label":" ","price":8.5},{"type":"A","date":"2018-04-26T02:10:01.000Z","volume":500,"label":"Y","price":8.59},{"type":"A","date":"2018-04-26T02:11:22.000Z","volume":500,"label":" ","price":8.59},{"type":"U","date":"2018-04-26T02:12:00.000Z","volume":1000,"label":" ","price":8.58},{"type":"U","date":"2018-04-26T02:12:00.000Z","volume":500,"label":" ","price":8.58},{"type":"B","date":"2018-04-26T02:12:06.000Z","volume":2000,"label":" ","price":8.57},{"type":"B","date":"2018-04-26T02:14:27.000Z","volume":4000,"label":" ","price":8.56},{"type":"B","date":"2018-04-26T02:14:27.000Z","volume":1000,"label":" ","price":8.55},{"type":"B","date":"2018-04-26T02:14:27.000Z","volume":1000,"label":" ","price":8.52},{"type":"B","date":"2018-04-26T02:14:27.000Z","volume":5500,"label":" ","price":8.52},{"type":"U","date":"2018-04-26T02:14:27.000Z","volume":1000,"label":" ","price":8.53},{"type":"B","date":"2018-04-26T02:14:37.000Z","volume":2500,"label":" ","price":8.52},{"type":"B","date":"2018-04-26T02:16:41.000Z","volume":2000,"label":" ","price":8.52},{"type":"B","date":"2018-04-26T02:19:55.000Z","volume":1500,"label":" ","price":8.51},{"type":"B","date":"2018-04-26T02:19:55.000Z","volume":500,"label":" ","price":8.51},{"type":"B","date":"2018-04-26T02:23:05.000Z","volume":4500,"label":" ","price":8.51},{"type":"B","date":"2018-04-26T02:23:05.000Z","volume":500,"label":" ","price":8.5},{"type":"B","date":"2018-04-26T02:23:05.000Z","volume":1500,"label":" ","price":8.49},{"type":"B","date":"2018-04-26T02:23:05.000Z","volume":5500,"label":" ","price":8.48},{"type":"B","date":"2018-04-26T02:23:06.000Z","volume":1500,"label":" ","price":8.52},{"type":"B","date":"2018-04-26T02:23:15.000Z","volume":1500,"label":" ","price":8.5},{"type":"B","date":"2018-04-26T02:23:15.000Z","volume":500,"label":" ","price":8.5},{"type":"B","date":"2018-04-26T02:28:08.000Z","volume":3000,"label":" ","price":8.49},{"type":"B","date":"2018-04-26T02:29:21.000Z","volume":1000,"label":" ","price":8.48},{"type":"B","date":"2018-04-26T02:29:21.000Z","volume":1500,"label":"Y","price":8.48},{"type":"B","date":"2018-04-26T02:29:21.000Z","volume":22000,"label":" ","price":8.48},{"type":"B","date":"2018-04-26T02:29:21.000Z","volume":2000,"label":" ","price":8.41},{"type":"A","date":"2018-04-26T02:29:21.000Z","volume":1000,"label":"Y","price":8.48},{"type":"A","date":"2018-04-26T02:29:21.000Z","volume":500,"label":" ","price":8.48},{"type":"A","date":"2018-04-26T02:29:21.000Z","volume":500,"label":" ","price":8.48},{"type":"B","date":"2018-04-26T02:29:29.000Z","volume":1000,"label":" ","price":8.42},{"type":"B","date":"2018-04-26T02:29:29.000Z","volume":4000,"label":" ","price":8.41},{"type":"B","date":"2018-04-26T02:29:29.000Z","volume":2000,"label":" ","price":8.41},{"type":"B","date":"2018-04-26T02:29:39.000Z","volume":2000,"label":" ","price":8.41},{"type":"A","date":"2018-04-26T02:30:01.000Z","volume":1500,"label":" ","price":8.48},{"type":"B","date":"2018-04-26T02:30:11.000Z","volume":3500,"label":" ","price":8.41},{"type":"B","date":"2018-04-26T02:31:31.000Z","volume":2500,"label":" ","price":8.41},{"type":"B","date":"2018-04-26T02:36:07.000Z","volume":1000,"label":" ","price":8.42},{"type":"A","date":"2018-04-26T02:37:36.000Z","volume":500,"label":" ","price":8.43},{"type":"A","date":"2018-04-26T02:37:42.000Z","volume":26000,"label":" ","price":8.43},{"type":"A","date":"2018-04-26T02:37:42.000Z","volume":1000,"label":" ","price":8.43},{"type":"A","date":"2018-04-26T02:37:48.000Z","volume":5500,"label":" ","price":8.45},{"type":"A","date":"2018-04-26T02:37:49.000Z","volume":1500,"label":" ","price":8.5},{"type":"A","date":"2018-04-26T02:41:10.000Z","volume":3000,"label":" ","price":8.5},{"type":"A","date":"2018-04-26T02:46:17.000Z","volume":8500,"label":" ","price":8.5},{"type":"A","date":"2018-04-26T02:46:17.000Z","volume":3500,"label":" ","price":8.5},{"type":"U","date":"2018-04-26T02:51:51.000Z","volume":2500,"label":" ","price":8.53},{"type":"B","date":"2018-04-26T02:51:51.000Z","volume":4000,"label":"Y","price":8.52},{"type":"B","date":"2018-04-26T02:51:51.000Z","volume":5000,"label":" ","price":8.52},{"type":"U","date":"2018-04-26T02:51:51.000Z","volume":4500,"label":" ","price":8.53},{"type":"B","date":"2018-04-26T02:51:51.000Z","volume":500,"label":" ","price":8.53},{"type":"U","date":"2018-04-26T02:51:53.000Z","volume":1000,"label":" ","price":8.5},{"type":"B","date":"2018-04-26T02:59:37.000Z","volume":1000,"label":" ","price":8.5},{"type":"B","date":"2018-04-26T02:59:44.000Z","volume":1500,"label":" ","price":8.5},{"type":"A","date":"2018-04-26T02:59:45.000Z","volume":500,"label":" ","price":8.51},{"type":"A","date":"2018-04-26T02:59:45.000Z","volume":1000,"label":" ","price":8.51},{"type":"A","date":"2018-04-26T03:00:33.000Z","volume":16500,"label":" ","price":8.51},{"type":"A","date":"2018-04-26T03:00:33.000Z","volume":1000,"label":" ","price":8.51},{"type":"A","date":"2018-04-26T03:00:35.000Z","volume":2000,"label":" ","price":8.51},{"type":"A","date":"2018-04-26T03:00:35.000Z","volume":4000,"label":" ","price":8.51},{"type":"A","date":"2018-04-26T03:03:40.000Z","volume":1000,"label":" ","price":8.53},{"type":"A","date":"2018-04-26T03:03:40.000Z","volume":6500,"label":" ","price":8.53},{"type":"A","date":"2018-04-26T03:03:40.000Z","volume":3000,"label":" ","price":8.53},{"type":"A","date":"2018-04-26T03:03:40.000Z","volume":1000,"label":" ","price":8.53},{"type":"A","date":"2018-04-26T03:03:43.000Z","volume":500,"label":" ","price":8.56},{"type":"B","date":"2018-04-26T03:10:24.000Z","volume":4000,"label":" ","price":8.54},{"type":"A","date":"2018-04-26T03:18:40.000Z","volume":1000,"label":" ","price":8.56},{"type":"A","date":"2018-04-26T03:19:08.000Z","volume":500,"label":" ","price":8.56},{"type":"A","date":"2018-04-26T03:19:57.000Z","volume":7000,"label":" ","price":8.56},{"type":"U","date":"2018-04-26T03:19:57.000Z","volume":1000,"label":" ","price":8.56},{"type":"A","date":"2018-04-26T03:19:57.000Z","volume":2000,"label":" ","price":8.58},{"type":"B","date":"2018-04-26T03:22:02.000Z","volume":3000,"label":" ","price":8.56},{"type":"B","date":"2018-04-26T03:22:02.000Z","volume":2500,"label":" ","price":8.55},{"type":"B","date":"2018-04-26T03:22:02.000Z","volume":3000,"label":" ","price":8.55},{"type":"A","date":"2018-04-26T03:22:20.000Z","volume":2000,"label":" ","price":8.55},{"type":"A","date":"2018-04-26T03:22:20.000Z","volume":8000,"label":" ","price":8.58},{"type":"U","date":"2018-04-26T03:22:20.000Z","volume":500,"label":" ","price":8.55},{"type":"A","date":"2018-04-26T03:22:22.000Z","volume":500,"label":" ","price":8.58},{"type":"A","date":"2018-04-26T03:24:20.000Z","volume":8000,"label":" ","price":8.58},{"type":"A","date":"2018-04-26T03:24:20.000Z","volume":2000,"label":" ","price":8.58},{"type":"B","date":"2018-04-26T03:24:41.000Z","volume":2500,"label":" ","price":8.57},{"type":"B","date":"2018-04-26T03:29:13.000Z","volume":2000,"label":" ","price":8.57},{"type":"B","date":"2018-04-26T03:29:13.000Z","volume":1500,"label":" ","price":8.56},{"type":"A","date":"2018-04-26T03:32:35.000Z","volume":1000,"label":" ","price":8.56},{"type":"A","date":"2018-04-26T03:36:56.000Z","volume":500,"label":" ","price":8.56},{"type":"A","date":"2018-04-26T03:36:57.000Z","volume":4500,"label":" ","price":8.56},{"type":"U","date":"2018-04-26T03:36:57.000Z","volume":1500,"label":" ","price":8.56},{"type":"U","date":"2018-04-26T03:36:57.000Z","volume":1000,"label":" ","price":8.56},{"type":"A","date":"2018-04-26T03:36:59.000Z","volume":500,"label":" ","price":8.57},{"type":"A","date":"2018-04-26T03:40:53.000Z","volume":1000,"label":" ","price":8.57},{"type":"A","date":"2018-04-26T03:41:40.000Z","volume":1500,"label":" ","price":8.57},{"type":"A","date":"2018-04-26T03:42:14.000Z","volume":1000,"label":" ","price":8.57},{"type":"A","date":"2018-04-26T03:48:36.000Z","volume":500,"label":" ","price":8.57},{"type":"A","date":"2018-04-26T03:48:45.000Z","volume":1000,"label":" ","price":8.57},{"type":"A","date":"2018-04-26T03:49:51.000Z","volume":1500,"label":" ","price":8.57},{"type":"A","date":"2018-04-26T03:52:40.000Z","volume":2000,"label":" ","price":8.57},{"type":"A","date":"2018-04-26T03:55:45.000Z","volume":1500,"label":" ","price":8.57},{"type":"A","date":"2018-04-26T03:57:45.000Z","volume":1500,"label":" ","price":8.57},{"type":"A","date":"2018-04-26T03:58:38.000Z","volume":2000,"label":" ","price":8.57},{"type":"B","date":"2018-04-26T03:59:08.000Z","volume":500,"label":" ","price":8.56},{"type":"A","date":"2018-04-26T05:00:00.000Z","volume":500,"label":" ","price":8.57},{"type":"B","date":"2018-04-26T05:00:00.000Z","volume":2000,"label":" ","price":8.56},{"type":"A","date":"2018-04-26T05:00:01.000Z","volume":1000,"label":" ","price":8.57},{"type":"A","date":"2018-04-26T05:03:20.000Z","volume":500,"label":" ","price":8.57},{"type":"B","date":"2018-04-26T05:04:18.000Z","volume":2500,"label":" ","price":8.56},{"type":"A","date":"2018-04-26T05:04:25.000Z","volume":500,"label":" ","price":8.57},{"type":"B","date":"2018-04-26T05:06:40.000Z","volume":11500,"label":" ","price":8.56},{"type":"B","date":"2018-04-26T05:07:13.000Z","volume":9500,"label":" ","price":8.55},{"type":"B","date":"2018-04-26T05:07:13.000Z","volume":1500,"label":" ","price":8.54},{"type":"U","date":"2018-04-26T05:07:13.000Z","volume":2000,"label":" ","price":8.55},{"type":"U","date":"2018-04-26T05:07:13.000Z","volume":2000,"label":" ","price":8.55},{"type":"B","date":"2018-04-26T05:09:35.000Z","volume":1000,"label":" ","price":8.52},{"type":"B","date":"2018-04-26T05:09:35.000Z","volume":3500,"label":" ","price":8.52},{"type":"B","date":"2018-04-26T05:09:35.000Z","volume":1000,"label":" ","price":8.52},{"type":"B","date":"2018-04-26T05:14:00.000Z","volume":500,"label":" ","price":8.52},{"type":"B","date":"2018-04-26T05:14:00.000Z","volume":3500,"label":" ","price":8.52},{"type":"A","date":"2018-04-26T05:14:02.000Z","volume":500,"label":" ","price":8.54},{"type":"B","date":"2018-04-26T05:14:02.000Z","volume":1000,"label":" ","price":8.52},{"type":"B","date":"2018-04-26T05:16:09.000Z","volume":2500,"label":" ","price":8.52},{"type":"B","date":"2018-04-26T05:16:09.000Z","volume":1000,"label":" ","price":8.52},{"type":"B","date":"2018-04-26T05:16:09.000Z","volume":1500,"label":" ","price":8.52},{"type":"B","date":"2018-04-26T05:17:08.000Z","volume":5000,"label":" ","price":8.51},{"type":"B","date":"2018-04-26T05:17:08.000Z","volume":1000,"label":" ","price":8.5},{"type":"B","date":"2018-04-26T05:17:08.000Z","volume":500,"label":" ","price":8.5},{"type":"A","date":"2018-04-26T05:17:10.000Z","volume":500,"label":"Y","price":8.5},{"type":"B","date":"2018-04-26T05:17:15.000Z","volume":500,"label":" ","price":8.45},{"type":"B","date":"2018-04-26T05:17:15.000Z","volume":500,"label":" ","price":8.44},{"type":"B","date":"2018-04-26T05:17:15.000Z","volume":1000,"label":" ","price":8.44},{"type":"A","date":"2018-04-26T05:18:02.000Z","volume":500,"label":" ","price":8.47},{"type":"A","date":"2018-04-26T05:19:41.000Z","volume":21000,"label":" ","price":8.47},{"type":"A","date":"2018-04-26T05:19:41.000Z","volume":1500,"label":" ","price":8.48},{"type":"B","date":"2018-04-26T05:19:41.000Z","volume":8500,"label":" ","price":8.47},{"type":"A","date":"2018-04-26T05:19:41.000Z","volume":500,"label":"Y","price":8.57},{"type":"B","date":"2018-04-26T05:21:56.000Z","volume":2500,"label":" ","price":8.48},{"type":"B","date":"2018-04-26T05:21:56.000Z","volume":3000,"label":" ","price":8.48},{"type":"B","date":"2018-04-26T05:30:08.000Z","volume":1500,"label":" ","price":8.48},{"type":"B","date":"2018-04-26T05:30:08.000Z","volume":2500,"label":" ","price":8.48},{"type":"B","date":"2018-04-26T05:30:55.000Z","volume":2000,"label":" ","price":8.49},{"type":"A","date":"2018-04-26T05:30:57.000Z","volume":500,"label":" ","price":8.51},{"type":"A","date":"2018-04-26T05:31:00.000Z","volume":13500,"label":" ","price":8.51},{"type":"A","date":"2018-04-26T05:38:50.000Z","volume":1000,"label":" ","price":8.5},{"type":"B","date":"2018-04-26T05:39:34.000Z","volume":1500,"label":" ","price":8.49},{"type":"B","date":"2018-04-26T05:40:14.000Z","volume":1000,"label":" ","price":8.49},{"type":"B","date":"2018-04-26T05:41:34.000Z","volume":1000,"label":" ","price":8.49},{"type":"B","date":"2018-04-26T05:42:26.000Z","volume":3500,"label":" ","price":8.49},{"type":"B","date":"2018-04-26T05:43:42.000Z","volume":1500,"label":" ","price":8.48},{"type":"B","date":"2018-04-26T05:44:35.000Z","volume":1500,"label":" ","price":8.48},{"type":"B","date":"2018-04-26T05:44:35.000Z","volume":1500,"label":" ","price":8.48},{"type":"B","date":"2018-04-26T05:47:29.000Z","volume":2000,"label":" ","price":8.47},{"type":"B","date":"2018-04-26T05:49:35.000Z","volume":1500,"label":" ","price":8.47},{"type":"B","date":"2018-04-26T05:51:36.000Z","volume":1500,"label":" ","price":8.47},{"type":"B","date":"2018-04-26T05:51:36.000Z","volume":2000,"label":" ","price":8.47},{"type":"B","date":"2018-04-26T05:54:50.000Z","volume":2000,"label":" ","price":8.46},{"type":"B","date":"2018-04-26T05:54:50.000Z","volume":1500,"label":" ","price":8.46},{"type":"B","date":"2018-04-26T05:58:00.000Z","volume":1500,"label":" ","price":8.46},{"type":"B","date":"2018-04-26T05:58:29.000Z","volume":1500,"label":" ","price":8.45},{"type":"B","date":"2018-04-26T05:58:30.000Z","volume":1500,"label":" ","price":8.45},{"type":"B","date":"2018-04-26T06:01:33.000Z","volume":1000,"label":" ","price":8.42},{"type":"B","date":"2018-04-26T06:01:57.000Z","volume":2000,"label":" ","price":8.42},{"type":"A","date":"2018-04-26T06:02:23.000Z","volume":20500,"label":" ","price":8.45},{"type":"A","date":"2018-04-26T06:02:23.000Z","volume":500,"label":" ","price":8.45},{"type":"A","date":"2018-04-26T06:02:23.000Z","volume":4000,"label":" ","price":8.45},{"type":"A","date":"2018-04-26T06:02:25.000Z","volume":7000,"label":" ","price":8.45},{"type":"A","date":"2018-04-26T06:02:25.000Z","volume":1000,"label":" ","price":8.47},{"type":"B","date":"2018-04-26T06:05:55.000Z","volume":2000,"label":" ","price":8.47},{"type":"B","date":"2018-04-26T06:05:55.000Z","volume":1000,"label":" ","price":8.47},{"type":"B","date":"2018-04-26T06:06:04.000Z","volume":1000,"label":" ","price":8.47},{"type":"B","date":"2018-04-26T06:06:04.000Z","volume":2500,"label":" ","price":8.46},{"type":"A","date":"2018-04-26T06:06:04.000Z","volume":500,"label":" ","price":8.46},{"type":"B","date":"2018-04-26T06:07:33.000Z","volume":4000,"label":" ","price":8.44},{"type":"B","date":"2018-04-26T06:07:33.000Z","volume":16000,"label":" ","price":8.43},{"type":"B","date":"2018-04-26T06:07:52.000Z","volume":500,"label":" ","price":8.44},{"type":"B","date":"2018-04-26T06:09:30.000Z","volume":1000,"label":" ","price":8.44},{"type":"A","date":"2018-04-26T06:09:30.000Z","volume":1000,"label":" ","price":8.46},{"type":"B","date":"2018-04-26T06:09:33.000Z","volume":10000,"label":" ","price":8.43},{"type":"B","date":"2018-04-26T06:09:33.000Z","volume":1500,"label":" ","price":8.43},{"type":"B","date":"2018-04-26T06:09:42.000Z","volume":27000,"label":" ","price":8.43},{"type":"B","date":"2018-04-26T06:09:42.000Z","volume":7000,"label":" ","price":8.42},{"type":"B","date":"2018-04-26T06:09:42.000Z","volume":500,"label":" ","price":8.42},{"type":"A","date":"2018-04-26T06:09:42.000Z","volume":500,"label":" ","price":8.43},{"type":"A","date":"2018-04-26T06:09:42.000Z","volume":1000,"label":" ","price":8.43},{"type":"B","date":"2018-04-26T06:09:43.000Z","volume":11500,"label":" ","price":8.41},{"type":"B","date":"2018-04-26T06:09:43.000Z","volume":3500,"label":" ","price":8.41},{"type":"A","date":"2018-04-26T06:09:44.000Z","volume":1000,"label":" ","price":8.43},{"type":"B","date":"2018-04-26T06:09:53.000Z","volume":1000,"label":" ","price":8.41},{"type":"B","date":"2018-04-26T06:10:36.000Z","volume":1000,"label":" ","price":8.41},{"type":"B","date":"2018-04-26T06:10:36.000Z","volume":9000,"label":" ","price":8.4},{"type":"B","date":"2018-04-26T06:10:36.000Z","volume":1500,"label":" ","price":8.4},{"type":"B","date":"2018-04-26T06:10:36.000Z","volume":2000,"label":" ","price":8.4},{"type":"B","date":"2018-04-26T06:10:36.000Z","volume":3500,"label":" ","price":8.4},{"type":"A","date":"2018-04-26T06:10:36.000Z","volume":500,"label":" ","price":8.43},{"type":"A","date":"2018-04-26T06:10:37.000Z","volume":500,"label":" ","price":8.43},{"type":"A","date":"2018-04-26T06:10:37.000Z","volume":500,"label":" ","price":8.43},{"type":"B","date":"2018-04-26T06:13:20.000Z","volume":13500,"label":" ","price":8.39},{"type":"B","date":"2018-04-26T06:13:20.000Z","volume":500,"label":" ","price":8.38},{"type":"B","date":"2018-04-26T06:13:21.000Z","volume":1500,"label":" ","price":8.37},{"type":"A","date":"2018-04-26T06:13:21.000Z","volume":500,"label":" ","price":8.4},{"type":"B","date":"2018-04-26T06:13:21.000Z","volume":4000,"label":" ","price":8.37},{"type":"B","date":"2018-04-26T06:14:26.000Z","volume":3500,"label":" ","price":8.37},{"type":"B","date":"2018-04-26T06:14:26.000Z","volume":10000,"label":" ","price":8.36},{"type":"B","date":"2018-04-26T06:14:26.000Z","volume":500,"label":" ","price":8.36},{"type":"B","date":"2018-04-26T06:14:34.000Z","volume":3000,"label":" ","price":8.35},{"type":"B","date":"2018-04-26T06:14:35.000Z","volume":1000,"label":" ","price":8.35},{"type":"B","date":"2018-04-26T06:16:07.000Z","volume":5000,"label":" ","price":8.35},{"type":"B","date":"2018-04-26T06:16:07.000Z","volume":1000,"label":" ","price":8.35},{"type":"U","date":"2018-04-26T06:16:56.000Z","volume":500,"label":" ","price":8.35},{"type":"B","date":"2018-04-26T06:18:25.000Z","volume":3000,"label":" ","price":8.32},{"type":"U","date":"2018-04-26T06:18:35.000Z","volume":500,"label":"X","price":8.335},{"type":"B","date":"2018-04-26T06:20:08.000Z","volume":1500,"label":" ","price":8.33},{"type":"B","date":"2018-04-26T06:21:32.000Z","volume":4000,"label":" ","price":8.33},{"type":"B","date":"2018-04-26T06:21:32.000Z","volume":1000,"label":" ","price":8.32},{"type":"B","date":"2018-04-26T06:21:32.000Z","volume":4000,"label":" ","price":8.31},{"type":"B","date":"2018-04-26T06:21:32.000Z","volume":1000,"label":" ","price":8.3},{"type":"A","date":"2018-04-26T06:21:36.000Z","volume":10000,"label":" ","price":8.35},{"type":"B","date":"2018-04-26T06:21:36.000Z","volume":5000,"label":" ","price":8.3},{"type":"B","date":"2018-04-26T06:24:45.000Z","volume":2500,"label":"Y","price":8.3},{"type":"B","date":"2018-04-26T06:24:45.000Z","volume":7500,"label":" ","price":8.3},{"type":"B","date":"2018-04-26T06:25:56.000Z","volume":5000,"label":" ","price":8.3},{"type":"B","date":"2018-04-26T06:26:49.000Z","volume":2500,"label":"Y","price":8.3},{"type":"B","date":"2018-04-26T06:26:49.000Z","volume":2500,"label":" ","price":8.3},{"type":"B","date":"2018-04-26T06:28:18.000Z","volume":4000,"label":" ","price":8.3},{"type":"A","date":"2018-04-26T06:30:32.000Z","volume":3000,"label":" ","price":8.3},{"type":"B","date":"2018-04-26T06:32:36.000Z","volume":2000,"label":" ","price":8.29},{"type":"B","date":"2018-04-26T06:33:03.000Z","volume":1000,"label":" ","price":8.29},{"type":"A","date":"2018-04-26T06:34:13.000Z","volume":1000,"label":" ","price":8.29},{"type":"B","date":"2018-04-26T06:34:42.000Z","volume":1000,"label":" ","price":8.28},{"type":"B","date":"2018-04-26T06:36:19.000Z","volume":1000,"label":"Y","price":8.28},{"type":"B","date":"2018-04-26T06:36:19.000Z","volume":2500,"label":" ","price":8.28},{"type":"B","date":"2018-04-26T06:36:24.000Z","volume":500,"label":" ","price":8.27},{"type":"A","date":"2018-04-26T06:36:24.000Z","volume":12000,"label":" ","price":8.28},{"type":"A","date":"2018-04-26T06:36:24.000Z","volume":16000,"label":" ","price":8.28},{"type":"A","date":"2018-04-26T06:36:26.000Z","volume":18500,"label":" ","price":8.29},{"type":"A","date":"2018-04-26T06:36:28.000Z","volume":500,"label":" ","price":8.3},{"type":"A","date":"2018-04-26T06:37:55.000Z","volume":8500,"label":" ","price":8.3},{"type":"A","date":"2018-04-26T06:38:45.000Z","volume":2000,"label":" ","price":8.3},{"type":"A","date":"2018-04-26T06:40:01.000Z","volume":2000,"label":" ","price":8.3},{"type":"A","date":"2018-04-26T06:40:04.000Z","volume":2000,"label":" ","price":8.3},{"type":"A","date":"2018-04-26T06:40:27.000Z","volume":8500,"label":"Y","price":8.3},{"type":"A","date":"2018-04-26T06:40:27.000Z","volume":5500,"label":" ","price":8.3},{"type":"A","date":"2018-04-26T06:40:27.000Z","volume":13500,"label":" ","price":8.3},{"type":"A","date":"2018-04-26T06:40:27.000Z","volume":5500,"label":" ","price":8.31},{"type":"A","date":"2018-04-26T06:40:29.000Z","volume":1000,"label":" ","price":8.34},{"type":"A","date":"2018-04-26T06:47:10.000Z","volume":3000,"label":" ","price":8.34},{"type":"B","date":"2018-04-26T06:47:14.000Z","volume":5000,"label":" ","price":8.33},{"type":"B","date":"2018-04-26T06:47:14.000Z","volume":1500,"label":" ","price":8.32},{"type":"B","date":"2018-04-26T06:47:14.000Z","volume":1500,"label":" ","price":8.33},{"type":"B","date":"2018-04-26T06:48:00.000Z","volume":8500,"label":" ","price":8.32},{"type":"B","date":"2018-04-26T06:48:00.000Z","volume":2000,"label":" ","price":8.31},{"type":"A","date":"2018-04-26T06:48:00.000Z","volume":500,"label":" ","price":8.32},{"type":"B","date":"2018-04-26T06:51:44.000Z","volume":1000,"label":"Y","price":8.27},{"type":"B","date":"2018-04-26T06:51:44.000Z","volume":1000,"label":" ","price":8.27},{"type":"B","date":"2018-04-26T06:51:49.000Z","volume":16500,"label":" ","price":8.26},{"type":"B","date":"2018-04-26T06:51:49.000Z","volume":6500,"label":" ","price":8.26},{"type":"B","date":"2018-04-26T06:51:50.000Z","volume":5000,"label":" ","price":8.26},{"type":"B","date":"2018-04-26T06:51:54.000Z","volume":21000,"label":" ","price":8.26},{"type":"A","date":"2018-04-26T06:51:56.000Z","volume":500,"label":" ","price":8.27},{"type":"B","date":"2018-04-26T06:52:19.000Z","volume":8500,"label":" ","price":8.26},{"type":"A","date":"2018-04-26T06:52:19.000Z","volume":1500,"label":" ","price":8.26},{"type":"A","date":"2018-04-26T06:52:44.000Z","volume":22000,"label":" ","price":8.26},{"type":"A","date":"2018-04-26T06:52:44.000Z","volume":1000,"label":" ","price":8.26},{"type":"A","date":"2018-04-26T06:53:03.000Z","volume":500,"label":" ","price":8.26},{"type":"B","date":"2018-04-26T06:53:07.000Z","volume":2000,"label":" ","price":8.25},{"type":"B","date":"2018-04-26T06:53:43.000Z","volume":1000,"label":" ","price":8.25},{"type":"B","date":"2018-04-26T06:53:49.000Z","volume":2000,"label":" ","price":8.25},{"type":"B","date":"2018-04-26T06:53:55.000Z","volume":5000,"label":" ","price":8.25},{"type":"B","date":"2018-04-26T06:54:41.000Z","volume":3000,"label":" ","price":8.25},{"type":"A","date":"2018-04-26T06:54:48.000Z","volume":3000,"label":" ","price":8.26},{"type":"B","date":"2018-04-26T06:55:27.000Z","volume":6000,"label":" ","price":8.25},{"type":"A","date":"2018-04-26T06:55:38.000Z","volume":5000,"label":" ","price":8.25},{"type":"B","date":"2018-04-26T06:56:21.000Z","volume":2000,"label":" ","price":8.24},{"type":"A","date":"2018-04-26T06:56:21.000Z","volume":1000,"label":" ","price":8.24},{"type":"A","date":"2018-04-26T06:56:35.000Z","volume":1000,"label":" ","price":8.24},{"type":"B","date":"2018-04-26T06:57:14.000Z","volume":1000,"label":" ","price":8.23},{"type":"B","date":"2018-04-26T06:57:44.000Z","volume":2000,"label":" ","price":8.23},{"type":"A","date":"2018-04-26T06:57:44.000Z","volume":500,"label":" ","price":8.23},{"type":"B","date":"2018-04-26T06:58:02.000Z","volume":3000,"label":" ","price":8.22},{"type":"B","date":"2018-04-26T06:58:02.000Z","volume":3500,"label":" ","price":8.22},{"type":"A","date":"2018-04-26T06:58:02.000Z","volume":500,"label":" ","price":8.22},{"type":"A","date":"2018-04-26T06:58:04.000Z","volume":500,"label":" ","price":8.22},{"type":"B","date":"2018-04-26T06:58:08.000Z","volume":2000,"label":"Y","price":8.21},{"type":"B","date":"2018-04-26T06:58:08.000Z","volume":2000,"label":" ","price":8.21},{"type":"A","date":"2018-04-26T06:58:13.000Z","volume":37000,"label":" ","price":8.21},{"type":"U","date":"2018-04-26T06:58:35.000Z","volume":2500,"label":" ","price":8.21},{"type":"B","date":"2018-04-26T06:58:40.000Z","volume":1000,"label":" ","price":8.2},{"type":"B","date":"2018-04-26T06:59:10.000Z","volume":2000,"label":" ","price":8.2},{"type":"B","date":"2018-04-26T06:59:11.000Z","volume":2500,"label":" ","price":8.2},{"type":"B","date":"2018-04-26T06:59:12.000Z","volume":4500,"label":"Y","price":8.2},{"type":"B","date":"2018-04-26T06:59:12.000Z","volume":2500,"label":" ","price":8.2},{"type":"B","date":"2018-04-26T06:59:19.000Z","volume":3500,"label":" ","price":8.2},{"type":"B","date":"2018-04-26T06:59:29.000Z","volume":1000,"label":" ","price":8.2},{"type":"B","date":"2018-04-26T06:59:30.000Z","volume":3500,"label":" ","price":8.2},{"type":"B","date":"2018-04-26T06:59:35.000Z","volume":500,"label":" ","price":8.2},{"type":"B","date":"2018-04-26T06:59:43.000Z","volume":1000,"label":" ","price":8.2},{"type":"A","date":"2018-04-26T06:59:56.000Z","volume":500,"label":" ","price":8.21},{"type":"B","date":"2018-04-26T07:00:03.000Z","volume":1000,"label":" ","price":8.2},{"type":"B","date":"2018-04-26T07:00:08.000Z","volume":19500,"label":" ","price":8.2},{"type":"B","date":"2018-04-26T07:00:08.000Z","volume":4000,"label":" ","price":8.2},{"type":"B","date":"2018-04-26T07:00:35.000Z","volume":1500,"label":" ","price":8.2},{"type":"B","date":"2018-04-26T07:02:05.000Z","volume":1500,"label":" ","price":8.2},{"type":"B","date":"2018-04-26T07:03:19.000Z","volume":2500,"label":" ","price":8.2},{"type":"B","date":"2018-04-26T07:03:56.000Z","volume":1000,"label":" ","price":8.2},{"type":"A","date":"2018-04-26T07:04:35.000Z","volume":20000,"label":" ","price":8.21},{"type":"A","date":"2018-04-26T07:04:35.000Z","volume":5000,"label":" ","price":8.21},{"type":"A","date":"2018-04-26T07:04:35.000Z","volume":5500,"label":" ","price":8.22},{"type":"B","date":"2018-04-26T07:04:35.000Z","volume":2500,"label":" ","price":8.23},{"type":"B","date":"2018-04-26T07:04:35.000Z","volume":4500,"label":" ","price":8.23},{"type":"A","date":"2018-04-26T07:04:36.000Z","volume":500,"label":" ","price":8.27},{"type":"A","date":"2018-04-26T07:05:37.000Z","volume":9500,"label":" ","price":8.26},{"type":"A","date":"2018-04-26T07:06:10.000Z","volume":8000,"label":" ","price":8.26},{"type":"A","date":"2018-04-26T07:06:10.000Z","volume":3000,"label":" ","price":8.26},{"type":"A","date":"2018-04-26T07:06:10.000Z","volume":500,"label":" ","price":8.26},{"type":"A","date":"2018-04-26T07:06:20.000Z","volume":500,"label":" ","price":8.26},{"type":"B","date":"2018-04-26T07:06:25.000Z","volume":11000,"label":" ","price":8.25},{"type":"A","date":"2018-04-26T07:06:25.000Z","volume":500,"label":" ","price":8.25},{"type":"A","date":"2018-04-26T07:06:32.000Z","volume":3000,"label":" ","price":8.25},{"type":"U","date":"2018-04-26T07:06:33.000Z","volume":4000,"label":" ","price":8.25},{"type":"B","date":"2018-04-26T07:07:51.000Z","volume":4500,"label":" ","price":8.25},{"type":"B","date":"2018-04-26T07:08:01.000Z","volume":500,"label":" ","price":8.25},{"type":"B","date":"2018-04-26T07:10:11.000Z","volume":3000,"label":" ","price":8.24},{"type":"A","date":"2018-04-26T07:10:29.000Z","volume":5000,"label":" ","price":8.24},{"type":"A","date":"2018-04-26T07:10:37.000Z","volume":2500,"label":" ","price":8.24},{"type":"B","date":"2018-04-26T07:12:17.000Z","volume":2000,"label":" ","price":8.23},{"type":"A","date":"2018-04-26T07:12:26.000Z","volume":2000,"label":" ","price":8.24},{"type":"A","date":"2018-04-26T07:13:30.000Z","volume":1000,"label":" ","price":8.25},{"type":"U","date":"2018-04-26T07:13:41.000Z","volume":1500,"label":" ","price":8.24},{"type":"U","date":"2018-04-26T07:13:51.000Z","volume":1000,"label":" ","price":8.24},{"type":"U","date":"2018-04-26T07:14:33.000Z","volume":3500,"label":" ","price":8.25},{"type":"A","date":"2018-04-26T07:14:50.000Z","volume":4500,"label":" ","price":8.26},{"type":"B","date":"2018-04-26T07:15:24.000Z","volume":5500,"label":" ","price":8.25},{"type":"A","date":"2018-04-26T07:15:24.000Z","volume":12500,"label":" ","price":8.25},{"type":"A","date":"2018-04-26T07:15:24.000Z","volume":2000,"label":" ","price":8.25},{"type":"A","date":"2018-04-26T07:15:25.000Z","volume":7000,"label":" ","price":8.27},{"type":"B","date":"2018-04-26T07:15:27.000Z","volume":2000,"label":" ","price":8.28},{"type":"A","date":"2018-04-26T07:15:27.000Z","volume":500,"label":" ","price":8.31},{"type":"A","date":"2018-04-26T07:15:56.000Z","volume":3000,"label":" ","price":8.27},{"type":"A","date":"2018-04-26T07:16:18.000Z","volume":5500,"label":" ","price":8.27},{"type":"A","date":"2018-04-26T07:16:38.000Z","volume":4000,"label":" ","price":8.27},{"type":"A","date":"2018-04-26T07:18:29.000Z","volume":2500,"label":" ","price":8.27},{"type":"A","date":"2018-04-26T07:18:30.000Z","volume":1000,"label":" ","price":8.27},{"type":"B","date":"2018-04-26T07:19:09.000Z","volume":2500,"label":" ","price":8.26},{"type":"A","date":"2018-04-26T07:21:28.000Z","volume":3000,"label":" ","price":8.27},{"type":"A","date":"2018-04-26T07:21:33.000Z","volume":500,"label":" ","price":8.29},{"type":"A","date":"2018-04-26T07:21:42.000Z","volume":2500,"label":" ","price":8.29},{"type":"U","date":"2018-04-26T07:21:58.000Z","volume":2500,"label":" ","price":8.28},{"type":"U","date":"2018-04-26T07:22:19.000Z","volume":500,"label":" ","price":8.29},{"type":"A","date":"2018-04-26T07:22:22.000Z","volume":1000,"label":" ","price":8.3},{"type":"A","date":"2018-04-26T07:23:25.000Z","volume":4000,"label":" ","price":8.3},{"type":"B","date":"2018-04-26T07:23:39.000Z","volume":1000,"label":" ","price":8.29},{"type":"B","date":"2018-04-26T07:23:55.000Z","volume":1000,"label":" ","price":8.29},{"type":"B","date":"2018-04-26T07:24:16.000Z","volume":5500,"label":" ","price":8.29},{"type":"A","date":"2018-04-26T07:25:34.000Z","volume":500,"label":" ","price":8.29},{"type":"B","date":"2018-04-26T07:25:38.000Z","volume":3500,"label":" ","price":8.27},{"type":"B","date":"2018-04-26T07:25:38.000Z","volume":2500,"label":" ","price":8.27},{"type":"A","date":"2018-04-26T07:25:38.000Z","volume":16000,"label":" ","price":8.27},{"type":"B","date":"2018-04-26T07:26:08.000Z","volume":6000,"label":" ","price":8.26},{"type":"A","date":"2018-04-26T07:26:15.000Z","volume":500,"label":" ","price":8.29},{"type":"A","date":"2018-04-26T07:26:26.000Z","volume":5000,"label":" ","price":8.29},{"type":"B","date":"2018-04-26T07:26:35.000Z","volume":1500,"label":" ","price":8.29},{"type":"A","date":"2018-04-26T07:26:35.000Z","volume":500,"label":" ","price":8.3},{"type":"A","date":"2018-04-26T07:27:06.000Z","volume":12000,"label":" ","price":8.28},{"type":"A","date":"2018-04-26T07:28:40.000Z","volume":1000,"label":" ","price":8.3},{"type":"U","date":"2018-04-26T07:30:06.000Z","volume":1000,"label":"X","price":8.29},{"type":"A","date":"2018-04-26T07:30:47.000Z","volume":2500,"label":" ","price":8.29},{"type":"A","date":"2018-04-26T07:30:48.000Z","volume":500,"label":" ","price":8.29},{"type":"A","date":"2018-04-26T07:30:50.000Z","volume":1500,"label":" ","price":8.29},{"type":"A","date":"2018-04-26T07:31:31.000Z","volume":12500,"label":" ","price":8.29},{"type":"B","date":"2018-04-26T07:31:47.000Z","volume":2000,"label":" ","price":8.28},{"type":"A","date":"2018-04-26T07:33:49.000Z","volume":2500,"label":" ","price":8.29},{"type":"B","date":"2018-04-26T07:34:05.000Z","volume":3000,"label":" ","price":8.28},{"type":"B","date":"2018-04-26T07:34:22.000Z","volume":1500,"label":" ","price":8.28},{"type":"B","date":"2018-04-26T07:35:04.000Z","volume":1500,"label":" ","price":8.28},{"type":"B","date":"2018-04-26T07:35:05.000Z","volume":2500,"label":" ","price":8.27},{"type":"A","date":"2018-04-26T07:35:05.000Z","volume":1000,"label":" ","price":8.27},{"type":"A","date":"2018-04-26T07:35:05.000Z","volume":1000,"label":" ","price":8.27},{"type":"A","date":"2018-04-26T07:35:34.000Z","volume":11000,"label":" ","price":8.27},{"type":"A","date":"2018-04-26T07:35:38.000Z","volume":7500,"label":" ","price":8.28},{"type":"A","date":"2018-04-26T07:36:35.000Z","volume":1500,"label":" ","price":8.28},{"type":"A","date":"2018-04-26T07:36:35.000Z","volume":500,"label":" ","price":8.28},{"type":"A","date":"2018-04-26T07:36:35.000Z","volume":3500,"label":" ","price":8.29},{"type":"A","date":"2018-04-26T07:36:36.000Z","volume":500,"label":" ","price":8.29},{"type":"B","date":"2018-04-26T07:36:46.000Z","volume":500,"label":" ","price":8.27},{"type":"A","date":"2018-04-26T07:38:01.000Z","volume":2500,"label":" ","price":8.28},{"type":"A","date":"2018-04-26T07:38:40.000Z","volume":6500,"label":" ","price":8.29},{"type":"A","date":"2018-04-26T07:38:45.000Z","volume":1500,"label":" ","price":8.31},{"type":"B","date":"2018-04-26T07:40:08.000Z","volume":500,"label":" ","price":8.3},{"type":"A","date":"2018-04-26T07:40:25.000Z","volume":500,"label":" ","price":8.31},{"type":"U","date":"2018-04-26T07:41:13.000Z","volume":500,"label":"X","price":8.315},{"type":"B","date":"2018-04-26T07:41:23.000Z","volume":1500,"label":" ","price":8.31},{"type":"B","date":"2018-04-26T07:41:37.000Z","volume":5500,"label":" ","price":8.31},{"type":"B","date":"2018-04-26T07:41:45.000Z","volume":1000,"label":" ","price":8.3},{"type":"B","date":"2018-04-26T07:41:49.000Z","volume":1000,"label":" ","price":8.29},{"type":"U","date":"2018-04-26T07:42:30.000Z","volume":1500,"label":" ","price":8.3},{"type":"A","date":"2018-04-26T07:43:31.000Z","volume":1500,"label":" ","price":8.3},{"type":"B","date":"2018-04-26T07:43:51.000Z","volume":500,"label":" ","price":8.29},{"type":"B","date":"2018-04-26T07:43:54.000Z","volume":2000,"label":" ","price":8.29},{"type":"B","date":"2018-04-26T07:44:19.000Z","volume":2500,"label":" ","price":8.29},{"type":"B","date":"2018-04-26T07:44:30.000Z","volume":500,"label":" ","price":8.29},{"type":"B","date":"2018-04-26T07:44:31.000Z","volume":6500,"label":" ","price":8.29},{"type":"B","date":"2018-04-26T07:45:55.000Z","volume":1000,"label":" ","price":8.28},{"type":"U","date":"2018-04-26T07:46:10.000Z","volume":500,"label":" ","price":8.29},{"type":"A","date":"2018-04-26T07:47:05.000Z","volume":1500,"label":" ","price":8.29},{"type":"A","date":"2018-04-26T07:47:05.000Z","volume":14500,"label":" ","price":8.3},{"type":"B","date":"2018-04-26T07:47:22.000Z","volume":1500,"label":" ","price":8.29},{"type":"A","date":"2018-04-26T07:47:30.000Z","volume":500,"label":" ","price":8.3},{"type":"B","date":"2018-04-26T07:48:30.000Z","volume":2000,"label":" ","price":8.29},{"type":"B","date":"2018-04-26T07:49:02.000Z","volume":9500,"label":" ","price":8.29},{"type":"B","date":"2018-04-26T07:49:38.000Z","volume":3000,"label":" ","price":8.29},{"type":"B","date":"2018-04-26T07:49:39.000Z","volume":500,"label":" ","price":8.29},{"type":"B","date":"2018-04-26T07:50:56.000Z","volume":2000,"label":" ","price":8.29},{"type":"B","date":"2018-04-26T07:50:56.000Z","volume":1000,"label":"Y","price":8.29},{"type":"B","date":"2018-04-26T07:50:56.000Z","volume":8000,"label":" ","price":8.29},{"type":"B","date":"2018-04-26T07:50:56.000Z","volume":2000,"label":" ","price":8.29},{"type":"B","date":"2018-04-26T07:50:57.000Z","volume":1000,"label":" ","price":8.29},{"type":"B","date":"2018-04-26T07:51:21.000Z","volume":4000,"label":" ","price":8.29},{"type":"B","date":"2018-04-26T07:53:27.000Z","volume":3000,"label":" ","price":8.29},{"type":"A","date":"2018-04-26T07:53:43.000Z","volume":500,"label":" ","price":8.3},{"type":"A","date":"2018-04-26T07:53:43.000Z","volume":500,"label":" ","price":8.3},{"type":"A","date":"2018-04-26T07:55:05.000Z","volume":1000,"label":" ","price":8.3},{"type":"A","date":"2018-04-26T07:55:10.000Z","volume":500,"label":" ","price":8.3},{"type":"A","date":"2018-04-26T07:55:45.000Z","volume":500,"label":" ","price":8.3},{"type":"A","date":"2018-04-26T07:56:22.000Z","volume":500,"label":" ","price":8.3},{"type":"A","date":"2018-04-26T07:56:22.000Z","volume":1500,"label":" ","price":8.3},{"type":"A","date":"2018-04-26T07:56:23.000Z","volume":2500,"label":" ","price":8.3},{"type":"A","date":"2018-04-26T07:56:23.000Z","volume":500,"label":" ","price":8.31},{"type":"A","date":"2018-04-26T07:57:08.000Z","volume":500,"label":" ","price":8.32},{"type":"A","date":"2018-04-26T07:57:33.000Z","volume":7500,"label":" ","price":8.32},{"type":"A","date":"2018-04-26T07:57:41.000Z","volume":500,"label":" ","price":8.32},{"type":"B","date":"2018-04-26T07:57:53.000Z","volume":3000,"label":" ","price":8.31},{"type":"A","date":"2018-04-26T07:57:53.000Z","volume":1000,"label":" ","price":8.32},{"type":"A","date":"2018-04-26T07:58:05.000Z","volume":500,"label":" ","price":8.32},{"type":"A","date":"2018-04-26T07:58:37.000Z","volume":500,"label":"Y","price":8.32},{"type":"A","date":"2018-04-26T07:58:55.000Z","volume":500,"label":" ","price":8.32},{"type":"A","date":"2018-04-26T07:58:55.000Z","volume":500,"label":" ","price":8.32},{"type":"A","date":"2018-04-26T07:58:57.000Z","volume":500,"label":"Y","price":8.32},{"type":"A","date":"2018-04-26T07:59:01.000Z","volume":500,"label":" ","price":8.32},{"type":"A","date":"2018-04-26T07:59:01.000Z","volume":5500,"label":" ","price":8.32},{"type":"A","date":"2018-04-26T07:59:01.000Z","volume":500,"label":" ","price":8.34},{"type":"B","date":"2018-04-26T07:59:01.000Z","volume":500,"label":" ","price":8.32},{"type":"A","date":"2018-04-26T07:59:05.000Z","volume":1000,"label":" ","price":8.34},{"type":"A","date":"2018-04-26T07:59:05.000Z","volume":4000,"label":" ","price":8.34},{"type":"A","date":"2018-04-26T07:59:05.000Z","volume":500,"label":" ","price":8.34},{"type":"A","date":"2018-04-26T07:59:10.000Z","volume":4000,"label":" ","price":8.35},{"type":"A","date":"2018-04-26T07:59:24.000Z","volume":500,"label":" ","price":8.35},{"type":"A","date":"2018-04-26T07:59:29.000Z","volume":500,"label":" ","price":8.35},{"type":"A","date":"2018-04-26T07:59:34.000Z","volume":2500,"label":" ","price":8.35}]