[{"type":"B","date":"2018-04-09T01:39:15.000Z","volume":1000,"label":"Y","price":3.84},{"type":"U","date":"2018-04-09T01:42:17.000Z","volume":1000,"label":" ","price":3.82},{"type":"A","date":"2018-04-09T01:53:16.000Z","volume":1000,"label":" ","price":3.78},{"type":"A","date":"2018-04-09T03:01:09.000Z","volume":21000,"label":" ","price":3.78},{"type":"A","date":"2018-04-09T03:01:13.000Z","volume":1000,"label":" ","price":3.82},{"type":"A","date":"2018-04-09T03:08:49.000Z","volume":1000,"label":" ","price":3.84},{"type":"B","date":"2018-04-09T03:35:37.000Z","volume":10000,"label":" ","price":3.81},{"type":"A","date":"2018-04-09T03:35:45.000Z","volume":1000,"label":" ","price":3.84},{"type":"A","date":"2018-04-09T05:00:24.000Z","volume":1000,"label":" ","price":3.81},{"type":"B","date":"2018-04-09T05:08:10.000Z","volume":1000,"label":" ","price":3.78},{"type":"B","date":"2018-04-09T05:11:18.000Z","volume":2000,"label":" ","price":3.8},{"type":"B","date":"2018-04-09T05:11:18.000Z","volume":1000,"label":" ","price":3.8},{"type":"B","date":"2018-04-09T05:18:26.000Z","volume":1000,"label":" ","price":3.76},{"type":"B","date":"2018-04-09T05:32:24.000Z","volume":2000,"label":" ","price":3.77},{"type":"B","date":"2018-04-09T05:33:46.000Z","volume":3000,"label":" ","price":3.76},{"type":"A","date":"2018-04-09T05:38:02.000Z","volume":6000,"label":" ","price":3.77},{"type":"B","date":"2018-04-09T05:38:46.000Z","volume":5000,"label":" ","price":3.77},{"type":"B","date":"2018-04-09T05:59:43.000Z","volume":22000,"label":" ","price":3.76},{"type":"B","date":"2018-04-09T06:08:12.000Z","volume":1000,"label":" ","price":3.77},{"type":"U","date":"2018-04-09T06:08:12.000Z","volume":1000,"label":" ","price":3.77},{"type":"B","date":"2018-04-09T06:17:31.000Z","volume":3000,"label":" ","price":3.76},{"type":"A","date":"2018-04-09T06:29:28.000Z","volume":8000,"label":" ","price":3.8},{"type":"A","date":"2018-04-09T06:56:22.000Z","volume":1000,"label":" ","price":3.77},{"type":"B","date":"2018-04-09T07:17:47.000Z","volume":1000,"label":" ","price":3.77},{"type":"B","date":"2018-04-09T07:20:34.000Z","volume":1000,"label":" ","price":3.76},{"type":"B","date":"2018-04-09T07:20:48.000Z","volume":1000,"label":" ","price":3.76},{"type":"A","date":"2018-04-09T07:25:02.000Z","volume":5000,"label":" ","price":3.77},{"type":"B","date":"2018-04-09T07:25:07.000Z","volume":1000,"label":" ","price":3.76},{"type":"A","date":"2018-04-09T07:40:23.000Z","volume":24000,"label":" ","price":3.77},{"type":"B","date":"2018-04-09T07:40:23.000Z","volume":2000,"label":" ","price":3.77},{"type":"A","date":"2018-04-09T07:44:30.000Z","volume":7000,"label":" ","price":3.8},{"type":"A","date":"2018-04-09T07:44:30.000Z","volume":1000,"label":" ","price":3.8},{"type":"B","date":"2018-04-09T07:44:48.000Z","volume":2000,"label":" ","price":3.8},{"type":"B","date":"2018-04-09T07:44:51.000Z","volume":1000,"label":"Y","price":3.77},{"type":"B","date":"2018-04-09T07:56:16.000Z","volume":1000,"label":" ","price":3.78},{"type":"B","date":"2018-04-09T07:58:00.000Z","volume":1000,"label":" ","price":3.78},{"type":"A","date":"2018-04-09T07:59:34.000Z","volume":1000,"label":" ","price":3.81},{"type":"A","date":"2018-04-09T07:59:44.000Z","volume":1000,"label":" ","price":3.81}]