[{"type":"U","date":"2018-03-28T01:05:00.000Z","volume":44150,"label":"P","price":9.044},{"type":"U","date":"2018-03-28T01:05:00.000Z","volume":44100,"label":"P","price":9.044},{"type":"U","date":"2018-03-28T01:05:00.000Z","volume":466500,"label":"P","price":9.047},{"type":"U","date":"2018-03-28T01:05:00.000Z","volume":396900,"label":"P","price":9.045},{"type":"U","date":"2018-03-28T01:05:00.000Z","volume":311000,"label":"P","price":9.048},{"type":"U","date":"2018-03-28T01:05:00.000Z","volume":397350,"label":"P","price":9.045},{"type":"B","date":"2018-03-28T01:30:35.000Z","volume":2500,"label":" ","price":9.08},{"type":"B","date":"2018-03-28T01:30:35.000Z","volume":500,"label":" ","price":9.07},{"type":"A","date":"2018-03-28T01:30:41.000Z","volume":500,"label":" ","price":9.12},{"type":"A","date":"2018-03-28T01:30:47.000Z","volume":27000,"label":" ","price":9.12},{"type":"A","date":"2018-03-28T01:30:59.000Z","volume":1000,"label":" ","price":9.18},{"type":"B","date":"2018-03-28T01:30:59.000Z","volume":2500,"label":" ","price":9.17},{"type":"U","date":"2018-03-28T01:31:01.000Z","volume":2500,"label":" ","price":9.18},{"type":"A","date":"2018-03-28T01:31:02.000Z","volume":21000,"label":" ","price":9.2},{"type":"A","date":"2018-03-28T01:31:07.000Z","volume":500,"label":" ","price":9.22},{"type":"A","date":"2018-03-28T01:31:12.000Z","volume":7000,"label":" ","price":9.22},{"type":"B","date":"2018-03-28T01:31:24.000Z","volume":5000,"label":" ","price":9.21},{"type":"A","date":"2018-03-28T01:31:24.000Z","volume":500,"label":" ","price":9.22},{"type":"A","date":"2018-03-28T01:31:24.000Z","volume":2500,"label":" ","price":9.22},{"type":"U","date":"2018-03-28T01:31:25.000Z","volume":2000,"label":" ","price":9.24},{"type":"B","date":"2018-03-28T01:31:29.000Z","volume":4500,"label":" ","price":9.2},{"type":"U","date":"2018-03-28T01:31:29.000Z","volume":500,"label":" ","price":9.24},{"type":"B","date":"2018-03-28T01:32:03.000Z","volume":3000,"label":" ","price":9.18},{"type":"B","date":"2018-03-28T01:32:04.000Z","volume":1500,"label":" ","price":9.22},{"type":"B","date":"2018-03-28T01:32:06.000Z","volume":1500,"label":" ","price":9.21},{"type":"B","date":"2018-03-28T01:32:38.000Z","volume":500,"label":" ","price":9.15},{"type":"U","date":"2018-03-28T01:32:43.000Z","volume":500,"label":" ","price":9.17},{"type":"A","date":"2018-03-28T01:32:43.000Z","volume":4000,"label":" ","price":9.2},{"type":"B","date":"2018-03-28T01:32:47.000Z","volume":500,"label":" ","price":9.18},{"type":"B","date":"2018-03-28T01:33:25.000Z","volume":500,"label":"Y","price":9.13},{"type":"B","date":"2018-03-28T01:33:25.000Z","volume":500,"label":" ","price":9.13},{"type":"B","date":"2018-03-28T01:33:25.000Z","volume":500,"label":" ","price":9.13},{"type":"B","date":"2018-03-28T01:33:25.000Z","volume":500,"label":" ","price":9.13},{"type":"B","date":"2018-03-28T01:33:25.000Z","volume":4500,"label":" ","price":9.12},{"type":"A","date":"2018-03-28T01:33:26.000Z","volume":500,"label":" ","price":9.15},{"type":"B","date":"2018-03-28T01:33:27.000Z","volume":1500,"label":" ","price":9.14},{"type":"A","date":"2018-03-28T01:33:27.000Z","volume":500,"label":" ","price":9.15},{"type":"A","date":"2018-03-28T01:33:30.000Z","volume":500,"label":" ","price":9.15},{"type":"B","date":"2018-03-28T01:33:30.000Z","volume":500,"label":" ","price":9.14},{"type":"A","date":"2018-03-28T01:33:30.000Z","volume":5000,"label":" ","price":9.15},{"type":"A","date":"2018-03-28T01:33:30.000Z","volume":1000,"label":" ","price":9.15},{"type":"A","date":"2018-03-28T01:33:31.000Z","volume":2500,"label":" ","price":9.15},{"type":"B","date":"2018-03-28T01:33:39.000Z","volume":2000,"label":" ","price":9.14},{"type":"B","date":"2018-03-28T01:33:40.000Z","volume":1500,"label":" ","price":9.13},{"type":"B","date":"2018-03-28T01:33:46.000Z","volume":2000,"label":" ","price":9.14},{"type":"B","date":"2018-03-28T01:34:04.000Z","volume":1500,"label":" ","price":9.14},{"type":"B","date":"2018-03-28T01:34:04.000Z","volume":500,"label":" ","price":9.12},{"type":"B","date":"2018-03-28T01:34:08.000Z","volume":500,"label":" ","price":9.14},{"type":"B","date":"2018-03-28T01:34:08.000Z","volume":1500,"label":" ","price":9.13},{"type":"A","date":"2018-03-28T01:34:16.000Z","volume":2500,"label":" ","price":9.14},{"type":"A","date":"2018-03-28T01:34:17.000Z","volume":500,"label":" ","price":9.14},{"type":"A","date":"2018-03-28T01:34:19.000Z","volume":10000,"label":" ","price":9.14},{"type":"A","date":"2018-03-28T01:34:19.000Z","volume":1000,"label":" ","price":9.14},{"type":"A","date":"2018-03-28T01:34:21.000Z","volume":1500,"label":" ","price":9.14},{"type":"A","date":"2018-03-28T01:34:21.000Z","volume":2000,"label":" ","price":9.14},{"type":"A","date":"2018-03-28T01:34:21.000Z","volume":2500,"label":" ","price":9.15},{"type":"A","date":"2018-03-28T01:34:23.000Z","volume":500,"label":" ","price":9.15},{"type":"A","date":"2018-03-28T01:34:23.000Z","volume":3000,"label":" ","price":9.15},{"type":"A","date":"2018-03-28T01:34:23.000Z","volume":2000,"label":" ","price":9.15},{"type":"A","date":"2018-03-28T01:34:27.000Z","volume":4000,"label":" ","price":9.18},{"type":"B","date":"2018-03-28T01:34:49.000Z","volume":6500,"label":" ","price":9.17},{"type":"B","date":"2018-03-28T01:34:49.000Z","volume":1500,"label":" ","price":9.16},{"type":"B","date":"2018-03-28T01:34:49.000Z","volume":3000,"label":" ","price":9.17},{"type":"A","date":"2018-03-28T01:34:54.000Z","volume":500,"label":" ","price":9.17},{"type":"B","date":"2018-03-28T01:35:24.000Z","volume":5000,"label":" ","price":9.14},{"type":"A","date":"2018-03-28T01:35:52.000Z","volume":62500,"label":" ","price":9.17},{"type":"U","date":"2018-03-28T01:35:52.000Z","volume":1500,"label":"X","price":9.17},{"type":"A","date":"2018-03-28T01:35:54.000Z","volume":1000,"label":" ","price":9.19},{"type":"A","date":"2018-03-28T01:36:00.000Z","volume":1000,"label":" ","price":9.2},{"type":"A","date":"2018-03-28T01:36:00.000Z","volume":1500,"label":" ","price":9.2},{"type":"A","date":"2018-03-28T01:36:00.000Z","volume":2000,"label":" ","price":9.2},{"type":"A","date":"2018-03-28T01:36:03.000Z","volume":3500,"label":" ","price":9.2},{"type":"A","date":"2018-03-28T01:36:20.000Z","volume":500,"label":" ","price":9.19},{"type":"A","date":"2018-03-28T01:36:26.000Z","volume":500,"label":" ","price":9.19},{"type":"A","date":"2018-03-28T01:37:31.000Z","volume":5000,"label":" ","price":9.19},{"type":"A","date":"2018-03-28T01:37:53.000Z","volume":4000,"label":" ","price":9.19},{"type":"A","date":"2018-03-28T01:38:13.000Z","volume":500,"label":" ","price":9.2},{"type":"U","date":"2018-03-28T01:39:48.000Z","volume":500,"label":" ","price":9.18},{"type":"B","date":"2018-03-28T01:40:11.000Z","volume":2500,"label":" ","price":9.18},{"type":"B","date":"2018-03-28T01:40:17.000Z","volume":11000,"label":" ","price":9.17},{"type":"A","date":"2018-03-28T01:40:58.000Z","volume":10000,"label":" ","price":9.18},{"type":"B","date":"2018-03-28T01:41:20.000Z","volume":2500,"label":" ","price":9.17},{"type":"B","date":"2018-03-28T01:41:20.000Z","volume":5000,"label":" ","price":9.16},{"type":"A","date":"2018-03-28T01:41:25.000Z","volume":500,"label":" ","price":9.17},{"type":"B","date":"2018-03-28T01:41:26.000Z","volume":2000,"label":" ","price":9.15},{"type":"A","date":"2018-03-28T01:41:42.000Z","volume":500,"label":" ","price":9.17},{"type":"B","date":"2018-03-28T01:42:12.000Z","volume":12500,"label":" ","price":9.13},{"type":"B","date":"2018-03-28T01:42:15.000Z","volume":2000,"label":" ","price":9.14},{"type":"B","date":"2018-03-28T01:42:20.000Z","volume":8500,"label":" ","price":9.12},{"type":"A","date":"2018-03-28T01:42:25.000Z","volume":1000,"label":" ","price":9.14},{"type":"B","date":"2018-03-28T01:42:45.000Z","volume":3000,"label":" ","price":9.1},{"type":"B","date":"2018-03-28T01:42:45.000Z","volume":8500,"label":" ","price":9.1},{"type":"A","date":"2018-03-28T01:42:45.000Z","volume":5000,"label":" ","price":9.12},{"type":"B","date":"2018-03-28T01:42:45.000Z","volume":1500,"label":" ","price":9.12},{"type":"U","date":"2018-03-28T01:42:47.000Z","volume":500,"label":" ","price":9.11},{"type":"B","date":"2018-03-28T01:43:42.000Z","volume":2500,"label":" ","price":9.07},{"type":"A","date":"2018-03-28T01:44:32.000Z","volume":500,"label":" ","price":9.09},{"type":"B","date":"2018-03-28T01:44:39.000Z","volume":3000,"label":" ","price":9.07},{"type":"B","date":"2018-03-28T01:45:35.000Z","volume":2500,"label":" ","price":9.07},{"type":"U","date":"2018-03-28T01:46:29.000Z","volume":500,"label":" ","price":9.08},{"type":"B","date":"2018-03-28T01:46:32.000Z","volume":3500,"label":" ","price":9.07},{"type":"B","date":"2018-03-28T01:47:29.000Z","volume":1000,"label":" ","price":9.07},{"type":"B","date":"2018-03-28T01:48:31.000Z","volume":2500,"label":" ","price":9.07},{"type":"A","date":"2018-03-28T01:48:32.000Z","volume":10500,"label":"Y","price":9.09},{"type":"A","date":"2018-03-28T01:48:32.000Z","volume":3000,"label":" ","price":9.09},{"type":"A","date":"2018-03-28T01:48:32.000Z","volume":18000,"label":" ","price":9.09},{"type":"A","date":"2018-03-28T01:48:32.000Z","volume":6000,"label":" ","price":9.1},{"type":"A","date":"2018-03-28T01:48:33.000Z","volume":5000,"label":" ","price":9.11},{"type":"A","date":"2018-03-28T01:48:33.000Z","volume":1000,"label":" ","price":9.11},{"type":"A","date":"2018-03-28T01:48:36.000Z","volume":34500,"label":" ","price":9.11},{"type":"A","date":"2018-03-28T01:48:37.000Z","volume":1000,"label":"Y","price":9.12},{"type":"A","date":"2018-03-28T01:48:38.000Z","volume":500,"label":" ","price":9.16},{"type":"A","date":"2018-03-28T01:48:39.000Z","volume":500,"label":" ","price":9.17},{"type":"A","date":"2018-03-28T01:48:39.000Z","volume":4000,"label":" ","price":9.17},{"type":"A","date":"2018-03-28T01:48:40.000Z","volume":1000,"label":" ","price":9.18},{"type":"B","date":"2018-03-28T01:48:46.000Z","volume":2000,"label":"Y","price":9.17},{"type":"B","date":"2018-03-28T01:48:46.000Z","volume":2000,"label":" ","price":9.17},{"type":"B","date":"2018-03-28T01:48:46.000Z","volume":11500,"label":" ","price":9.16},{"type":"B","date":"2018-03-28T01:48:46.000Z","volume":500,"label":" ","price":9.15},{"type":"B","date":"2018-03-28T01:49:28.000Z","volume":4000,"label":" ","price":9.12},{"type":"B","date":"2018-03-28T01:49:47.000Z","volume":2000,"label":" ","price":9.1},{"type":"B","date":"2018-03-28T01:50:28.000Z","volume":1000,"label":" ","price":9.1},{"type":"B","date":"2018-03-28T01:50:28.000Z","volume":1500,"label":" ","price":9.1},{"type":"A","date":"2018-03-28T01:50:44.000Z","volume":4000,"label":" ","price":9.1},{"type":"A","date":"2018-03-28T01:50:45.000Z","volume":500,"label":" ","price":9.11},{"type":"A","date":"2018-03-28T01:50:45.000Z","volume":1000,"label":" ","price":9.11},{"type":"B","date":"2018-03-28T01:50:46.000Z","volume":1000,"label":" ","price":9.1},{"type":"U","date":"2018-03-28T01:50:48.000Z","volume":500,"label":" ","price":9.11},{"type":"U","date":"2018-03-28T01:51:26.000Z","volume":1000,"label":"X","price":9.12},{"type":"A","date":"2018-03-28T01:51:26.000Z","volume":19000,"label":"Y","price":9.12},{"type":"A","date":"2018-03-28T01:51:26.000Z","volume":12000,"label":" ","price":9.12},{"type":"A","date":"2018-03-28T01:51:26.000Z","volume":1500,"label":"Y","price":9.13},{"type":"U","date":"2018-03-28T01:51:26.000Z","volume":1000,"label":"X","price":9.12},{"type":"U","date":"2018-03-28T01:51:26.000Z","volume":1000,"label":"X","price":9.12},{"type":"U","date":"2018-03-28T01:51:28.000Z","volume":4500,"label":" ","price":9.14},{"type":"B","date":"2018-03-28T01:51:31.000Z","volume":1000,"label":" ","price":9.13},{"type":"B","date":"2018-03-28T01:51:33.000Z","volume":2500,"label":" ","price":9.1},{"type":"U","date":"2018-03-28T01:52:01.000Z","volume":831000,"label":"X","price":9.15},{"type":"B","date":"2018-03-28T01:52:23.000Z","volume":10500,"label":" ","price":9.09},{"type":"B","date":"2018-03-28T01:52:33.000Z","volume":500,"label":" ","price":9.08},{"type":"U","date":"2018-03-28T01:53:02.000Z","volume":4000,"label":" ","price":9.08},{"type":"B","date":"2018-03-28T01:53:03.000Z","volume":4500,"label":" ","price":9.07},{"type":"B","date":"2018-03-28T01:53:03.000Z","volume":1000,"label":" ","price":9.06},{"type":"B","date":"2018-03-28T01:53:03.000Z","volume":500,"label":" ","price":9.05},{"type":"A","date":"2018-03-28T01:53:30.000Z","volume":5000,"label":" ","price":9.05},{"type":"A","date":"2018-03-28T01:53:30.000Z","volume":1000,"label":" ","price":9.05},{"type":"B","date":"2018-03-28T01:53:31.000Z","volume":500,"label":" ","price":9.04},{"type":"A","date":"2018-03-28T01:53:47.000Z","volume":2500,"label":"Y","price":9.05},{"type":"A","date":"2018-03-28T01:53:47.000Z","volume":2500,"label":" ","price":9.05},{"type":"A","date":"2018-03-28T01:53:47.000Z","volume":1500,"label":"Y","price":9.05},{"type":"A","date":"2018-03-28T01:53:47.000Z","volume":3500,"label":" ","price":9.05},{"type":"A","date":"2018-03-28T01:53:47.000Z","volume":5000,"label":"Y","price":9.05},{"type":"A","date":"2018-03-28T01:53:47.000Z","volume":500,"label":" ","price":9.05},{"type":"B","date":"2018-03-28T01:53:47.000Z","volume":7000,"label":" ","price":9.04},{"type":"A","date":"2018-03-28T01:53:50.000Z","volume":7000,"label":" ","price":9.06},{"type":"B","date":"2018-03-28T01:56:00.000Z","volume":3000,"label":" ","price":9.06},{"type":"B","date":"2018-03-28T01:56:57.000Z","volume":3500,"label":" ","price":9.07},{"type":"A","date":"2018-03-28T01:57:26.000Z","volume":23000,"label":" ","price":9.08},{"type":"A","date":"2018-03-28T01:57:26.000Z","volume":1000,"label":"Y","price":9.08},{"type":"A","date":"2018-03-28T01:57:26.000Z","volume":3500,"label":" ","price":9.08},{"type":"A","date":"2018-03-28T01:57:31.000Z","volume":2000,"label":" ","price":9.1},{"type":"U","date":"2018-03-28T01:58:23.000Z","volume":500,"label":" ","price":9.09},{"type":"U","date":"2018-03-28T01:58:37.000Z","volume":4000,"label":" ","price":9.1},{"type":"B","date":"2018-03-28T01:58:39.000Z","volume":2500,"label":" ","price":9.09},{"type":"B","date":"2018-03-28T01:58:40.000Z","volume":1000,"label":" ","price":9.09},{"type":"B","date":"2018-03-28T01:59:01.000Z","volume":1000,"label":" ","price":9.08},{"type":"B","date":"2018-03-28T01:59:01.000Z","volume":5000,"label":" ","price":9.08},{"type":"A","date":"2018-03-28T02:00:02.000Z","volume":1500,"label":" ","price":9.09},{"type":"B","date":"2018-03-28T02:00:06.000Z","volume":3000,"label":" ","price":9.07},{"type":"B","date":"2018-03-28T02:01:03.000Z","volume":1500,"label":" ","price":9.07},{"type":"A","date":"2018-03-28T02:01:03.000Z","volume":500,"label":" ","price":9.07},{"type":"A","date":"2018-03-28T02:01:03.000Z","volume":500,"label":" ","price":9.07},{"type":"A","date":"2018-03-28T02:01:43.000Z","volume":12000,"label":" ","price":9.09},{"type":"B","date":"2018-03-28T02:02:56.000Z","volume":2500,"label":" ","price":9.07},{"type":"B","date":"2018-03-28T02:03:14.000Z","volume":7500,"label":" ","price":9.07},{"type":"B","date":"2018-03-28T02:03:33.000Z","volume":32000,"label":" ","price":9.06},{"type":"B","date":"2018-03-28T02:03:33.000Z","volume":13000,"label":" ","price":9.05},{"type":"U","date":"2018-03-28T02:03:33.000Z","volume":500,"label":" ","price":9.07},{"type":"B","date":"2018-03-28T02:03:33.000Z","volume":500,"label":" ","price":9.06},{"type":"B","date":"2018-03-28T02:03:33.000Z","volume":1500,"label":" ","price":9.05},{"type":"B","date":"2018-03-28T02:03:35.000Z","volume":6500,"label":" ","price":9.04},{"type":"B","date":"2018-03-28T02:03:53.000Z","volume":2500,"label":" ","price":9.02},{"type":"B","date":"2018-03-28T02:03:53.000Z","volume":2500,"label":" ","price":9.02},{"type":"B","date":"2018-03-28T02:04:22.000Z","volume":2500,"label":" ","price":8.99},{"type":"B","date":"2018-03-28T02:04:22.000Z","volume":1000,"label":" ","price":8.99},{"type":"B","date":"2018-03-28T02:04:50.000Z","volume":2000,"label":" ","price":8.99},{"type":"A","date":"2018-03-28T02:04:58.000Z","volume":12000,"label":" ","price":9},{"type":"A","date":"2018-03-28T02:04:58.000Z","volume":2000,"label":" ","price":9.02},{"type":"B","date":"2018-03-28T02:07:11.000Z","volume":1500,"label":" ","price":9},{"type":"B","date":"2018-03-28T02:07:18.000Z","volume":3500,"label":" ","price":9},{"type":"B","date":"2018-03-28T02:07:32.000Z","volume":2500,"label":" ","price":8.99},{"type":"B","date":"2018-03-28T02:09:00.000Z","volume":500,"label":" ","price":8.99},{"type":"A","date":"2018-03-28T02:09:10.000Z","volume":10000,"label":" ","price":9.01},{"type":"A","date":"2018-03-28T02:09:25.000Z","volume":10000,"label":" ","price":9.01},{"type":"A","date":"2018-03-28T02:09:26.000Z","volume":5500,"label":" ","price":9.03},{"type":"A","date":"2018-03-28T02:12:02.000Z","volume":500,"label":" ","price":9.1},{"type":"A","date":"2018-03-28T02:13:27.000Z","volume":500,"label":" ","price":9.1},{"type":"U","date":"2018-03-28T02:13:48.000Z","volume":500,"label":" ","price":9.09},{"type":"U","date":"2018-03-28T02:13:48.000Z","volume":500,"label":" ","price":9.08},{"type":"B","date":"2018-03-28T02:13:48.000Z","volume":500,"label":" ","price":9.09},{"type":"B","date":"2018-03-28T02:13:48.000Z","volume":500,"label":" ","price":9.08},{"type":"A","date":"2018-03-28T02:15:44.000Z","volume":500,"label":" ","price":9.1},{"type":"B","date":"2018-03-28T02:15:48.000Z","volume":500,"label":" ","price":9.09},{"type":"B","date":"2018-03-28T02:15:48.000Z","volume":500,"label":" ","price":9.08},{"type":"B","date":"2018-03-28T02:15:48.000Z","volume":500,"label":" ","price":9.09},{"type":"B","date":"2018-03-28T02:16:36.000Z","volume":3000,"label":" ","price":9.07},{"type":"B","date":"2018-03-28T02:16:40.000Z","volume":2000,"label":" ","price":9.08},{"type":"B","date":"2018-03-28T02:16:43.000Z","volume":10500,"label":" ","price":9.07},{"type":"A","date":"2018-03-28T02:17:57.000Z","volume":500,"label":" ","price":9.08},{"type":"B","date":"2018-03-28T02:18:06.000Z","volume":5500,"label":" ","price":9.07},{"type":"B","date":"2018-03-28T02:18:06.000Z","volume":1500,"label":" ","price":9.07},{"type":"B","date":"2018-03-28T02:18:06.000Z","volume":10000,"label":" ","price":9.06},{"type":"B","date":"2018-03-28T02:18:08.000Z","volume":3500,"label":" ","price":9.05},{"type":"B","date":"2018-03-28T02:21:24.000Z","volume":500,"label":"Y","price":9.02},{"type":"B","date":"2018-03-28T02:21:24.000Z","volume":2000,"label":" ","price":9.02},{"type":"A","date":"2018-03-28T02:21:29.000Z","volume":500,"label":" ","price":9.03},{"type":"B","date":"2018-03-28T02:24:41.000Z","volume":6500,"label":" ","price":9.02},{"type":"A","date":"2018-03-28T02:27:16.000Z","volume":500,"label":" ","price":9.02},{"type":"B","date":"2018-03-28T02:28:09.000Z","volume":500,"label":"Y","price":9.01},{"type":"B","date":"2018-03-28T02:28:09.000Z","volume":1500,"label":" ","price":9.01},{"type":"B","date":"2018-03-28T02:28:09.000Z","volume":1000,"label":" ","price":9.01},{"type":"B","date":"2018-03-28T02:28:11.000Z","volume":1000,"label":" ","price":9},{"type":"B","date":"2018-03-28T02:28:12.000Z","volume":1500,"label":" ","price":9},{"type":"B","date":"2018-03-28T02:29:03.000Z","volume":500,"label":" ","price":9},{"type":"B","date":"2018-03-28T02:29:38.000Z","volume":500,"label":" ","price":9},{"type":"B","date":"2018-03-28T02:30:06.000Z","volume":500,"label":" ","price":8.99},{"type":"B","date":"2018-03-28T02:31:03.000Z","volume":500,"label":" ","price":8.99},{"type":"A","date":"2018-03-28T02:33:22.000Z","volume":500,"label":" ","price":9},{"type":"A","date":"2018-03-28T02:35:03.000Z","volume":500,"label":" ","price":9},{"type":"A","date":"2018-03-28T02:36:33.000Z","volume":500,"label":" ","price":9},{"type":"A","date":"2018-03-28T02:36:54.000Z","volume":500,"label":" ","price":9},{"type":"A","date":"2018-03-28T02:38:03.000Z","volume":500,"label":" ","price":9},{"type":"B","date":"2018-03-28T02:38:45.000Z","volume":1500,"label":" ","price":8.99},{"type":"A","date":"2018-03-28T02:38:46.000Z","volume":500,"label":" ","price":9},{"type":"A","date":"2018-03-28T02:39:21.000Z","volume":500,"label":" ","price":9},{"type":"A","date":"2018-03-28T02:39:33.000Z","volume":500,"label":" ","price":9},{"type":"A","date":"2018-03-28T02:39:33.000Z","volume":500,"label":" ","price":9},{"type":"A","date":"2018-03-28T02:39:45.000Z","volume":28000,"label":" ","price":9},{"type":"A","date":"2018-03-28T02:39:45.000Z","volume":2500,"label":" ","price":9.01},{"type":"B","date":"2018-03-28T02:40:03.000Z","volume":1500,"label":" ","price":9},{"type":"B","date":"2018-03-28T02:40:59.000Z","volume":4500,"label":" ","price":9},{"type":"B","date":"2018-03-28T02:43:09.000Z","volume":500,"label":" ","price":9},{"type":"B","date":"2018-03-28T02:43:11.000Z","volume":1500,"label":" ","price":9},{"type":"A","date":"2018-03-28T02:43:18.000Z","volume":500,"label":" ","price":9.02},{"type":"U","date":"2018-03-28T02:45:48.000Z","volume":500,"label":" ","price":9.01},{"type":"B","date":"2018-03-28T02:45:51.000Z","volume":1500,"label":" ","price":9.01},{"type":"B","date":"2018-03-28T02:45:51.000Z","volume":4000,"label":" ","price":9},{"type":"A","date":"2018-03-28T02:46:32.000Z","volume":5500,"label":" ","price":9},{"type":"A","date":"2018-03-28T02:46:33.000Z","volume":500,"label":" ","price":9},{"type":"A","date":"2018-03-28T02:46:33.000Z","volume":500,"label":" ","price":9},{"type":"A","date":"2018-03-28T02:46:45.000Z","volume":1000,"label":" ","price":9},{"type":"A","date":"2018-03-28T02:47:11.000Z","volume":5000,"label":" ","price":9},{"type":"A","date":"2018-03-28T02:47:12.000Z","volume":1000,"label":" ","price":9},{"type":"A","date":"2018-03-28T02:51:12.000Z","volume":500,"label":" ","price":9},{"type":"B","date":"2018-03-28T02:52:10.000Z","volume":9000,"label":" ","price":8.99},{"type":"A","date":"2018-03-28T02:52:11.000Z","volume":1500,"label":" ","price":9},{"type":"B","date":"2018-03-28T02:55:15.000Z","volume":2000,"label":" ","price":8.99},{"type":"B","date":"2018-03-28T02:55:15.000Z","volume":13500,"label":" ","price":8.99},{"type":"A","date":"2018-03-28T02:55:15.000Z","volume":3000,"label":" ","price":9},{"type":"A","date":"2018-03-28T02:58:03.000Z","volume":500,"label":" ","price":9},{"type":"B","date":"2018-03-28T02:58:03.000Z","volume":4500,"label":" ","price":8.99},{"type":"B","date":"2018-03-28T02:58:06.000Z","volume":3500,"label":" ","price":8.98},{"type":"A","date":"2018-03-28T02:58:06.000Z","volume":1000,"label":" ","price":8.99},{"type":"B","date":"2018-03-28T02:58:08.000Z","volume":28500,"label":" ","price":8.98},{"type":"B","date":"2018-03-28T02:58:10.000Z","volume":2500,"label":" ","price":8.97},{"type":"A","date":"2018-03-28T03:03:11.000Z","volume":500,"label":" ","price":8.98},{"type":"A","date":"2018-03-28T03:04:17.000Z","volume":8000,"label":" ","price":8.98},{"type":"B","date":"2018-03-28T03:05:18.000Z","volume":1000,"label":" ","price":8.96},{"type":"B","date":"2018-03-28T03:08:50.000Z","volume":1500,"label":" ","price":8.97},{"type":"B","date":"2018-03-28T03:08:51.000Z","volume":500,"label":"Y","price":8.97},{"type":"B","date":"2018-03-28T03:08:54.000Z","volume":500,"label":"Y","price":8.97},{"type":"B","date":"2018-03-28T03:08:54.000Z","volume":500,"label":" ","price":8.97},{"type":"B","date":"2018-03-28T03:08:54.000Z","volume":3000,"label":" ","price":8.96},{"type":"A","date":"2018-03-28T03:09:05.000Z","volume":11000,"label":" ","price":8.97},{"type":"A","date":"2018-03-28T03:09:08.000Z","volume":1500,"label":" ","price":8.97},{"type":"B","date":"2018-03-28T03:10:20.000Z","volume":8500,"label":" ","price":8.95},{"type":"U","date":"2018-03-28T03:10:21.000Z","volume":1000,"label":" ","price":8.95},{"type":"B","date":"2018-03-28T03:10:23.000Z","volume":500,"label":" ","price":8.94},{"type":"B","date":"2018-03-28T03:10:24.000Z","volume":500,"label":"Y","price":8.93},{"type":"B","date":"2018-03-28T03:10:25.000Z","volume":1500,"label":" ","price":8.92},{"type":"U","date":"2018-03-28T03:10:27.000Z","volume":500,"label":" ","price":8.95},{"type":"B","date":"2018-03-28T03:10:28.000Z","volume":1500,"label":" ","price":8.92},{"type":"B","date":"2018-03-28T03:10:29.000Z","volume":1500,"label":" ","price":8.92},{"type":"B","date":"2018-03-28T03:10:32.000Z","volume":500,"label":" ","price":8.94},{"type":"B","date":"2018-03-28T03:11:25.000Z","volume":1500,"label":" ","price":8.92},{"type":"A","date":"2018-03-28T03:14:10.000Z","volume":500,"label":" ","price":8.96},{"type":"B","date":"2018-03-28T03:17:31.000Z","volume":1000,"label":" ","price":8.9},{"type":"B","date":"2018-03-28T03:19:01.000Z","volume":5000,"label":" ","price":8.9},{"type":"B","date":"2018-03-28T03:19:01.000Z","volume":16000,"label":" ","price":8.9},{"type":"B","date":"2018-03-28T03:19:01.000Z","volume":2000,"label":" ","price":8.89},{"type":"B","date":"2018-03-28T03:19:01.000Z","volume":1000,"label":" ","price":8.89},{"type":"B","date":"2018-03-28T03:19:03.000Z","volume":1500,"label":" ","price":8.89},{"type":"B","date":"2018-03-28T03:19:03.000Z","volume":9500,"label":" ","price":8.89},{"type":"B","date":"2018-03-28T03:19:05.000Z","volume":500,"label":"Y","price":8.88},{"type":"B","date":"2018-03-28T03:19:05.000Z","volume":2500,"label":" ","price":8.88},{"type":"B","date":"2018-03-28T03:19:05.000Z","volume":500,"label":" ","price":8.88},{"type":"U","date":"2018-03-28T03:20:03.000Z","volume":2000,"label":" ","price":8.83},{"type":"U","date":"2018-03-28T03:20:09.000Z","volume":1000,"label":" ","price":8.83},{"type":"B","date":"2018-03-28T03:20:32.000Z","volume":1000,"label":" ","price":8.83},{"type":"B","date":"2018-03-28T03:20:35.000Z","volume":1000,"label":" ","price":8.83},{"type":"B","date":"2018-03-28T03:21:11.000Z","volume":1500,"label":" ","price":8.83},{"type":"B","date":"2018-03-28T03:21:11.000Z","volume":2000,"label":" ","price":8.82},{"type":"B","date":"2018-03-28T03:21:11.000Z","volume":14000,"label":" ","price":8.81},{"type":"B","date":"2018-03-28T03:21:11.000Z","volume":32500,"label":" ","price":8.8},{"type":"B","date":"2018-03-28T03:21:12.000Z","volume":6000,"label":" ","price":8.8},{"type":"B","date":"2018-03-28T03:21:14.000Z","volume":1500,"label":" ","price":8.8},{"type":"B","date":"2018-03-28T03:21:18.000Z","volume":1500,"label":" ","price":8.8},{"type":"B","date":"2018-03-28T03:21:20.000Z","volume":1500,"label":" ","price":8.8},{"type":"B","date":"2018-03-28T03:21:37.000Z","volume":70000,"label":" ","price":8.8},{"type":"A","date":"2018-03-28T03:21:49.000Z","volume":16000,"label":" ","price":8.82},{"type":"B","date":"2018-03-28T03:22:30.000Z","volume":1000,"label":" ","price":8.81},{"type":"A","date":"2018-03-28T03:23:05.000Z","volume":500,"label":" ","price":8.84},{"type":"A","date":"2018-03-28T03:24:05.000Z","volume":1000,"label":" ","price":8.82},{"type":"A","date":"2018-03-28T03:25:05.000Z","volume":15000,"label":" ","price":8.84},{"type":"A","date":"2018-03-28T03:25:05.000Z","volume":500,"label":" ","price":8.84},{"type":"A","date":"2018-03-28T03:25:10.000Z","volume":10000,"label":" ","price":8.85},{"type":"B","date":"2018-03-28T03:28:20.000Z","volume":7000,"label":" ","price":8.83},{"type":"B","date":"2018-03-28T03:28:33.000Z","volume":500,"label":" ","price":8.83},{"type":"B","date":"2018-03-28T03:28:33.000Z","volume":500,"label":" ","price":8.83},{"type":"B","date":"2018-03-28T03:29:13.000Z","volume":7000,"label":" ","price":8.82},{"type":"B","date":"2018-03-28T03:29:19.000Z","volume":3000,"label":" ","price":8.82},{"type":"A","date":"2018-03-28T03:29:23.000Z","volume":3000,"label":" ","price":8.83},{"type":"A","date":"2018-03-28T03:29:45.000Z","volume":2000,"label":"Y","price":8.83},{"type":"B","date":"2018-03-28T03:30:53.000Z","volume":1000,"label":" ","price":8.82},{"type":"B","date":"2018-03-28T03:31:10.000Z","volume":2500,"label":" ","price":8.82},{"type":"A","date":"2018-03-28T03:31:22.000Z","volume":100000,"label":" ","price":8.83},{"type":"A","date":"2018-03-28T03:31:22.000Z","volume":500,"label":"Y","price":8.83},{"type":"A","date":"2018-03-28T03:31:22.000Z","volume":8500,"label":" ","price":8.83},{"type":"A","date":"2018-03-28T03:31:22.000Z","volume":500,"label":" ","price":8.84},{"type":"B","date":"2018-03-28T03:31:22.000Z","volume":7500,"label":" ","price":8.82},{"type":"B","date":"2018-03-28T03:31:46.000Z","volume":23000,"label":" ","price":8.81},{"type":"B","date":"2018-03-28T03:34:44.000Z","volume":500,"label":" ","price":8.82},{"type":"B","date":"2018-03-28T03:35:20.000Z","volume":1000,"label":" ","price":8.82},{"type":"B","date":"2018-03-28T03:35:29.000Z","volume":1500,"label":" ","price":8.82},{"type":"A","date":"2018-03-28T03:37:05.000Z","volume":12000,"label":" ","price":8.82},{"type":"B","date":"2018-03-28T03:39:50.000Z","volume":1000,"label":" ","price":8.81},{"type":"A","date":"2018-03-28T03:40:13.000Z","volume":2000,"label":" ","price":8.82},{"type":"A","date":"2018-03-28T03:41:48.000Z","volume":500,"label":" ","price":8.82},{"type":"B","date":"2018-03-28T03:42:03.000Z","volume":1000,"label":" ","price":8.81},{"type":"B","date":"2018-03-28T03:42:03.000Z","volume":3000,"label":" ","price":8.81},{"type":"B","date":"2018-03-28T03:44:18.000Z","volume":1000,"label":" ","price":8.8},{"type":"B","date":"2018-03-28T03:44:19.000Z","volume":1500,"label":" ","price":8.8},{"type":"B","date":"2018-03-28T03:44:20.000Z","volume":1500,"label":" ","price":8.8},{"type":"B","date":"2018-03-28T03:44:22.000Z","volume":30000,"label":" ","price":8.8},{"type":"B","date":"2018-03-28T03:44:22.000Z","volume":3500,"label":" ","price":8.8},{"type":"A","date":"2018-03-28T03:44:22.000Z","volume":4000,"label":" ","price":8.8},{"type":"B","date":"2018-03-28T03:44:22.000Z","volume":1500,"label":" ","price":8.8},{"type":"B","date":"2018-03-28T03:44:22.000Z","volume":1000,"label":" ","price":8.8},{"type":"B","date":"2018-03-28T03:44:22.000Z","volume":500,"label":" ","price":8.79},{"type":"B","date":"2018-03-28T03:44:22.000Z","volume":9000,"label":" ","price":8.78},{"type":"A","date":"2018-03-28T03:44:22.000Z","volume":500,"label":" ","price":8.8},{"type":"B","date":"2018-03-28T03:44:23.000Z","volume":1000,"label":" ","price":8.78},{"type":"B","date":"2018-03-28T03:44:23.000Z","volume":2000,"label":"Y","price":8.78},{"type":"B","date":"2018-03-28T03:44:23.000Z","volume":1000,"label":" ","price":8.78},{"type":"A","date":"2018-03-28T03:44:23.000Z","volume":500,"label":" ","price":8.8},{"type":"B","date":"2018-03-28T03:44:39.000Z","volume":1000,"label":"Y","price":8.77},{"type":"B","date":"2018-03-28T03:44:39.000Z","volume":500,"label":" ","price":8.77},{"type":"B","date":"2018-03-28T03:44:42.000Z","volume":500,"label":"Y","price":8.77},{"type":"B","date":"2018-03-28T03:44:55.000Z","volume":6000,"label":" ","price":8.76},{"type":"A","date":"2018-03-28T03:44:55.000Z","volume":500,"label":" ","price":8.8},{"type":"B","date":"2018-03-28T03:45:30.000Z","volume":500,"label":" ","price":8.76},{"type":"B","date":"2018-03-28T03:46:01.000Z","volume":9500,"label":" ","price":8.75},{"type":"B","date":"2018-03-28T03:46:01.000Z","volume":500,"label":" ","price":8.75},{"type":"A","date":"2018-03-28T03:46:01.000Z","volume":500,"label":" ","price":8.8},{"type":"B","date":"2018-03-28T03:46:01.000Z","volume":500,"label":"Y","price":8.75},{"type":"B","date":"2018-03-28T03:46:01.000Z","volume":3000,"label":" ","price":8.75},{"type":"A","date":"2018-03-28T03:46:01.000Z","volume":500,"label":" ","price":8.75},{"type":"A","date":"2018-03-28T03:46:01.000Z","volume":2000,"label":" ","price":8.75},{"type":"A","date":"2018-03-28T03:46:01.000Z","volume":500,"label":" ","price":8.8},{"type":"B","date":"2018-03-28T03:46:07.000Z","volume":4000,"label":" ","price":8.74},{"type":"B","date":"2018-03-28T03:46:44.000Z","volume":1500,"label":" ","price":8.72},{"type":"A","date":"2018-03-28T03:46:45.000Z","volume":3000,"label":" ","price":8.76},{"type":"A","date":"2018-03-28T03:46:45.000Z","volume":500,"label":" ","price":8.76},{"type":"B","date":"2018-03-28T03:46:46.000Z","volume":1000,"label":" ","price":8.72},{"type":"A","date":"2018-03-28T03:46:46.000Z","volume":500,"label":" ","price":8.76},{"type":"A","date":"2018-03-28T03:46:54.000Z","volume":3000,"label":" ","price":8.76},{"type":"A","date":"2018-03-28T03:46:54.000Z","volume":500,"label":" ","price":8.76},{"type":"B","date":"2018-03-28T03:46:54.000Z","volume":1500,"label":" ","price":8.72},{"type":"A","date":"2018-03-28T03:46:54.000Z","volume":500,"label":" ","price":8.76},{"type":"B","date":"2018-03-28T03:47:28.000Z","volume":1000,"label":" ","price":8.74},{"type":"B","date":"2018-03-28T03:47:28.000Z","volume":1000,"label":"Y","price":8.73},{"type":"B","date":"2018-03-28T03:47:28.000Z","volume":500,"label":" ","price":8.73},{"type":"A","date":"2018-03-28T03:47:28.000Z","volume":500,"label":" ","price":8.76},{"type":"B","date":"2018-03-28T03:47:36.000Z","volume":500,"label":" ","price":8.74},{"type":"B","date":"2018-03-28T03:47:36.000Z","volume":1000,"label":" ","price":8.72},{"type":"B","date":"2018-03-28T03:48:24.000Z","volume":1500,"label":" ","price":8.74},{"type":"A","date":"2018-03-28T03:48:33.000Z","volume":3500,"label":" ","price":8.76},{"type":"A","date":"2018-03-28T03:48:33.000Z","volume":500,"label":" ","price":8.76},{"type":"B","date":"2018-03-28T03:48:44.000Z","volume":1500,"label":" ","price":8.75},{"type":"A","date":"2018-03-28T03:48:44.000Z","volume":500,"label":" ","price":8.76},{"type":"B","date":"2018-03-28T03:48:46.000Z","volume":1000,"label":" ","price":8.75},{"type":"A","date":"2018-03-28T03:48:46.000Z","volume":500,"label":" ","price":8.76},{"type":"A","date":"2018-03-28T03:49:06.000Z","volume":1000,"label":" ","price":8.76},{"type":"B","date":"2018-03-28T03:49:14.000Z","volume":10000,"label":" ","price":8.75},{"type":"A","date":"2018-03-28T03:49:14.000Z","volume":500,"label":" ","price":8.76},{"type":"A","date":"2018-03-28T03:49:14.000Z","volume":1000,"label":" ","price":8.76},{"type":"B","date":"2018-03-28T03:49:15.000Z","volume":500,"label":" ","price":8.74},{"type":"B","date":"2018-03-28T03:49:16.000Z","volume":2500,"label":" ","price":8.74},{"type":"B","date":"2018-03-28T03:49:16.000Z","volume":500,"label":" ","price":8.74},{"type":"B","date":"2018-03-28T03:49:18.000Z","volume":1000,"label":"Y","price":8.73},{"type":"B","date":"2018-03-28T03:49:18.000Z","volume":500,"label":" ","price":8.73},{"type":"A","date":"2018-03-28T03:49:18.000Z","volume":500,"label":" ","price":8.75},{"type":"B","date":"2018-03-28T03:49:49.000Z","volume":500,"label":" ","price":8.74},{"type":"B","date":"2018-03-28T03:51:08.000Z","volume":5000,"label":" ","price":8.74},{"type":"A","date":"2018-03-28T03:51:08.000Z","volume":1000,"label":" ","price":8.75},{"type":"B","date":"2018-03-28T03:51:08.000Z","volume":1500,"label":" ","price":8.74},{"type":"B","date":"2018-03-28T03:51:10.000Z","volume":1000,"label":" ","price":8.74},{"type":"B","date":"2018-03-28T03:51:24.000Z","volume":500,"label":" ","price":8.74},{"type":"B","date":"2018-03-28T03:51:25.000Z","volume":1000,"label":"Y","price":8.73},{"type":"B","date":"2018-03-28T03:51:25.000Z","volume":500,"label":" ","price":8.73},{"type":"B","date":"2018-03-28T03:51:52.000Z","volume":6000,"label":" ","price":8.73},{"type":"B","date":"2018-03-28T03:51:53.000Z","volume":1500,"label":" ","price":8.72},{"type":"U","date":"2018-03-28T03:52:29.000Z","volume":500,"label":"X","price":8.745},{"type":"B","date":"2018-03-28T03:52:37.000Z","volume":500,"label":" ","price":8.72},{"type":"B","date":"2018-03-28T03:52:38.000Z","volume":500,"label":" ","price":8.72},{"type":"B","date":"2018-03-28T03:53:08.000Z","volume":8000,"label":" ","price":8.72},{"type":"B","date":"2018-03-28T03:53:08.000Z","volume":500,"label":" ","price":8.72},{"type":"A","date":"2018-03-28T03:53:08.000Z","volume":500,"label":" ","price":8.74},{"type":"A","date":"2018-03-28T03:53:08.000Z","volume":500,"label":" ","price":8.74},{"type":"U","date":"2018-03-28T03:53:08.000Z","volume":1000,"label":" ","price":8.72},{"type":"B","date":"2018-03-28T03:53:10.000Z","volume":1500,"label":"Y","price":8.71},{"type":"B","date":"2018-03-28T03:53:10.000Z","volume":500,"label":" ","price":8.71},{"type":"A","date":"2018-03-28T03:53:10.000Z","volume":500,"label":" ","price":8.74},{"type":"A","date":"2018-03-28T03:53:10.000Z","volume":500,"label":" ","price":8.74},{"type":"B","date":"2018-03-28T03:53:12.000Z","volume":500,"label":" ","price":8.71},{"type":"U","date":"2018-03-28T03:53:23.000Z","volume":500,"label":"X","price":8.721},{"type":"U","date":"2018-03-28T03:53:29.000Z","volume":500,"label":" ","price":8.71},{"type":"A","date":"2018-03-28T03:53:29.000Z","volume":500,"label":" ","price":8.72},{"type":"B","date":"2018-03-28T03:53:30.000Z","volume":500,"label":" ","price":8.7},{"type":"B","date":"2018-03-28T03:53:31.000Z","volume":500,"label":" ","price":8.7},{"type":"A","date":"2018-03-28T03:53:51.000Z","volume":500,"label":" ","price":8.72},{"type":"A","date":"2018-03-28T03:53:51.000Z","volume":16000,"label":" ","price":8.72},{"type":"A","date":"2018-03-28T03:53:51.000Z","volume":3000,"label":" ","price":8.73},{"type":"A","date":"2018-03-28T03:53:51.000Z","volume":3000,"label":" ","price":8.73},{"type":"A","date":"2018-03-28T03:53:51.000Z","volume":1000,"label":" ","price":8.73},{"type":"A","date":"2018-03-28T03:53:51.000Z","volume":1000,"label":" ","price":8.73},{"type":"B","date":"2018-03-28T03:53:51.000Z","volume":500,"label":" ","price":8.71},{"type":"A","date":"2018-03-28T03:53:51.000Z","volume":500,"label":" ","price":8.73},{"type":"A","date":"2018-03-28T03:53:51.000Z","volume":500,"label":" ","price":8.73},{"type":"B","date":"2018-03-28T03:53:52.000Z","volume":1500,"label":" ","price":8.71},{"type":"A","date":"2018-03-28T03:53:52.000Z","volume":500,"label":" ","price":8.73},{"type":"A","date":"2018-03-28T03:53:52.000Z","volume":500,"label":" ","price":8.73},{"type":"A","date":"2018-03-28T03:53:53.000Z","volume":6500,"label":" ","price":8.73},{"type":"A","date":"2018-03-28T03:53:53.000Z","volume":1000,"label":" ","price":8.74},{"type":"A","date":"2018-03-28T03:53:53.000Z","volume":1500,"label":" ","price":8.74},{"type":"A","date":"2018-03-28T03:53:53.000Z","volume":500,"label":" ","price":8.74},{"type":"A","date":"2018-03-28T03:53:53.000Z","volume":500,"label":"Y","price":8.74},{"type":"A","date":"2018-03-28T03:53:55.000Z","volume":5000,"label":" ","price":8.74},{"type":"A","date":"2018-03-28T03:53:55.000Z","volume":1000,"label":" ","price":8.75},{"type":"A","date":"2018-03-28T03:53:57.000Z","volume":500,"label":" ","price":8.75},{"type":"A","date":"2018-03-28T03:57:26.000Z","volume":1000,"label":" ","price":8.77},{"type":"A","date":"2018-03-28T03:57:26.000Z","volume":500,"label":" ","price":8.77},{"type":"B","date":"2018-03-28T03:57:35.000Z","volume":500,"label":"Y","price":8.75},{"type":"B","date":"2018-03-28T03:57:35.000Z","volume":5000,"label":" ","price":8.75},{"type":"B","date":"2018-03-28T03:57:35.000Z","volume":2500,"label":" ","price":8.74},{"type":"B","date":"2018-03-28T03:57:35.000Z","volume":5000,"label":" ","price":8.72},{"type":"B","date":"2018-03-28T03:57:35.000Z","volume":7000,"label":" ","price":8.71},{"type":"A","date":"2018-03-28T03:57:35.000Z","volume":1500,"label":" ","price":8.77},{"type":"B","date":"2018-03-28T03:57:37.000Z","volume":500,"label":" ","price":8.74},{"type":"A","date":"2018-03-28T03:57:37.000Z","volume":500,"label":" ","price":8.75},{"type":"U","date":"2018-03-28T03:57:45.000Z","volume":1000,"label":" ","price":8.74},{"type":"B","date":"2018-03-28T03:57:45.000Z","volume":500,"label":" ","price":8.74},{"type":"A","date":"2018-03-28T03:58:05.000Z","volume":10000,"label":" ","price":8.75},{"type":"A","date":"2018-03-28T03:58:05.000Z","volume":1500,"label":" ","price":8.75},{"type":"A","date":"2018-03-28T03:58:05.000Z","volume":1000,"label":" ","price":8.76},{"type":"A","date":"2018-03-28T03:58:05.000Z","volume":1500,"label":" ","price":8.76},{"type":"B","date":"2018-03-28T03:58:13.000Z","volume":1500,"label":" ","price":8.72},{"type":"A","date":"2018-03-28T03:58:13.000Z","volume":500,"label":" ","price":8.76},{"type":"U","date":"2018-03-28T03:59:00.000Z","volume":500,"label":"X","price":8.74},{"type":"U","date":"2018-03-28T03:59:00.000Z","volume":500,"label":"X","price":8.74},{"type":"A","date":"2018-03-28T03:59:01.000Z","volume":500,"label":" ","price":8.76},{"type":"A","date":"2018-03-28T03:59:25.000Z","volume":4000,"label":" ","price":8.75},{"type":"A","date":"2018-03-28T03:59:25.000Z","volume":1000,"label":" ","price":8.76},{"type":"A","date":"2018-03-28T03:59:25.000Z","volume":70500,"label":" ","price":8.76},{"type":"B","date":"2018-03-28T03:59:25.000Z","volume":5500,"label":" ","price":8.75},{"type":"A","date":"2018-03-28T03:59:25.000Z","volume":500,"label":" ","price":8.77},{"type":"A","date":"2018-03-28T03:59:25.000Z","volume":5500,"label":" ","price":8.79},{"type":"A","date":"2018-03-28T03:59:25.000Z","volume":500,"label":" ","price":8.79},{"type":"B","date":"2018-03-28T03:59:26.000Z","volume":500,"label":" ","price":8.79},{"type":"A","date":"2018-03-28T03:59:27.000Z","volume":1000,"label":" ","price":8.8},{"type":"B","date":"2018-03-28T03:59:28.000Z","volume":1000,"label":" ","price":8.77},{"type":"A","date":"2018-03-28T03:59:37.000Z","volume":500,"label":" ","price":8.8},{"type":"B","date":"2018-03-28T03:59:38.000Z","volume":1000,"label":" ","price":8.75},{"type":"B","date":"2018-03-28T05:00:00.000Z","volume":6000,"label":" ","price":8.77},{"type":"B","date":"2018-03-28T05:00:02.000Z","volume":2000,"label":" ","price":8.77},{"type":"B","date":"2018-03-28T05:00:15.000Z","volume":6000,"label":" ","price":8.77},{"type":"B","date":"2018-03-28T05:00:17.000Z","volume":1000,"label":" ","price":8.76},{"type":"U","date":"2018-03-28T05:00:18.000Z","volume":500,"label":"X","price":8.769},{"type":"B","date":"2018-03-28T05:00:18.000Z","volume":1000,"label":" ","price":8.76},{"type":"B","date":"2018-03-28T05:00:19.000Z","volume":1500,"label":" ","price":8.76},{"type":"B","date":"2018-03-28T05:00:20.000Z","volume":500,"label":" ","price":8.76},{"type":"B","date":"2018-03-28T05:01:43.000Z","volume":500,"label":" ","price":8.77},{"type":"U","date":"2018-03-28T05:02:18.000Z","volume":1000,"label":"X","price":8.761},{"type":"U","date":"2018-03-28T05:02:18.000Z","volume":500,"label":"X","price":8.761},{"type":"A","date":"2018-03-28T05:02:48.000Z","volume":8000,"label":" ","price":8.78},{"type":"A","date":"2018-03-28T05:02:48.000Z","volume":500,"label":" ","price":8.78},{"type":"A","date":"2018-03-28T05:02:48.000Z","volume":1000,"label":" ","price":8.8},{"type":"A","date":"2018-03-28T05:04:17.000Z","volume":500,"label":" ","price":8.8},{"type":"A","date":"2018-03-28T05:04:17.000Z","volume":500,"label":" ","price":8.8},{"type":"A","date":"2018-03-28T05:04:21.000Z","volume":52000,"label":" ","price":8.8},{"type":"B","date":"2018-03-28T05:04:21.000Z","volume":500,"label":" ","price":8.8},{"type":"B","date":"2018-03-28T05:04:26.000Z","volume":14500,"label":" ","price":8.8},{"type":"A","date":"2018-03-28T05:04:26.000Z","volume":500,"label":" ","price":8.8},{"type":"B","date":"2018-03-28T05:04:31.000Z","volume":3500,"label":" ","price":8.81},{"type":"B","date":"2018-03-28T05:05:13.000Z","volume":14000,"label":" ","price":8.81},{"type":"B","date":"2018-03-28T05:05:13.000Z","volume":5000,"label":" ","price":8.8},{"type":"B","date":"2018-03-28T05:05:14.000Z","volume":3500,"label":"Y","price":8.8},{"type":"B","date":"2018-03-28T05:05:14.000Z","volume":3000,"label":" ","price":8.8},{"type":"B","date":"2018-03-28T05:05:14.000Z","volume":1500,"label":" ","price":8.8},{"type":"B","date":"2018-03-28T05:05:14.000Z","volume":1000,"label":" ","price":8.8},{"type":"B","date":"2018-03-28T05:05:14.000Z","volume":500,"label":" ","price":8.8},{"type":"B","date":"2018-03-28T05:05:16.000Z","volume":500,"label":" ","price":8.79},{"type":"B","date":"2018-03-28T05:05:17.000Z","volume":3000,"label":" ","price":8.78},{"type":"B","date":"2018-03-28T05:05:17.000Z","volume":1500,"label":" ","price":8.77},{"type":"A","date":"2018-03-28T05:05:17.000Z","volume":500,"label":" ","price":8.79},{"type":"B","date":"2018-03-28T05:05:20.000Z","volume":1000,"label":" ","price":8.77},{"type":"A","date":"2018-03-28T05:05:20.000Z","volume":500,"label":" ","price":8.79},{"type":"B","date":"2018-03-28T05:05:58.000Z","volume":12000,"label":" ","price":8.77},{"type":"B","date":"2018-03-28T05:05:58.000Z","volume":1000,"label":" ","price":8.77},{"type":"B","date":"2018-03-28T05:05:59.000Z","volume":1500,"label":" ","price":8.76},{"type":"B","date":"2018-03-28T05:06:02.000Z","volume":500,"label":"Y","price":8.76},{"type":"B","date":"2018-03-28T05:06:02.000Z","volume":1000,"label":" ","price":8.76},{"type":"B","date":"2018-03-28T05:06:05.000Z","volume":1000,"label":"Y","price":8.76},{"type":"B","date":"2018-03-28T05:06:06.000Z","volume":1500,"label":" ","price":8.75},{"type":"B","date":"2018-03-28T05:06:12.000Z","volume":1000,"label":" ","price":8.75},{"type":"A","date":"2018-03-28T05:06:12.000Z","volume":500,"label":" ","price":8.78},{"type":"B","date":"2018-03-28T05:06:27.000Z","volume":500,"label":" ","price":8.75},{"type":"U","date":"2018-03-28T05:07:03.000Z","volume":1000,"label":" ","price":8.74},{"type":"A","date":"2018-03-28T05:07:05.000Z","volume":4500,"label":" ","price":8.75},{"type":"A","date":"2018-03-28T05:07:05.000Z","volume":500,"label":" ","price":8.76},{"type":"A","date":"2018-03-28T05:07:08.000Z","volume":4500,"label":" ","price":8.76},{"type":"A","date":"2018-03-28T05:07:09.000Z","volume":500,"label":" ","price":8.77},{"type":"A","date":"2018-03-28T05:07:09.000Z","volume":500,"label":" ","price":8.77},{"type":"A","date":"2018-03-28T05:08:48.000Z","volume":10000,"label":" ","price":8.77},{"type":"A","date":"2018-03-28T05:08:48.000Z","volume":2000,"label":" ","price":8.77},{"type":"A","date":"2018-03-28T05:08:48.000Z","volume":500,"label":" ","price":8.77},{"type":"A","date":"2018-03-28T05:10:07.000Z","volume":500,"label":" ","price":8.77},{"type":"A","date":"2018-03-28T05:11:02.000Z","volume":8500,"label":" ","price":8.77},{"type":"A","date":"2018-03-28T05:11:02.000Z","volume":1500,"label":" ","price":8.78},{"type":"A","date":"2018-03-28T05:11:02.000Z","volume":500,"label":" ","price":8.78},{"type":"A","date":"2018-03-28T05:11:05.000Z","volume":3000,"label":" ","price":8.78},{"type":"A","date":"2018-03-28T05:11:05.000Z","volume":2000,"label":" ","price":8.78},{"type":"B","date":"2018-03-28T05:11:05.000Z","volume":500,"label":" ","price":8.8},{"type":"B","date":"2018-03-28T05:11:14.000Z","volume":5000,"label":" ","price":8.8},{"type":"B","date":"2018-03-28T05:11:14.000Z","volume":1000,"label":" ","price":8.8},{"type":"B","date":"2018-03-28T05:11:35.000Z","volume":1000,"label":" ","price":8.8},{"type":"B","date":"2018-03-28T05:11:55.000Z","volume":2500,"label":" ","price":8.8},{"type":"B","date":"2018-03-28T05:11:55.000Z","volume":4000,"label":" ","price":8.79},{"type":"B","date":"2018-03-28T05:11:55.000Z","volume":500,"label":" ","price":8.79},{"type":"A","date":"2018-03-28T05:11:55.000Z","volume":500,"label":" ","price":8.79},{"type":"B","date":"2018-03-28T05:11:55.000Z","volume":1500,"label":" ","price":8.78},{"type":"A","date":"2018-03-28T05:12:34.000Z","volume":10000,"label":" ","price":8.78},{"type":"A","date":"2018-03-28T05:12:34.000Z","volume":1000,"label":" ","price":8.78},{"type":"A","date":"2018-03-28T05:12:34.000Z","volume":500,"label":" ","price":8.78},{"type":"A","date":"2018-03-28T05:12:34.000Z","volume":500,"label":" ","price":8.78},{"type":"B","date":"2018-03-28T05:14:02.000Z","volume":1000,"label":" ","price":8.76},{"type":"A","date":"2018-03-28T05:14:26.000Z","volume":3000,"label":" ","price":8.77},{"type":"A","date":"2018-03-28T05:14:26.000Z","volume":71000,"label":" ","price":8.78},{"type":"A","date":"2018-03-28T05:14:26.000Z","volume":13500,"label":" ","price":8.8},{"type":"A","date":"2018-03-28T05:14:26.000Z","volume":2500,"label":" ","price":8.8},{"type":"A","date":"2018-03-28T05:14:26.000Z","volume":500,"label":" ","price":8.8},{"type":"A","date":"2018-03-28T05:16:22.000Z","volume":1000,"label":" ","price":8.77},{"type":"A","date":"2018-03-28T05:16:22.000Z","volume":1500,"label":" ","price":8.78},{"type":"A","date":"2018-03-28T05:16:22.000Z","volume":500,"label":" ","price":8.78},{"type":"A","date":"2018-03-28T05:17:07.000Z","volume":500,"label":" ","price":8.78},{"type":"A","date":"2018-03-28T05:17:08.000Z","volume":500,"label":" ","price":8.78},{"type":"B","date":"2018-03-28T05:18:32.000Z","volume":1000,"label":" ","price":8.76},{"type":"A","date":"2018-03-28T05:18:33.000Z","volume":500,"label":" ","price":8.77},{"type":"B","date":"2018-03-28T05:18:46.000Z","volume":12500,"label":" ","price":8.76},{"type":"A","date":"2018-03-28T05:18:47.000Z","volume":2000,"label":" ","price":8.77},{"type":"A","date":"2018-03-28T05:18:47.000Z","volume":500,"label":" ","price":8.77},{"type":"B","date":"2018-03-28T05:18:48.000Z","volume":1500,"label":" ","price":8.75},{"type":"B","date":"2018-03-28T05:18:48.000Z","volume":2000,"label":" ","price":8.75},{"type":"A","date":"2018-03-28T05:18:48.000Z","volume":1000,"label":" ","price":8.76},{"type":"A","date":"2018-03-28T05:18:48.000Z","volume":500,"label":" ","price":8.76},{"type":"B","date":"2018-03-28T05:19:00.000Z","volume":2500,"label":" ","price":8.74},{"type":"B","date":"2018-03-28T05:19:15.000Z","volume":1000,"label":" ","price":8.73},{"type":"U","date":"2018-03-28T05:19:27.000Z","volume":1000,"label":" ","price":8.72},{"type":"A","date":"2018-03-28T05:19:27.000Z","volume":500,"label":" ","price":8.73},{"type":"A","date":"2018-03-28T05:19:27.000Z","volume":500,"label":" ","price":8.73},{"type":"A","date":"2018-03-28T05:19:27.000Z","volume":500,"label":" ","price":8.73},{"type":"B","date":"2018-03-28T05:20:52.000Z","volume":1000,"label":" ","price":8.71},{"type":"A","date":"2018-03-28T05:21:14.000Z","volume":10000,"label":" ","price":8.72},{"type":"A","date":"2018-03-28T05:21:14.000Z","volume":500,"label":" ","price":8.72},{"type":"A","date":"2018-03-28T05:21:14.000Z","volume":500,"label":" ","price":8.72},{"type":"A","date":"2018-03-28T05:21:14.000Z","volume":1500,"label":" ","price":8.72},{"type":"A","date":"2018-03-28T05:21:14.000Z","volume":1500,"label":" ","price":8.72},{"type":"A","date":"2018-03-28T05:21:14.000Z","volume":500,"label":" ","price":8.72},{"type":"A","date":"2018-03-28T05:21:14.000Z","volume":500,"label":" ","price":8.72},{"type":"A","date":"2018-03-28T05:21:14.000Z","volume":500,"label":" ","price":8.72},{"type":"A","date":"2018-03-28T05:21:14.000Z","volume":500,"label":" ","price":8.72},{"type":"A","date":"2018-03-28T05:21:15.000Z","volume":1000,"label":" ","price":8.72},{"type":"A","date":"2018-03-28T05:21:15.000Z","volume":500,"label":" ","price":8.72},{"type":"A","date":"2018-03-28T05:22:19.000Z","volume":500,"label":" ","price":8.72},{"type":"A","date":"2018-03-28T05:22:19.000Z","volume":500,"label":" ","price":8.72},{"type":"B","date":"2018-03-28T05:24:02.000Z","volume":1000,"label":" ","price":8.71},{"type":"B","date":"2018-03-28T05:24:44.000Z","volume":22500,"label":" ","price":8.71},{"type":"B","date":"2018-03-28T05:24:44.000Z","volume":56500,"label":" ","price":8.7},{"type":"A","date":"2018-03-28T05:24:44.000Z","volume":2000,"label":" ","price":8.72},{"type":"A","date":"2018-03-28T05:24:44.000Z","volume":2000,"label":" ","price":8.72},{"type":"A","date":"2018-03-28T05:24:44.000Z","volume":500,"label":" ","price":8.71},{"type":"A","date":"2018-03-28T05:24:44.000Z","volume":3500,"label":" ","price":8.72},{"type":"A","date":"2018-03-28T05:24:44.000Z","volume":4500,"label":" ","price":8.72},{"type":"A","date":"2018-03-28T05:24:44.000Z","volume":500,"label":" ","price":8.72},{"type":"A","date":"2018-03-28T05:24:44.000Z","volume":1000,"label":" ","price":8.72},{"type":"A","date":"2018-03-28T05:24:44.000Z","volume":1500,"label":" ","price":8.72},{"type":"A","date":"2018-03-28T05:24:44.000Z","volume":1000,"label":" ","price":8.72},{"type":"A","date":"2018-03-28T05:24:44.000Z","volume":500,"label":" ","price":8.72},{"type":"A","date":"2018-03-28T05:24:44.000Z","volume":500,"label":" ","price":8.72},{"type":"A","date":"2018-03-28T05:24:44.000Z","volume":500,"label":" ","price":8.72},{"type":"A","date":"2018-03-28T05:24:44.000Z","volume":500,"label":" ","price":8.72},{"type":"A","date":"2018-03-28T05:24:44.000Z","volume":500,"label":" ","price":8.72},{"type":"B","date":"2018-03-28T05:24:45.000Z","volume":1500,"label":" ","price":8.69},{"type":"A","date":"2018-03-28T05:24:45.000Z","volume":500,"label":" ","price":8.72},{"type":"B","date":"2018-03-28T05:24:46.000Z","volume":500,"label":" ","price":8.69},{"type":"B","date":"2018-03-28T05:25:02.000Z","volume":34000,"label":" ","price":8.68},{"type":"A","date":"2018-03-28T05:25:02.000Z","volume":500,"label":" ","price":8.72},{"type":"A","date":"2018-03-28T05:25:02.000Z","volume":1000,"label":" ","price":8.72},{"type":"A","date":"2018-03-28T05:25:02.000Z","volume":500,"label":" ","price":8.72},{"type":"A","date":"2018-03-28T05:25:02.000Z","volume":500,"label":" ","price":8.72},{"type":"B","date":"2018-03-28T05:25:03.000Z","volume":2500,"label":" ","price":8.68},{"type":"A","date":"2018-03-28T05:25:03.000Z","volume":500,"label":" ","price":8.72},{"type":"A","date":"2018-03-28T05:25:03.000Z","volume":500,"label":" ","price":8.72},{"type":"A","date":"2018-03-28T05:25:03.000Z","volume":500,"label":" ","price":8.72},{"type":"B","date":"2018-03-28T05:25:04.000Z","volume":1500,"label":" ","price":8.68},{"type":"B","date":"2018-03-28T05:25:18.000Z","volume":1500,"label":" ","price":8.68},{"type":"U","date":"2018-03-28T05:25:21.000Z","volume":1000,"label":" ","price":8.7},{"type":"A","date":"2018-03-28T05:25:21.000Z","volume":500,"label":" ","price":8.71},{"type":"A","date":"2018-03-28T05:25:21.000Z","volume":500,"label":" ","price":8.71},{"type":"B","date":"2018-03-28T05:25:52.000Z","volume":3500,"label":" ","price":8.68},{"type":"A","date":"2018-03-28T05:25:52.000Z","volume":500,"label":" ","price":8.71},{"type":"A","date":"2018-03-28T05:25:52.000Z","volume":500,"label":" ","price":8.71},{"type":"A","date":"2018-03-28T05:25:52.000Z","volume":500,"label":" ","price":8.71},{"type":"B","date":"2018-03-28T05:25:54.000Z","volume":1500,"label":" ","price":8.68},{"type":"A","date":"2018-03-28T05:25:54.000Z","volume":500,"label":" ","price":8.71},{"type":"A","date":"2018-03-28T05:26:45.000Z","volume":75000,"label":" ","price":8.71},{"type":"A","date":"2018-03-28T05:26:45.000Z","volume":500,"label":" ","price":8.71},{"type":"A","date":"2018-03-28T05:26:45.000Z","volume":1000,"label":" ","price":8.71},{"type":"A","date":"2018-03-28T05:26:45.000Z","volume":40000,"label":" ","price":8.71},{"type":"A","date":"2018-03-28T05:26:45.000Z","volume":9000,"label":" ","price":8.72},{"type":"A","date":"2018-03-28T05:26:45.000Z","volume":500,"label":" ","price":8.74},{"type":"A","date":"2018-03-28T05:26:45.000Z","volume":1500,"label":"Y","price":8.79},{"type":"B","date":"2018-03-28T05:26:45.000Z","volume":4000,"label":" ","price":8.79},{"type":"B","date":"2018-03-28T05:26:45.000Z","volume":1000,"label":"Y","price":8.79},{"type":"B","date":"2018-03-28T05:26:51.000Z","volume":7500,"label":" ","price":8.77},{"type":"B","date":"2018-03-28T05:27:00.000Z","volume":2000,"label":" ","price":8.76},{"type":"B","date":"2018-03-28T05:27:29.000Z","volume":1000,"label":" ","price":8.76},{"type":"B","date":"2018-03-28T05:27:33.000Z","volume":1500,"label":" ","price":8.76},{"type":"B","date":"2018-03-28T05:27:33.000Z","volume":2500,"label":" ","price":8.76},{"type":"A","date":"2018-03-28T05:27:33.000Z","volume":500,"label":" ","price":8.78},{"type":"U","date":"2018-03-28T05:28:02.000Z","volume":2500,"label":"X","price":8.72},{"type":"B","date":"2018-03-28T05:28:02.000Z","volume":1500,"label":" ","price":8.75},{"type":"B","date":"2018-03-28T05:31:39.000Z","volume":500,"label":" ","price":8.77},{"type":"B","date":"2018-03-28T05:32:22.000Z","volume":1000,"label":" ","price":8.77},{"type":"B","date":"2018-03-28T05:32:29.000Z","volume":1000,"label":" ","price":8.77},{"type":"B","date":"2018-03-28T05:33:59.000Z","volume":1000,"label":" ","price":8.77},{"type":"A","date":"2018-03-28T05:34:17.000Z","volume":500,"label":" ","price":8.78},{"type":"A","date":"2018-03-28T05:35:38.000Z","volume":500,"label":" ","price":8.78},{"type":"B","date":"2018-03-28T05:36:27.000Z","volume":1000,"label":" ","price":8.77},{"type":"A","date":"2018-03-28T05:37:02.000Z","volume":500,"label":" ","price":8.78},{"type":"A","date":"2018-03-28T05:37:06.000Z","volume":1500,"label":" ","price":8.78},{"type":"B","date":"2018-03-28T05:38:01.000Z","volume":24000,"label":" ","price":8.77},{"type":"B","date":"2018-03-28T05:38:01.000Z","volume":500,"label":" ","price":8.77},{"type":"A","date":"2018-03-28T05:38:01.000Z","volume":500,"label":" ","price":8.78},{"type":"B","date":"2018-03-28T05:38:01.000Z","volume":500,"label":" ","price":8.77},{"type":"B","date":"2018-03-28T05:38:43.000Z","volume":1000,"label":" ","price":8.76},{"type":"B","date":"2018-03-28T05:39:07.000Z","volume":6000,"label":" ","price":8.76},{"type":"B","date":"2018-03-28T05:39:07.000Z","volume":500,"label":" ","price":8.76},{"type":"B","date":"2018-03-28T05:39:33.000Z","volume":11500,"label":" ","price":8.75},{"type":"B","date":"2018-03-28T05:39:35.000Z","volume":500,"label":" ","price":8.74},{"type":"U","date":"2018-03-28T05:42:09.000Z","volume":1000,"label":" ","price":8.73},{"type":"A","date":"2018-03-28T05:42:31.000Z","volume":10000,"label":" ","price":8.74},{"type":"A","date":"2018-03-28T05:42:31.000Z","volume":500,"label":" ","price":8.74},{"type":"A","date":"2018-03-28T05:42:31.000Z","volume":1000,"label":" ","price":8.74},{"type":"B","date":"2018-03-28T05:44:05.000Z","volume":1000,"label":" ","price":8.73},{"type":"A","date":"2018-03-28T05:46:05.000Z","volume":500,"label":" ","price":8.74},{"type":"B","date":"2018-03-28T05:46:06.000Z","volume":500,"label":" ","price":8.72},{"type":"A","date":"2018-03-28T05:46:06.000Z","volume":500,"label":" ","price":8.73},{"type":"A","date":"2018-03-28T05:46:14.000Z","volume":12000,"label":" ","price":8.73},{"type":"A","date":"2018-03-28T05:46:14.000Z","volume":40500,"label":" ","price":8.74},{"type":"A","date":"2018-03-28T05:46:14.000Z","volume":500,"label":" ","price":8.75},{"type":"A","date":"2018-03-28T05:46:14.000Z","volume":4000,"label":" ","price":8.75},{"type":"A","date":"2018-03-28T05:46:14.000Z","volume":500,"label":" ","price":8.75},{"type":"A","date":"2018-03-28T05:46:17.000Z","volume":3000,"label":" ","price":8.75},{"type":"U","date":"2018-03-28T05:46:26.000Z","volume":1000,"label":"X","price":8.739},{"type":"A","date":"2018-03-28T05:47:32.000Z","volume":500,"label":" ","price":8.76},{"type":"B","date":"2018-03-28T05:47:35.000Z","volume":1000,"label":" ","price":8.75},{"type":"A","date":"2018-03-28T05:48:52.000Z","volume":1500,"label":" ","price":8.76},{"type":"A","date":"2018-03-28T05:48:52.000Z","volume":500,"label":" ","price":8.76},{"type":"A","date":"2018-03-28T05:49:32.000Z","volume":500,"label":" ","price":8.76},{"type":"B","date":"2018-03-28T05:49:41.000Z","volume":1000,"label":" ","price":8.75},{"type":"A","date":"2018-03-28T05:49:41.000Z","volume":1000,"label":" ","price":8.76},{"type":"A","date":"2018-03-28T05:49:57.000Z","volume":5000,"label":" ","price":8.76},{"type":"A","date":"2018-03-28T05:49:57.000Z","volume":500,"label":" ","price":8.76},{"type":"A","date":"2018-03-28T05:50:40.000Z","volume":500,"label":" ","price":8.76},{"type":"A","date":"2018-03-28T05:50:49.000Z","volume":1000,"label":" ","price":8.76},{"type":"A","date":"2018-03-28T05:51:09.000Z","volume":500,"label":" ","price":8.76},{"type":"A","date":"2018-03-28T05:51:12.000Z","volume":10000,"label":" ","price":8.76},{"type":"A","date":"2018-03-28T05:51:12.000Z","volume":500,"label":" ","price":8.77},{"type":"A","date":"2018-03-28T05:51:12.000Z","volume":500,"label":" ","price":8.77},{"type":"A","date":"2018-03-28T05:51:15.000Z","volume":2000,"label":" ","price":8.77},{"type":"U","date":"2018-03-28T05:51:16.000Z","volume":1000,"label":"X","price":8.77},{"type":"A","date":"2018-03-28T05:51:17.000Z","volume":500,"label":" ","price":8.77},{"type":"B","date":"2018-03-28T05:52:08.000Z","volume":1000,"label":" ","price":8.78},{"type":"A","date":"2018-03-28T05:52:08.000Z","volume":500,"label":" ","price":8.79},{"type":"A","date":"2018-03-28T05:52:11.000Z","volume":1000,"label":" ","price":8.79},{"type":"U","date":"2018-03-28T05:52:47.000Z","volume":500,"label":" ","price":8.79},{"type":"A","date":"2018-03-28T05:53:36.000Z","volume":1000,"label":" ","price":8.8},{"type":"A","date":"2018-03-28T05:54:01.000Z","volume":1000,"label":" ","price":8.8},{"type":"B","date":"2018-03-28T05:54:15.000Z","volume":1000,"label":" ","price":8.79},{"type":"A","date":"2018-03-28T05:54:15.000Z","volume":500,"label":" ","price":8.8},{"type":"U","date":"2018-03-28T05:54:16.000Z","volume":1500,"label":"X","price":8.79},{"type":"A","date":"2018-03-28T05:54:32.000Z","volume":500,"label":" ","price":8.8},{"type":"A","date":"2018-03-28T05:54:33.000Z","volume":1000,"label":" ","price":8.8},{"type":"A","date":"2018-03-28T05:55:32.000Z","volume":500,"label":" ","price":8.8},{"type":"A","date":"2018-03-28T05:55:32.000Z","volume":500,"label":" ","price":8.8},{"type":"U","date":"2018-03-28T05:55:40.000Z","volume":500,"label":"X","price":8.79},{"type":"U","date":"2018-03-28T05:55:40.000Z","volume":500,"label":"X","price":8.79},{"type":"A","date":"2018-03-28T05:55:52.000Z","volume":1000,"label":" ","price":8.8},{"type":"B","date":"2018-03-28T05:56:30.000Z","volume":1000,"label":" ","price":8.79},{"type":"A","date":"2018-03-28T05:56:30.000Z","volume":500,"label":" ","price":8.8},{"type":"A","date":"2018-03-28T05:57:27.000Z","volume":20000,"label":" ","price":8.8},{"type":"A","date":"2018-03-28T05:57:27.000Z","volume":3500,"label":" ","price":8.8},{"type":"A","date":"2018-03-28T05:57:27.000Z","volume":500,"label":" ","price":8.8},{"type":"A","date":"2018-03-28T05:58:32.000Z","volume":500,"label":" ","price":8.8},{"type":"A","date":"2018-03-28T05:58:32.000Z","volume":500,"label":" ","price":8.8},{"type":"B","date":"2018-03-28T05:58:39.000Z","volume":1000,"label":" ","price":8.79},{"type":"B","date":"2018-03-28T05:58:58.000Z","volume":18500,"label":" ","price":8.79},{"type":"B","date":"2018-03-28T05:58:58.000Z","volume":9500,"label":" ","price":8.78},{"type":"A","date":"2018-03-28T05:58:58.000Z","volume":1000,"label":" ","price":8.8},{"type":"A","date":"2018-03-28T05:59:28.000Z","volume":9000,"label":" ","price":8.78},{"type":"A","date":"2018-03-28T05:59:28.000Z","volume":2000,"label":" ","price":8.79},{"type":"A","date":"2018-03-28T05:59:28.000Z","volume":29000,"label":" ","price":8.8},{"type":"A","date":"2018-03-28T05:59:28.000Z","volume":6500,"label":" ","price":8.8},{"type":"A","date":"2018-03-28T05:59:28.000Z","volume":1000,"label":" ","price":8.8},{"type":"A","date":"2018-03-28T05:59:28.000Z","volume":500,"label":" ","price":8.8},{"type":"A","date":"2018-03-28T05:59:53.000Z","volume":500,"label":" ","price":8.78},{"type":"A","date":"2018-03-28T05:59:53.000Z","volume":1000,"label":" ","price":8.77},{"type":"U","date":"2018-03-28T06:00:07.000Z","volume":1500,"label":"X","price":8.794},{"type":"U","date":"2018-03-28T06:00:07.000Z","volume":1500,"label":"X","price":8.794},{"type":"A","date":"2018-03-28T06:05:47.000Z","volume":500,"label":" ","price":8.78},{"type":"A","date":"2018-03-28T06:05:47.000Z","volume":500,"label":" ","price":8.78},{"type":"A","date":"2018-03-28T06:05:47.000Z","volume":8000,"label":" ","price":8.78},{"type":"A","date":"2018-03-28T06:05:47.000Z","volume":1500,"label":" ","price":8.79},{"type":"A","date":"2018-03-28T06:06:28.000Z","volume":1500,"label":" ","price":8.8},{"type":"A","date":"2018-03-28T06:06:28.000Z","volume":500,"label":" ","price":8.8},{"type":"A","date":"2018-03-28T06:06:35.000Z","volume":500,"label":" ","price":8.8},{"type":"A","date":"2018-03-28T06:07:32.000Z","volume":500,"label":" ","price":8.8},{"type":"A","date":"2018-03-28T06:07:32.000Z","volume":500,"label":" ","price":8.8},{"type":"B","date":"2018-03-28T06:07:42.000Z","volume":1000,"label":" ","price":8.79},{"type":"B","date":"2018-03-28T06:07:42.000Z","volume":10000,"label":" ","price":8.79},{"type":"A","date":"2018-03-28T06:07:42.000Z","volume":500,"label":" ","price":8.8},{"type":"B","date":"2018-03-28T06:07:48.000Z","volume":4000,"label":" ","price":8.78},{"type":"A","date":"2018-03-28T06:07:48.000Z","volume":500,"label":" ","price":8.79},{"type":"B","date":"2018-03-28T06:07:53.000Z","volume":11500,"label":" ","price":8.78},{"type":"A","date":"2018-03-28T06:07:53.000Z","volume":500,"label":" ","price":8.79},{"type":"U","date":"2018-03-28T06:10:07.000Z","volume":3000,"label":"X","price":8.785},{"type":"A","date":"2018-03-28T06:11:39.000Z","volume":500,"label":" ","price":8.79},{"type":"A","date":"2018-03-28T06:11:39.000Z","volume":500,"label":" ","price":8.79},{"type":"A","date":"2018-03-28T06:12:17.000Z","volume":500,"label":" ","price":8.78},{"type":"B","date":"2018-03-28T06:12:29.000Z","volume":500,"label":" ","price":8.77},{"type":"B","date":"2018-03-28T06:12:41.000Z","volume":1000,"label":" ","price":8.77},{"type":"A","date":"2018-03-28T06:12:41.000Z","volume":500,"label":" ","price":8.78},{"type":"B","date":"2018-03-28T06:14:26.000Z","volume":1000,"label":" ","price":8.77},{"type":"B","date":"2018-03-28T06:14:26.000Z","volume":1000,"label":" ","price":8.77},{"type":"B","date":"2018-03-28T06:14:33.000Z","volume":1000,"label":" ","price":8.77},{"type":"A","date":"2018-03-28T06:15:15.000Z","volume":500,"label":" ","price":8.77},{"type":"B","date":"2018-03-28T06:16:33.000Z","volume":500,"label":" ","price":8.76},{"type":"A","date":"2018-03-28T06:17:47.000Z","volume":500,"label":" ","price":8.77},{"type":"A","date":"2018-03-28T06:18:53.000Z","volume":3000,"label":" ","price":8.77},{"type":"A","date":"2018-03-28T06:18:53.000Z","volume":500,"label":" ","price":8.77},{"type":"B","date":"2018-03-28T06:18:53.000Z","volume":500,"label":" ","price":8.76},{"type":"A","date":"2018-03-28T06:18:53.000Z","volume":500,"label":" ","price":8.77},{"type":"B","date":"2018-03-28T06:18:54.000Z","volume":1000,"label":" ","price":8.76},{"type":"B","date":"2018-03-28T06:19:38.000Z","volume":500,"label":" ","price":8.76},{"type":"B","date":"2018-03-28T06:19:38.000Z","volume":1000,"label":" ","price":8.76},{"type":"B","date":"2018-03-28T06:19:52.000Z","volume":1000,"label":" ","price":8.76},{"type":"B","date":"2018-03-28T06:19:52.000Z","volume":5000,"label":" ","price":8.76},{"type":"B","date":"2018-03-28T06:20:21.000Z","volume":1000,"label":" ","price":8.76},{"type":"A","date":"2018-03-28T06:21:08.000Z","volume":500,"label":" ","price":8.77},{"type":"B","date":"2018-03-28T06:22:36.000Z","volume":1000,"label":" ","price":8.75},{"type":"A","date":"2018-03-28T06:23:02.000Z","volume":500,"label":" ","price":8.76},{"type":"B","date":"2018-03-28T06:23:36.000Z","volume":1000,"label":" ","price":8.75},{"type":"U","date":"2018-03-28T06:24:11.000Z","volume":500,"label":"X","price":8.763},{"type":"A","date":"2018-03-28T06:24:55.000Z","volume":5000,"label":" ","price":8.76},{"type":"A","date":"2018-03-28T06:24:55.000Z","volume":1000,"label":" ","price":8.76},{"type":"A","date":"2018-03-28T06:24:55.000Z","volume":500,"label":" ","price":8.76},{"type":"A","date":"2018-03-28T06:25:02.000Z","volume":500,"label":" ","price":8.76},{"type":"A","date":"2018-03-28T06:25:32.000Z","volume":500,"label":" ","price":8.76},{"type":"A","date":"2018-03-28T06:25:32.000Z","volume":3500,"label":" ","price":8.76},{"type":"A","date":"2018-03-28T06:25:32.000Z","volume":500,"label":" ","price":8.76},{"type":"A","date":"2018-03-28T06:25:32.000Z","volume":500,"label":" ","price":8.76},{"type":"B","date":"2018-03-28T06:25:35.000Z","volume":1000,"label":" ","price":8.75},{"type":"A","date":"2018-03-28T06:25:50.000Z","volume":500,"label":" ","price":8.76},{"type":"A","date":"2018-03-28T06:26:32.000Z","volume":500,"label":" ","price":8.76},{"type":"B","date":"2018-03-28T06:26:57.000Z","volume":1500,"label":" ","price":8.75},{"type":"A","date":"2018-03-28T06:26:57.000Z","volume":500,"label":" ","price":8.76},{"type":"B","date":"2018-03-28T06:27:08.000Z","volume":500,"label":" ","price":8.75},{"type":"A","date":"2018-03-28T06:27:11.000Z","volume":500,"label":"Y","price":8.76},{"type":"A","date":"2018-03-28T06:27:11.000Z","volume":500,"label":" ","price":8.76},{"type":"A","date":"2018-03-28T06:27:45.000Z","volume":3000,"label":" ","price":8.76},{"type":"A","date":"2018-03-28T06:27:45.000Z","volume":500,"label":" ","price":8.76},{"type":"B","date":"2018-03-28T06:27:56.000Z","volume":1000,"label":" ","price":8.75},{"type":"A","date":"2018-03-28T06:28:02.000Z","volume":500,"label":" ","price":8.76},{"type":"B","date":"2018-03-28T06:28:05.000Z","volume":500,"label":" ","price":8.75},{"type":"B","date":"2018-03-28T06:28:06.000Z","volume":3000,"label":" ","price":8.75},{"type":"A","date":"2018-03-28T06:28:23.000Z","volume":3000,"label":" ","price":8.76},{"type":"A","date":"2018-03-28T06:28:28.000Z","volume":500,"label":" ","price":8.76},{"type":"U","date":"2018-03-28T06:29:11.000Z","volume":1500,"label":"X","price":8.757},{"type":"U","date":"2018-03-28T06:29:11.000Z","volume":1000,"label":"X","price":8.757},{"type":"B","date":"2018-03-28T06:30:11.000Z","volume":1000,"label":" ","price":8.75},{"type":"A","date":"2018-03-28T06:30:17.000Z","volume":55000,"label":" ","price":8.76},{"type":"A","date":"2018-03-28T06:30:17.000Z","volume":4000,"label":" ","price":8.77},{"type":"A","date":"2018-03-28T06:30:17.000Z","volume":1500,"label":" ","price":8.78},{"type":"A","date":"2018-03-28T06:30:17.000Z","volume":1500,"label":" ","price":8.79},{"type":"A","date":"2018-03-28T06:30:17.000Z","volume":4000,"label":" ","price":8.8},{"type":"A","date":"2018-03-28T06:30:17.000Z","volume":4500,"label":" ","price":8.8},{"type":"U","date":"2018-03-28T06:30:23.000Z","volume":2000,"label":" ","price":8.79},{"type":"B","date":"2018-03-28T06:30:28.000Z","volume":1500,"label":" ","price":8.79},{"type":"A","date":"2018-03-28T06:31:32.000Z","volume":500,"label":" ","price":8.8},{"type":"B","date":"2018-03-28T06:32:23.000Z","volume":1000,"label":" ","price":8.79},{"type":"U","date":"2018-03-28T06:34:11.000Z","volume":1000,"label":"X","price":8.768},{"type":"U","date":"2018-03-28T06:34:11.000Z","volume":1000,"label":"X","price":8.768},{"type":"B","date":"2018-03-28T06:34:17.000Z","volume":8000,"label":" ","price":8.79},{"type":"B","date":"2018-03-28T06:34:17.000Z","volume":12000,"label":" ","price":8.78},{"type":"B","date":"2018-03-28T06:34:17.000Z","volume":500,"label":" ","price":8.78},{"type":"B","date":"2018-03-28T06:34:17.000Z","volume":500,"label":" ","price":8.79},{"type":"B","date":"2018-03-28T06:34:50.000Z","volume":14000,"label":" ","price":8.77},{"type":"B","date":"2018-03-28T06:35:15.000Z","volume":1000,"label":" ","price":8.75},{"type":"B","date":"2018-03-28T06:35:15.000Z","volume":500,"label":" ","price":8.75},{"type":"A","date":"2018-03-28T06:35:15.000Z","volume":500,"label":" ","price":8.76},{"type":"U","date":"2018-03-28T06:35:17.000Z","volume":1500,"label":" ","price":8.74},{"type":"A","date":"2018-03-28T06:35:21.000Z","volume":9000,"label":" ","price":8.75},{"type":"A","date":"2018-03-28T06:35:21.000Z","volume":500,"label":" ","price":8.75},{"type":"A","date":"2018-03-28T06:35:21.000Z","volume":1500,"label":" ","price":8.75},{"type":"B","date":"2018-03-28T06:39:39.000Z","volume":1000,"label":" ","price":8.75},{"type":"A","date":"2018-03-28T06:39:39.000Z","volume":500,"label":" ","price":8.76},{"type":"B","date":"2018-03-28T06:40:33.000Z","volume":500,"label":" ","price":8.75},{"type":"B","date":"2018-03-28T06:40:41.000Z","volume":500,"label":" ","price":8.75},{"type":"B","date":"2018-03-28T06:40:45.000Z","volume":1000,"label":" ","price":8.75},{"type":"A","date":"2018-03-28T06:40:45.000Z","volume":500,"label":" ","price":8.76},{"type":"B","date":"2018-03-28T06:40:45.000Z","volume":2500,"label":" ","price":8.75},{"type":"B","date":"2018-03-28T06:40:48.000Z","volume":500,"label":" ","price":8.75},{"type":"B","date":"2018-03-28T06:40:57.000Z","volume":500,"label":" ","price":8.75},{"type":"B","date":"2018-03-28T06:41:10.000Z","volume":3000,"label":" ","price":8.75},{"type":"B","date":"2018-03-28T06:41:10.000Z","volume":1500,"label":" ","price":8.75},{"type":"B","date":"2018-03-28T06:41:10.000Z","volume":1000,"label":" ","price":8.75},{"type":"B","date":"2018-03-28T06:42:21.000Z","volume":500,"label":" ","price":8.74},{"type":"B","date":"2018-03-28T06:42:41.000Z","volume":500,"label":" ","price":8.74},{"type":"B","date":"2018-03-28T06:42:41.000Z","volume":500,"label":" ","price":8.74},{"type":"B","date":"2018-03-28T06:42:41.000Z","volume":4000,"label":" ","price":8.74},{"type":"U","date":"2018-03-28T06:42:55.000Z","volume":3000,"label":"X","price":8.764},{"type":"U","date":"2018-03-28T06:42:55.000Z","volume":1500,"label":"X","price":8.764},{"type":"B","date":"2018-03-28T06:43:40.000Z","volume":1500,"label":" ","price":8.73},{"type":"A","date":"2018-03-28T06:44:07.000Z","volume":10000,"label":" ","price":8.75},{"type":"A","date":"2018-03-28T06:44:07.000Z","volume":500,"label":" ","price":8.75},{"type":"A","date":"2018-03-28T06:44:07.000Z","volume":1000,"label":" ","price":8.75},{"type":"A","date":"2018-03-28T06:44:07.000Z","volume":500,"label":" ","price":8.75},{"type":"B","date":"2018-03-28T06:45:10.000Z","volume":1500,"label":" ","price":8.74},{"type":"B","date":"2018-03-28T06:45:40.000Z","volume":1500,"label":" ","price":8.74},{"type":"A","date":"2018-03-28T06:45:40.000Z","volume":500,"label":" ","price":8.75},{"type":"A","date":"2018-03-28T06:46:42.000Z","volume":2000,"label":" ","price":8.74},{"type":"A","date":"2018-03-28T06:46:42.000Z","volume":500,"label":" ","price":8.74},{"type":"A","date":"2018-03-28T06:46:42.000Z","volume":500,"label":" ","price":8.74},{"type":"A","date":"2018-03-28T06:47:08.000Z","volume":500,"label":" ","price":8.74},{"type":"U","date":"2018-03-28T06:47:10.000Z","volume":1000,"label":"X","price":8.73},{"type":"U","date":"2018-03-28T06:47:10.000Z","volume":500,"label":"X","price":8.73},{"type":"U","date":"2018-03-28T06:48:10.000Z","volume":500,"label":"X","price":8.73},{"type":"B","date":"2018-03-28T06:48:10.000Z","volume":500,"label":" ","price":8.73},{"type":"A","date":"2018-03-28T06:48:10.000Z","volume":500,"label":" ","price":8.74},{"type":"A","date":"2018-03-28T06:48:10.000Z","volume":500,"label":" ","price":8.74},{"type":"B","date":"2018-03-28T06:48:19.000Z","volume":1000,"label":" ","price":8.73},{"type":"B","date":"2018-03-28T06:48:39.000Z","volume":1000,"label":" ","price":8.73},{"type":"B","date":"2018-03-28T06:48:39.000Z","volume":40500,"label":" ","price":8.73},{"type":"A","date":"2018-03-28T06:48:39.000Z","volume":500,"label":" ","price":8.74},{"type":"A","date":"2018-03-28T06:48:39.000Z","volume":500,"label":" ","price":8.74},{"type":"A","date":"2018-03-28T06:48:39.000Z","volume":4000,"label":" ","price":8.74},{"type":"A","date":"2018-03-28T06:48:39.000Z","volume":5000,"label":" ","price":8.74},{"type":"A","date":"2018-03-28T06:48:39.000Z","volume":1000,"label":" ","price":8.74},{"type":"A","date":"2018-03-28T06:48:39.000Z","volume":1000,"label":" ","price":8.74},{"type":"A","date":"2018-03-28T06:48:39.000Z","volume":1000,"label":" ","price":8.74},{"type":"A","date":"2018-03-28T06:48:39.000Z","volume":1000,"label":" ","price":8.74},{"type":"A","date":"2018-03-28T06:48:39.000Z","volume":500,"label":" ","price":8.74},{"type":"A","date":"2018-03-28T06:48:39.000Z","volume":500,"label":" ","price":8.74},{"type":"A","date":"2018-03-28T06:48:39.000Z","volume":500,"label":" ","price":8.74},{"type":"A","date":"2018-03-28T06:48:39.000Z","volume":500,"label":" ","price":8.74},{"type":"B","date":"2018-03-28T06:49:32.000Z","volume":1000,"label":" ","price":8.72},{"type":"B","date":"2018-03-28T06:50:31.000Z","volume":1000,"label":" ","price":8.72},{"type":"A","date":"2018-03-28T06:50:31.000Z","volume":500,"label":" ","price":8.73},{"type":"A","date":"2018-03-28T06:50:31.000Z","volume":500,"label":" ","price":8.73},{"type":"B","date":"2018-03-28T06:50:40.000Z","volume":1000,"label":" ","price":8.72},{"type":"B","date":"2018-03-28T06:50:41.000Z","volume":20000,"label":" ","price":8.72},{"type":"B","date":"2018-03-28T06:50:43.000Z","volume":3500,"label":"Y","price":8.71},{"type":"B","date":"2018-03-28T06:50:43.000Z","volume":1000,"label":" ","price":8.71},{"type":"B","date":"2018-03-28T06:50:45.000Z","volume":1000,"label":" ","price":8.71},{"type":"U","date":"2018-03-28T06:51:07.000Z","volume":1000,"label":"X","price":8.718},{"type":"B","date":"2018-03-28T06:51:47.000Z","volume":500,"label":" ","price":8.7},{"type":"B","date":"2018-03-28T06:51:57.000Z","volume":500,"label":" ","price":8.7},{"type":"B","date":"2018-03-28T06:52:21.000Z","volume":500,"label":" ","price":8.7},{"type":"B","date":"2018-03-28T06:52:50.000Z","volume":500,"label":" ","price":8.7},{"type":"B","date":"2018-03-28T06:52:59.000Z","volume":1000,"label":" ","price":8.7},{"type":"A","date":"2018-03-28T06:53:10.000Z","volume":500,"label":" ","price":8.71},{"type":"B","date":"2018-03-28T06:53:45.000Z","volume":1500,"label":" ","price":8.7},{"type":"B","date":"2018-03-28T06:53:47.000Z","volume":500,"label":" ","price":8.7},{"type":"B","date":"2018-03-28T06:53:48.000Z","volume":1500,"label":" ","price":8.7},{"type":"B","date":"2018-03-28T06:54:17.000Z","volume":500,"label":" ","price":8.7},{"type":"B","date":"2018-03-28T06:54:45.000Z","volume":1500,"label":" ","price":8.7},{"type":"A","date":"2018-03-28T06:54:45.000Z","volume":500,"label":" ","price":8.71},{"type":"B","date":"2018-03-28T06:54:52.000Z","volume":1000,"label":" ","price":8.7},{"type":"B","date":"2018-03-28T06:55:13.000Z","volume":500,"label":" ","price":8.7},{"type":"B","date":"2018-03-28T06:55:15.000Z","volume":1500,"label":" ","price":8.7},{"type":"A","date":"2018-03-28T06:55:15.000Z","volume":500,"label":" ","price":8.71},{"type":"A","date":"2018-03-28T06:55:33.000Z","volume":500,"label":" ","price":8.71},{"type":"B","date":"2018-03-28T06:56:11.000Z","volume":1500,"label":" ","price":8.7},{"type":"A","date":"2018-03-28T06:56:11.000Z","volume":500,"label":" ","price":8.71},{"type":"B","date":"2018-03-28T06:56:14.000Z","volume":1500,"label":" ","price":8.7},{"type":"A","date":"2018-03-28T06:56:14.000Z","volume":500,"label":" ","price":8.71},{"type":"B","date":"2018-03-28T06:56:23.000Z","volume":82500,"label":" ","price":8.7},{"type":"A","date":"2018-03-28T06:56:23.000Z","volume":6500,"label":" ","price":8.71},{"type":"B","date":"2018-03-28T06:56:23.000Z","volume":500,"label":" ","price":8.7},{"type":"B","date":"2018-03-28T06:56:23.000Z","volume":500,"label":" ","price":8.7},{"type":"B","date":"2018-03-28T06:57:03.000Z","volume":1000,"label":" ","price":8.7},{"type":"B","date":"2018-03-28T06:58:24.000Z","volume":8500,"label":" ","price":8.7},{"type":"U","date":"2018-03-28T06:58:41.000Z","volume":1500,"label":"X","price":8.7},{"type":"B","date":"2018-03-28T06:59:01.000Z","volume":1000,"label":" ","price":8.7},{"type":"B","date":"2018-03-28T06:59:24.000Z","volume":1000,"label":" ","price":8.7},{"type":"B","date":"2018-03-28T06:59:31.000Z","volume":46500,"label":" ","price":8.7},{"type":"A","date":"2018-03-28T06:59:31.000Z","volume":3000,"label":" ","price":8.71},{"type":"B","date":"2018-03-28T06:59:31.000Z","volume":1500,"label":" ","price":8.7},{"type":"B","date":"2018-03-28T07:00:02.000Z","volume":2500,"label":" ","price":8.7},{"type":"B","date":"2018-03-28T07:00:08.000Z","volume":500,"label":" ","price":8.7},{"type":"U","date":"2018-03-28T07:00:41.000Z","volume":1500,"label":"X","price":8.7},{"type":"B","date":"2018-03-28T07:01:19.000Z","volume":500,"label":" ","price":8.7},{"type":"B","date":"2018-03-28T07:01:35.000Z","volume":500,"label":" ","price":8.7},{"type":"B","date":"2018-03-28T07:01:35.000Z","volume":1000,"label":" ","price":8.7},{"type":"B","date":"2018-03-28T07:01:51.000Z","volume":500,"label":" ","price":8.7},{"type":"B","date":"2018-03-28T07:01:58.000Z","volume":3500,"label":" ","price":8.7},{"type":"B","date":"2018-03-28T07:01:59.000Z","volume":1500,"label":" ","price":8.7},{"type":"B","date":"2018-03-28T07:02:00.000Z","volume":1500,"label":"Y","price":8.7},{"type":"B","date":"2018-03-28T07:02:01.000Z","volume":47500,"label":" ","price":8.7},{"type":"A","date":"2018-03-28T07:02:01.000Z","volume":5000,"label":" ","price":8.71},{"type":"B","date":"2018-03-28T07:02:03.000Z","volume":2000,"label":"Y","price":8.7},{"type":"B","date":"2018-03-28T07:02:04.000Z","volume":1500,"label":" ","price":8.7},{"type":"B","date":"2018-03-28T07:02:07.000Z","volume":500,"label":" ","price":8.7},{"type":"B","date":"2018-03-28T07:02:11.000Z","volume":16000,"label":" ","price":8.7},{"type":"B","date":"2018-03-28T07:02:12.000Z","volume":1500,"label":" ","price":8.7},{"type":"B","date":"2018-03-28T07:02:15.000Z","volume":1500,"label":" ","price":8.7},{"type":"U","date":"2018-03-28T07:02:41.000Z","volume":1000,"label":"X","price":8.7},{"type":"B","date":"2018-03-28T07:02:43.000Z","volume":1500,"label":" ","price":8.7},{"type":"B","date":"2018-03-28T07:02:46.000Z","volume":1500,"label":" ","price":8.7},{"type":"B","date":"2018-03-28T07:02:50.000Z","volume":8000,"label":" ","price":8.7},{"type":"B","date":"2018-03-28T07:02:50.000Z","volume":4000,"label":" ","price":8.7},{"type":"B","date":"2018-03-28T07:02:50.000Z","volume":16000,"label":" ","price":8.7},{"type":"B","date":"2018-03-28T07:02:50.000Z","volume":500,"label":"Y","price":8.7},{"type":"B","date":"2018-03-28T07:02:50.000Z","volume":1500,"label":" ","price":8.7},{"type":"A","date":"2018-03-28T07:02:50.000Z","volume":4000,"label":" ","price":8.71},{"type":"B","date":"2018-03-28T07:02:50.000Z","volume":18000,"label":" ","price":8.7},{"type":"B","date":"2018-03-28T07:02:51.000Z","volume":6500,"label":" ","price":8.7},{"type":"A","date":"2018-03-28T07:02:51.000Z","volume":500,"label":" ","price":8.71},{"type":"A","date":"2018-03-28T07:03:11.000Z","volume":28000,"label":" ","price":8.7},{"type":"A","date":"2018-03-28T07:03:11.000Z","volume":4500,"label":" ","price":8.7},{"type":"A","date":"2018-03-28T07:03:11.000Z","volume":500,"label":" ","price":8.7},{"type":"A","date":"2018-03-28T07:03:21.000Z","volume":3000,"label":" ","price":8.7},{"type":"A","date":"2018-03-28T07:03:21.000Z","volume":500,"label":" ","price":8.7},{"type":"A","date":"2018-03-28T07:03:21.000Z","volume":500,"label":" ","price":8.7},{"type":"B","date":"2018-03-28T07:03:51.000Z","volume":1000,"label":" ","price":8.69},{"type":"U","date":"2018-03-28T07:04:29.000Z","volume":1000,"label":"X","price":8.7},{"type":"A","date":"2018-03-28T07:04:29.000Z","volume":83500,"label":"Y","price":8.7},{"type":"A","date":"2018-03-28T07:04:29.000Z","volume":84500,"label":" ","price":8.7},{"type":"A","date":"2018-03-28T07:04:29.000Z","volume":2000,"label":"Y","price":8.7},{"type":"A","date":"2018-03-28T07:04:29.000Z","volume":2500,"label":"Y","price":8.7},{"type":"A","date":"2018-03-28T07:04:29.000Z","volume":12000,"label":" ","price":8.7},{"type":"A","date":"2018-03-28T07:04:29.000Z","volume":14000,"label":" ","price":8.71},{"type":"A","date":"2018-03-28T07:04:29.000Z","volume":500,"label":" ","price":8.7},{"type":"A","date":"2018-03-28T07:04:29.000Z","volume":500,"label":" ","price":8.71},{"type":"A","date":"2018-03-28T07:04:29.000Z","volume":1000,"label":"Y","price":8.71},{"type":"A","date":"2018-03-28T07:04:29.000Z","volume":4000,"label":" ","price":8.71},{"type":"A","date":"2018-03-28T07:04:30.000Z","volume":1000,"label":" ","price":8.71},{"type":"U","date":"2018-03-28T07:04:39.000Z","volume":3000,"label":"X","price":8.71},{"type":"A","date":"2018-03-28T07:05:02.000Z","volume":22000,"label":" ","price":8.71},{"type":"A","date":"2018-03-28T07:05:02.000Z","volume":8000,"label":" ","price":8.75},{"type":"B","date":"2018-03-28T07:05:02.000Z","volume":4000,"label":"Y","price":8.74},{"type":"U","date":"2018-03-28T07:05:02.000Z","volume":1000,"label":" ","price":8.74},{"type":"A","date":"2018-03-28T07:05:12.000Z","volume":7500,"label":" ","price":8.75},{"type":"A","date":"2018-03-28T07:05:12.000Z","volume":1000,"label":" ","price":8.76},{"type":"U","date":"2018-03-28T07:05:57.000Z","volume":500,"label":" ","price":8.76},{"type":"B","date":"2018-03-28T07:05:57.000Z","volume":500,"label":" ","price":8.76},{"type":"B","date":"2018-03-28T07:05:58.000Z","volume":500,"label":" ","price":8.75},{"type":"A","date":"2018-03-28T07:06:43.000Z","volume":500,"label":" ","price":8.76},{"type":"A","date":"2018-03-28T07:07:20.000Z","volume":500,"label":" ","price":8.77},{"type":"A","date":"2018-03-28T07:07:21.000Z","volume":500,"label":" ","price":8.77},{"type":"B","date":"2018-03-28T07:07:22.000Z","volume":2500,"label":" ","price":8.76},{"type":"A","date":"2018-03-28T07:07:26.000Z","volume":10000,"label":" ","price":8.76},{"type":"A","date":"2018-03-28T07:07:30.000Z","volume":1000,"label":" ","price":8.76},{"type":"A","date":"2018-03-28T07:08:30.000Z","volume":5000,"label":" ","price":8.77},{"type":"A","date":"2018-03-28T07:09:38.000Z","volume":500,"label":" ","price":8.78},{"type":"A","date":"2018-03-28T07:09:48.000Z","volume":500,"label":" ","price":8.78},{"type":"B","date":"2018-03-28T07:09:59.000Z","volume":4500,"label":" ","price":8.76},{"type":"B","date":"2018-03-28T07:10:03.000Z","volume":1000,"label":" ","price":8.75},{"type":"A","date":"2018-03-28T07:10:04.000Z","volume":6500,"label":" ","price":8.76},{"type":"U","date":"2018-03-28T07:10:17.000Z","volume":1000,"label":"X","price":8.762},{"type":"B","date":"2018-03-28T07:10:59.000Z","volume":5000,"label":" ","price":8.75},{"type":"A","date":"2018-03-28T07:10:59.000Z","volume":10000,"label":" ","price":8.76},{"type":"B","date":"2018-03-28T07:11:35.000Z","volume":1000,"label":" ","price":8.75},{"type":"B","date":"2018-03-28T07:11:41.000Z","volume":3500,"label":" ","price":8.75},{"type":"B","date":"2018-03-28T07:11:41.000Z","volume":3500,"label":" ","price":8.75},{"type":"B","date":"2018-03-28T07:11:45.000Z","volume":1000,"label":" ","price":8.75},{"type":"B","date":"2018-03-28T07:11:45.000Z","volume":4000,"label":" ","price":8.74},{"type":"U","date":"2018-03-28T07:12:17.000Z","volume":2000,"label":"X","price":8.752},{"type":"A","date":"2018-03-28T07:12:34.000Z","volume":12000,"label":" ","price":8.74},{"type":"A","date":"2018-03-28T07:12:35.000Z","volume":4000,"label":" ","price":8.75},{"type":"A","date":"2018-03-28T07:12:57.000Z","volume":500,"label":" ","price":8.76},{"type":"U","date":"2018-03-28T07:15:03.000Z","volume":500,"label":" ","price":8.75},{"type":"B","date":"2018-03-28T07:15:03.000Z","volume":500,"label":" ","price":8.75},{"type":"B","date":"2018-03-28T07:15:03.000Z","volume":500,"label":" ","price":8.75},{"type":"B","date":"2018-03-28T07:15:15.000Z","volume":6000,"label":" ","price":8.74},{"type":"B","date":"2018-03-28T07:15:17.000Z","volume":500,"label":" ","price":8.74},{"type":"A","date":"2018-03-28T07:15:58.000Z","volume":500,"label":" ","price":8.75},{"type":"B","date":"2018-03-28T07:16:03.000Z","volume":1000,"label":" ","price":8.73},{"type":"B","date":"2018-03-28T07:16:55.000Z","volume":1000,"label":" ","price":8.71},{"type":"A","date":"2018-03-28T07:16:55.000Z","volume":500,"label":" ","price":8.74},{"type":"B","date":"2018-03-28T07:17:57.000Z","volume":2000,"label":" ","price":8.71},{"type":"A","date":"2018-03-28T07:17:57.000Z","volume":500,"label":" ","price":8.74},{"type":"B","date":"2018-03-28T07:17:58.000Z","volume":7500,"label":" ","price":8.71},{"type":"A","date":"2018-03-28T07:17:58.000Z","volume":1000,"label":" ","price":8.74},{"type":"A","date":"2018-03-28T07:17:58.000Z","volume":500,"label":" ","price":8.74},{"type":"U","date":"2018-03-28T07:18:26.000Z","volume":500,"label":"X","price":8.715},{"type":"B","date":"2018-03-28T07:19:04.000Z","volume":1000,"label":"Y","price":8.71},{"type":"B","date":"2018-03-28T07:19:04.000Z","volume":3500,"label":" ","price":8.71},{"type":"U","date":"2018-03-28T07:19:26.000Z","volume":1000,"label":"X","price":8.71},{"type":"B","date":"2018-03-28T07:19:30.000Z","volume":2500,"label":" ","price":8.72},{"type":"A","date":"2018-03-28T07:19:30.000Z","volume":500,"label":" ","price":8.74},{"type":"A","date":"2018-03-28T07:19:40.000Z","volume":500,"label":" ","price":8.73},{"type":"U","date":"2018-03-28T07:20:26.000Z","volume":500,"label":"X","price":8.724},{"type":"B","date":"2018-03-28T07:21:46.000Z","volume":7000,"label":" ","price":8.72},{"type":"B","date":"2018-03-28T07:21:47.000Z","volume":1000,"label":" ","price":8.71},{"type":"A","date":"2018-03-28T07:21:47.000Z","volume":500,"label":" ","price":8.72},{"type":"B","date":"2018-03-28T07:22:01.000Z","volume":22000,"label":" ","price":8.71},{"type":"A","date":"2018-03-28T07:22:01.000Z","volume":2000,"label":" ","price":8.72},{"type":"A","date":"2018-03-28T07:22:08.000Z","volume":12500,"label":" ","price":8.71},{"type":"A","date":"2018-03-28T07:22:16.000Z","volume":6500,"label":" ","price":8.71},{"type":"A","date":"2018-03-28T07:22:16.000Z","volume":500,"label":" ","price":8.72},{"type":"A","date":"2018-03-28T07:22:16.000Z","volume":500,"label":" ","price":8.72},{"type":"A","date":"2018-03-28T07:23:43.000Z","volume":500,"label":" ","price":8.72},{"type":"U","date":"2018-03-28T07:23:53.000Z","volume":1000,"label":"X","price":8.72},{"type":"U","date":"2018-03-28T07:23:53.000Z","volume":500,"label":"X","price":8.72},{"type":"A","date":"2018-03-28T07:24:48.000Z","volume":500,"label":" ","price":8.72},{"type":"B","date":"2018-03-28T07:25:02.000Z","volume":1000,"label":" ","price":8.71},{"type":"A","date":"2018-03-28T07:25:02.000Z","volume":500,"label":" ","price":8.72},{"type":"U","date":"2018-03-28T07:25:05.000Z","volume":1000,"label":"X","price":8.71},{"type":"U","date":"2018-03-28T07:25:21.000Z","volume":500,"label":"X","price":8.715},{"type":"A","date":"2018-03-28T07:26:44.000Z","volume":500,"label":" ","price":8.72},{"type":"B","date":"2018-03-28T07:26:59.000Z","volume":1000,"label":"Y","price":8.71},{"type":"B","date":"2018-03-28T07:26:59.000Z","volume":4000,"label":" ","price":8.71},{"type":"A","date":"2018-03-28T07:26:59.000Z","volume":1000,"label":" ","price":8.72},{"type":"A","date":"2018-03-28T07:27:33.000Z","volume":500,"label":" ","price":8.72},{"type":"B","date":"2018-03-28T07:29:00.000Z","volume":1000,"label":" ","price":8.71},{"type":"A","date":"2018-03-28T07:29:01.000Z","volume":500,"label":" ","price":8.72},{"type":"B","date":"2018-03-28T07:29:07.000Z","volume":500,"label":" ","price":8.71},{"type":"A","date":"2018-03-28T07:29:14.000Z","volume":500,"label":" ","price":8.72},{"type":"B","date":"2018-03-28T07:29:56.000Z","volume":500,"label":" ","price":8.71},{"type":"B","date":"2018-03-28T07:30:27.000Z","volume":500,"label":" ","price":8.71},{"type":"A","date":"2018-03-28T07:30:33.000Z","volume":500,"label":" ","price":8.72},{"type":"B","date":"2018-03-28T07:31:13.000Z","volume":1000,"label":" ","price":8.71},{"type":"B","date":"2018-03-28T07:31:45.000Z","volume":3500,"label":" ","price":8.71},{"type":"A","date":"2018-03-28T07:32:03.000Z","volume":500,"label":" ","price":8.72},{"type":"A","date":"2018-03-28T07:32:24.000Z","volume":41000,"label":" ","price":8.72},{"type":"A","date":"2018-03-28T07:32:24.000Z","volume":1500,"label":" ","price":8.73},{"type":"A","date":"2018-03-28T07:32:24.000Z","volume":6000,"label":" ","price":8.73},{"type":"A","date":"2018-03-28T07:32:24.000Z","volume":500,"label":" ","price":8.73},{"type":"A","date":"2018-03-28T07:32:24.000Z","volume":1000,"label":" ","price":8.73},{"type":"A","date":"2018-03-28T07:32:24.000Z","volume":500,"label":" ","price":8.72},{"type":"A","date":"2018-03-28T07:32:24.000Z","volume":500,"label":" ","price":8.72},{"type":"A","date":"2018-03-28T07:32:25.000Z","volume":500,"label":" ","price":8.72},{"type":"A","date":"2018-03-28T07:32:26.000Z","volume":4000,"label":" ","price":8.73},{"type":"A","date":"2018-03-28T07:32:26.000Z","volume":500,"label":" ","price":8.74},{"type":"A","date":"2018-03-28T07:32:26.000Z","volume":500,"label":" ","price":8.74},{"type":"A","date":"2018-03-28T07:33:02.000Z","volume":500,"label":" ","price":8.75},{"type":"B","date":"2018-03-28T07:34:27.000Z","volume":10000,"label":" ","price":8.74},{"type":"B","date":"2018-03-28T07:34:27.000Z","volume":6500,"label":" ","price":8.74},{"type":"B","date":"2018-03-28T07:34:28.000Z","volume":500,"label":" ","price":8.74},{"type":"B","date":"2018-03-28T07:34:28.000Z","volume":500,"label":" ","price":8.74},{"type":"B","date":"2018-03-28T07:34:30.000Z","volume":1500,"label":" ","price":8.73},{"type":"U","date":"2018-03-28T07:34:30.000Z","volume":500,"label":"Y","price":8.74},{"type":"B","date":"2018-03-28T07:34:39.000Z","volume":2500,"label":" ","price":8.72},{"type":"B","date":"2018-03-28T07:34:39.000Z","volume":500,"label":" ","price":8.71},{"type":"B","date":"2018-03-28T07:34:41.000Z","volume":500,"label":" ","price":8.74},{"type":"B","date":"2018-03-28T07:34:54.000Z","volume":3000,"label":" ","price":8.71},{"type":"A","date":"2018-03-28T07:34:54.000Z","volume":500,"label":" ","price":8.74},{"type":"U","date":"2018-03-28T07:35:39.000Z","volume":500,"label":"X","price":8.71},{"type":"B","date":"2018-03-28T07:35:39.000Z","volume":500,"label":" ","price":8.71},{"type":"A","date":"2018-03-28T07:35:39.000Z","volume":500,"label":" ","price":8.74},{"type":"B","date":"2018-03-28T07:35:49.000Z","volume":9500,"label":" ","price":8.71},{"type":"B","date":"2018-03-28T07:35:49.000Z","volume":30500,"label":" ","price":8.7},{"type":"A","date":"2018-03-28T07:35:49.000Z","volume":500,"label":"Y","price":8.74},{"type":"A","date":"2018-03-28T07:35:49.000Z","volume":6000,"label":" ","price":8.74},{"type":"A","date":"2018-03-28T07:35:49.000Z","volume":1000,"label":"Y","price":8.74},{"type":"A","date":"2018-03-28T07:35:49.000Z","volume":500,"label":"Y","price":8.74},{"type":"B","date":"2018-03-28T07:37:14.000Z","volume":1000,"label":" ","price":8.7},{"type":"B","date":"2018-03-28T07:37:19.000Z","volume":4000,"label":" ","price":8.7},{"type":"A","date":"2018-03-28T07:37:19.000Z","volume":1000,"label":" ","price":8.71},{"type":"U","date":"2018-03-28T07:37:20.000Z","volume":1000,"label":"X","price":8.7},{"type":"U","date":"2018-03-28T07:37:20.000Z","volume":1500,"label":"X","price":8.7},{"type":"U","date":"2018-03-28T07:37:20.000Z","volume":1000,"label":"X","price":8.7},{"type":"B","date":"2018-03-28T07:37:29.000Z","volume":1000,"label":" ","price":8.7},{"type":"A","date":"2018-03-28T07:37:29.000Z","volume":500,"label":" ","price":8.71},{"type":"B","date":"2018-03-28T07:37:50.000Z","volume":36000,"label":" ","price":8.7},{"type":"A","date":"2018-03-28T07:37:50.000Z","volume":1000,"label":"Y","price":8.71},{"type":"A","date":"2018-03-28T07:37:50.000Z","volume":1500,"label":" ","price":8.71},{"type":"B","date":"2018-03-28T07:38:46.000Z","volume":10000,"label":" ","price":8.7},{"type":"U","date":"2018-03-28T07:38:50.000Z","volume":1500,"label":"X","price":8.7},{"type":"U","date":"2018-03-28T07:39:18.000Z","volume":500,"label":"X","price":8.7},{"type":"U","date":"2018-03-28T07:39:18.000Z","volume":500,"label":"X","price":8.7},{"type":"U","date":"2018-03-28T07:39:20.000Z","volume":500,"label":"X","price":8.7},{"type":"B","date":"2018-03-28T07:39:20.000Z","volume":1000,"label":" ","price":8.7},{"type":"B","date":"2018-03-28T07:39:39.000Z","volume":1000,"label":" ","price":8.7},{"type":"A","date":"2018-03-28T07:39:40.000Z","volume":500,"label":" ","price":8.71},{"type":"U","date":"2018-03-28T07:39:45.000Z","volume":500,"label":"X","price":8.7},{"type":"B","date":"2018-03-28T07:39:45.000Z","volume":1000,"label":" ","price":8.7},{"type":"B","date":"2018-03-28T07:39:52.000Z","volume":4500,"label":" ","price":8.7},{"type":"A","date":"2018-03-28T07:39:52.000Z","volume":1000,"label":"Y","price":8.71},{"type":"B","date":"2018-03-28T07:40:00.000Z","volume":500,"label":" ","price":8.7},{"type":"A","date":"2018-03-28T07:40:00.000Z","volume":500,"label":"Y","price":8.71},{"type":"B","date":"2018-03-28T07:40:15.000Z","volume":3500,"label":" ","price":8.7},{"type":"A","date":"2018-03-28T07:40:15.000Z","volume":500,"label":"Y","price":8.71},{"type":"U","date":"2018-03-28T07:40:47.000Z","volume":1000,"label":"X","price":8.7},{"type":"A","date":"2018-03-28T07:40:48.000Z","volume":500,"label":" ","price":8.71},{"type":"B","date":"2018-03-28T07:40:58.000Z","volume":41000,"label":" ","price":8.7},{"type":"B","date":"2018-03-28T07:40:58.000Z","volume":83500,"label":" ","price":8.69},{"type":"A","date":"2018-03-28T07:40:58.000Z","volume":5500,"label":" ","price":8.71},{"type":"B","date":"2018-03-28T07:41:03.000Z","volume":30000,"label":" ","price":8.7},{"type":"A","date":"2018-03-28T07:41:03.000Z","volume":4000,"label":" ","price":8.71},{"type":"A","date":"2018-03-28T07:41:03.000Z","volume":500,"label":" ","price":8.71},{"type":"A","date":"2018-03-28T07:41:03.000Z","volume":500,"label":" ","price":8.71},{"type":"B","date":"2018-03-28T07:41:03.000Z","volume":4000,"label":" ","price":8.7},{"type":"A","date":"2018-03-28T07:41:03.000Z","volume":500,"label":" ","price":8.71},{"type":"B","date":"2018-03-28T07:41:04.000Z","volume":15500,"label":" ","price":8.7},{"type":"B","date":"2018-03-28T07:41:04.000Z","volume":10000,"label":" ","price":8.7},{"type":"A","date":"2018-03-28T07:41:04.000Z","volume":3000,"label":" ","price":8.71},{"type":"U","date":"2018-03-28T07:41:36.000Z","volume":3500,"label":"X","price":8.7},{"type":"B","date":"2018-03-28T07:41:36.000Z","volume":500,"label":" ","price":8.7},{"type":"B","date":"2018-03-28T07:42:01.000Z","volume":1000,"label":" ","price":8.7},{"type":"B","date":"2018-03-28T07:42:21.000Z","volume":500,"label":"Y","price":8.7},{"type":"U","date":"2018-03-28T07:43:35.000Z","volume":500,"label":"X","price":8.7},{"type":"U","date":"2018-03-28T07:43:35.000Z","volume":500,"label":"X","price":8.7},{"type":"U","date":"2018-03-28T07:43:35.000Z","volume":500,"label":"X","price":8.7},{"type":"U","date":"2018-03-28T07:43:58.000Z","volume":500,"label":"X","price":8.7},{"type":"B","date":"2018-03-28T07:43:58.000Z","volume":1000,"label":" ","price":8.7},{"type":"B","date":"2018-03-28T07:44:13.000Z","volume":1000,"label":" ","price":8.7},{"type":"A","date":"2018-03-28T07:44:18.000Z","volume":500,"label":" ","price":8.71},{"type":"B","date":"2018-03-28T07:44:18.000Z","volume":500,"label":" ","price":8.7},{"type":"B","date":"2018-03-28T07:44:28.000Z","volume":1500,"label":" ","price":8.7},{"type":"U","date":"2018-03-28T07:45:28.000Z","volume":500,"label":"X","price":8.7},{"type":"U","date":"2018-03-28T07:45:28.000Z","volume":500,"label":"X","price":8.7},{"type":"B","date":"2018-03-28T07:45:28.000Z","volume":500,"label":" ","price":8.7},{"type":"A","date":"2018-03-28T07:45:33.000Z","volume":500,"label":" ","price":8.71},{"type":"B","date":"2018-03-28T07:45:52.000Z","volume":1500,"label":" ","price":8.7},{"type":"B","date":"2018-03-28T07:45:52.000Z","volume":1000,"label":" ","price":8.7},{"type":"B","date":"2018-03-28T07:46:14.000Z","volume":1000,"label":" ","price":8.7},{"type":"B","date":"2018-03-28T07:46:22.000Z","volume":1500,"label":" ","price":8.7},{"type":"A","date":"2018-03-28T07:46:33.000Z","volume":500,"label":" ","price":8.71},{"type":"B","date":"2018-03-28T07:46:52.000Z","volume":1500,"label":" ","price":8.7},{"type":"A","date":"2018-03-28T07:46:52.000Z","volume":500,"label":" ","price":8.71},{"type":"A","date":"2018-03-28T07:46:57.000Z","volume":500,"label":"Y","price":8.71},{"type":"B","date":"2018-03-28T07:47:04.000Z","volume":3000,"label":" ","price":8.7},{"type":"A","date":"2018-03-28T07:47:04.000Z","volume":500,"label":" ","price":8.71},{"type":"B","date":"2018-03-28T07:47:09.000Z","volume":3500,"label":"Y","price":8.7},{"type":"A","date":"2018-03-28T07:47:09.000Z","volume":1000,"label":" ","price":8.71},{"type":"B","date":"2018-03-28T07:47:22.000Z","volume":1500,"label":" ","price":8.7},{"type":"A","date":"2018-03-28T07:47:22.000Z","volume":500,"label":" ","price":8.71}