[{"type":"U","date":"2018-03-26T01:20:00.000Z","volume":102000,"label":"U","price":6.5},{"type":"B","date":"2018-03-26T01:30:04.000Z","volume":23000,"label":" ","price":6.5},{"type":"B","date":"2018-03-26T01:30:04.000Z","volume":4000,"label":" ","price":6.5},{"type":"A","date":"2018-03-26T01:30:04.000Z","volume":52000,"label":" ","price":6.53},{"type":"U","date":"2018-03-26T01:30:04.000Z","volume":8000,"label":"X","price":6.53},{"type":"B","date":"2018-03-26T01:30:04.000Z","volume":9500,"label":" ","price":6.5},{"type":"B","date":"2018-03-26T01:30:04.000Z","volume":1500,"label":" ","price":6.5},{"type":"B","date":"2018-03-26T01:30:04.000Z","volume":4000,"label":" ","price":6.5},{"type":"B","date":"2018-03-26T01:30:04.000Z","volume":500,"label":" ","price":6.5},{"type":"B","date":"2018-03-26T01:30:04.000Z","volume":1500,"label":" ","price":6.5},{"type":"B","date":"2018-03-26T01:30:04.000Z","volume":1000,"label":" ","price":6.5},{"type":"B","date":"2018-03-26T01:30:04.000Z","volume":500,"label":" ","price":6.5},{"type":"B","date":"2018-03-26T01:30:04.000Z","volume":1500,"label":" ","price":6.5},{"type":"B","date":"2018-03-26T01:30:04.000Z","volume":1000,"label":" ","price":6.5},{"type":"B","date":"2018-03-26T01:30:04.000Z","volume":500,"label":" ","price":6.5},{"type":"B","date":"2018-03-26T01:30:04.000Z","volume":500,"label":" ","price":6.5},{"type":"B","date":"2018-03-26T01:30:04.000Z","volume":500,"label":" ","price":6.5},{"type":"B","date":"2018-03-26T01:30:04.000Z","volume":500,"label":" ","price":6.5},{"type":"B","date":"2018-03-26T01:30:05.000Z","volume":3000,"label":" ","price":6.5},{"type":"B","date":"2018-03-26T01:30:05.000Z","volume":500,"label":" ","price":6.5},{"type":"B","date":"2018-03-26T01:30:05.000Z","volume":500,"label":" ","price":6.5},{"type":"A","date":"2018-03-26T01:30:05.000Z","volume":23500,"label":" ","price":6.53},{"type":"B","date":"2018-03-26T01:30:05.000Z","volume":500,"label":" ","price":6.5},{"type":"B","date":"2018-03-26T01:30:05.000Z","volume":4500,"label":" ","price":6.5},{"type":"B","date":"2018-03-26T01:30:05.000Z","volume":6000,"label":" ","price":6.5},{"type":"B","date":"2018-03-26T01:30:05.000Z","volume":2500,"label":" ","price":6.5},{"type":"B","date":"2018-03-26T01:30:05.000Z","volume":1500,"label":" ","price":6.5},{"type":"B","date":"2018-03-26T01:30:05.000Z","volume":2000,"label":" ","price":6.5},{"type":"B","date":"2018-03-26T01:30:05.000Z","volume":1000,"label":" ","price":6.5},{"type":"A","date":"2018-03-26T01:30:05.000Z","volume":8500,"label":" ","price":6.53},{"type":"B","date":"2018-03-26T01:30:05.000Z","volume":500,"label":" ","price":6.5},{"type":"B","date":"2018-03-26T01:30:05.000Z","volume":500,"label":" ","price":6.5},{"type":"B","date":"2018-03-26T01:30:05.000Z","volume":1000,"label":" ","price":6.5},{"type":"B","date":"2018-03-26T01:30:05.000Z","volume":500,"label":" ","price":6.5},{"type":"B","date":"2018-03-26T01:30:05.000Z","volume":500,"label":" ","price":6.5},{"type":"B","date":"2018-03-26T01:30:05.000Z","volume":500,"label":" ","price":6.5},{"type":"B","date":"2018-03-26T01:30:05.000Z","volume":500,"label":" ","price":6.5},{"type":"B","date":"2018-03-26T01:30:06.000Z","volume":5000,"label":" ","price":6.5},{"type":"B","date":"2018-03-26T01:30:06.000Z","volume":3000,"label":" ","price":6.5},{"type":"B","date":"2018-03-26T01:30:06.000Z","volume":19500,"label":" ","price":6.5},{"type":"A","date":"2018-03-26T01:30:06.000Z","volume":8000,"label":" ","price":6.53},{"type":"B","date":"2018-03-26T01:30:06.000Z","volume":5000,"label":" ","price":6.5},{"type":"B","date":"2018-03-26T01:30:06.000Z","volume":2500,"label":" ","price":6.5},{"type":"A","date":"2018-03-26T01:30:06.000Z","volume":2000,"label":" ","price":6.53},{"type":"B","date":"2018-03-26T01:30:06.000Z","volume":500,"label":" ","price":6.5},{"type":"B","date":"2018-03-26T01:30:06.000Z","volume":500,"label":" ","price":6.5},{"type":"B","date":"2018-03-26T01:30:06.000Z","volume":1000,"label":" ","price":6.5},{"type":"A","date":"2018-03-26T01:30:06.000Z","volume":2000,"label":" ","price":6.53},{"type":"B","date":"2018-03-26T01:30:06.000Z","volume":500,"label":" ","price":6.5},{"type":"B","date":"2018-03-26T01:30:06.000Z","volume":500,"label":" ","price":6.5},{"type":"B","date":"2018-03-26T01:30:06.000Z","volume":500,"label":" ","price":6.5},{"type":"B","date":"2018-03-26T01:30:06.000Z","volume":500,"label":" ","price":6.5},{"type":"B","date":"2018-03-26T01:30:06.000Z","volume":500,"label":" ","price":6.5},{"type":"B","date":"2018-03-26T01:30:06.000Z","volume":500,"label":" ","price":6.5},{"type":"B","date":"2018-03-26T01:30:07.000Z","volume":7500,"label":" ","price":6.5},{"type":"B","date":"2018-03-26T01:30:07.000Z","volume":1000,"label":" ","price":6.5},{"type":"B","date":"2018-03-26T01:30:07.000Z","volume":1500,"label":" ","price":6.5},{"type":"A","date":"2018-03-26T01:30:07.000Z","volume":22000,"label":" ","price":6.53},{"type":"A","date":"2018-03-26T01:30:08.000Z","volume":4000,"label":" ","price":6.53},{"type":"B","date":"2018-03-26T01:30:08.000Z","volume":5000,"label":" ","price":6.5},{"type":"A","date":"2018-03-26T01:30:09.000Z","volume":2000,"label":" ","price":6.53},{"type":"B","date":"2018-03-26T01:30:10.000Z","volume":7500,"label":" ","price":6.5},{"type":"B","date":"2018-03-26T01:30:10.000Z","volume":500,"label":" ","price":6.5},{"type":"A","date":"2018-03-26T01:30:11.000Z","volume":2000,"label":" ","price":6.53},{"type":"A","date":"2018-03-26T01:30:11.000Z","volume":2000,"label":" ","price":6.53},{"type":"B","date":"2018-03-26T01:30:12.000Z","volume":2000,"label":" ","price":6.5},{"type":"B","date":"2018-03-26T01:30:12.000Z","volume":500,"label":" ","price":6.5},{"type":"A","date":"2018-03-26T01:30:13.000Z","volume":1000,"label":" ","price":6.53},{"type":"B","date":"2018-03-26T01:30:13.000Z","volume":500,"label":" ","price":6.5},{"type":"B","date":"2018-03-26T01:30:15.000Z","volume":1000,"label":" ","price":6.5},{"type":"A","date":"2018-03-26T01:30:17.000Z","volume":500,"label":" ","price":6.53},{"type":"B","date":"2018-03-26T01:30:17.000Z","volume":500,"label":" ","price":6.5},{"type":"B","date":"2018-03-26T01:30:17.000Z","volume":3000,"label":" ","price":6.5},{"type":"B","date":"2018-03-26T01:30:17.000Z","volume":500,"label":" ","price":6.5},{"type":"A","date":"2018-03-26T01:30:19.000Z","volume":1000,"label":" ","price":6.53},{"type":"B","date":"2018-03-26T01:30:20.000Z","volume":500,"label":" ","price":6.5},{"type":"B","date":"2018-03-26T01:30:27.000Z","volume":6500,"label":" ","price":6.5},{"type":"B","date":"2018-03-26T01:30:27.000Z","volume":1500,"label":" ","price":6.5},{"type":"A","date":"2018-03-26T01:30:27.000Z","volume":2000,"label":" ","price":6.53},{"type":"B","date":"2018-03-26T01:30:27.000Z","volume":500,"label":" ","price":6.5},{"type":"U","date":"2018-03-26T01:30:27.000Z","volume":5500,"label":" ","price":6.51},{"type":"B","date":"2018-03-26T01:30:27.000Z","volume":1500,"label":" ","price":6.5},{"type":"B","date":"2018-03-26T01:30:27.000Z","volume":3000,"label":" ","price":6.5},{"type":"B","date":"2018-03-26T01:30:27.000Z","volume":1000,"label":" ","price":6.5},{"type":"A","date":"2018-03-26T01:30:28.000Z","volume":3500,"label":" ","price":6.53},{"type":"B","date":"2018-03-26T01:30:28.000Z","volume":1000,"label":" ","price":6.5},{"type":"B","date":"2018-03-26T01:30:30.000Z","volume":1500,"label":" ","price":6.5},{"type":"A","date":"2018-03-26T01:30:31.000Z","volume":3000,"label":" ","price":6.53},{"type":"B","date":"2018-03-26T01:30:31.000Z","volume":500,"label":" ","price":6.5},{"type":"B","date":"2018-03-26T01:30:31.000Z","volume":500,"label":" ","price":6.5},{"type":"B","date":"2018-03-26T01:30:36.000Z","volume":500,"label":" ","price":6.5},{"type":"B","date":"2018-03-26T01:30:40.000Z","volume":500,"label":" ","price":6.5},{"type":"B","date":"2018-03-26T01:30:41.000Z","volume":500,"label":" ","price":6.5},{"type":"B","date":"2018-03-26T01:30:54.000Z","volume":33000,"label":" ","price":6.5},{"type":"B","date":"2018-03-26T01:30:54.000Z","volume":2000,"label":" ","price":6.49},{"type":"B","date":"2018-03-26T01:30:55.000Z","volume":1500,"label":" ","price":6.41},{"type":"A","date":"2018-03-26T01:31:25.000Z","volume":30000,"label":" ","price":6.45},{"type":"A","date":"2018-03-26T01:31:25.000Z","volume":3500,"label":" ","price":6.45},{"type":"A","date":"2018-03-26T01:31:26.000Z","volume":4000,"label":" ","price":6.45},{"type":"A","date":"2018-03-26T01:31:27.000Z","volume":1000,"label":" ","price":6.45},{"type":"A","date":"2018-03-26T01:31:29.000Z","volume":10000,"label":" ","price":6.45},{"type":"A","date":"2018-03-26T01:31:29.000Z","volume":2500,"label":" ","price":6.45},{"type":"B","date":"2018-03-26T01:31:30.000Z","volume":1000,"label":"Y","price":6.41},{"type":"B","date":"2018-03-26T01:31:30.000Z","volume":4000,"label":" ","price":6.41},{"type":"B","date":"2018-03-26T01:31:30.000Z","volume":2000,"label":" ","price":6.4},{"type":"A","date":"2018-03-26T01:31:31.000Z","volume":500,"label":" ","price":6.45},{"type":"B","date":"2018-03-26T01:31:35.000Z","volume":17500,"label":" ","price":6.4},{"type":"B","date":"2018-03-26T01:31:35.000Z","volume":2500,"label":" ","price":6.4},{"type":"B","date":"2018-03-26T01:31:35.000Z","volume":500,"label":" ","price":6.4},{"type":"B","date":"2018-03-26T01:31:35.000Z","volume":500,"label":" ","price":6.4},{"type":"B","date":"2018-03-26T01:31:35.000Z","volume":1500,"label":" ","price":6.4},{"type":"B","date":"2018-03-26T01:31:35.000Z","volume":500,"label":" ","price":6.4},{"type":"B","date":"2018-03-26T01:31:35.000Z","volume":500,"label":" ","price":6.4},{"type":"B","date":"2018-03-26T01:31:35.000Z","volume":500,"label":" ","price":6.4},{"type":"A","date":"2018-03-26T01:31:35.000Z","volume":5500,"label":" ","price":6.45},{"type":"B","date":"2018-03-26T01:31:35.000Z","volume":1500,"label":" ","price":6.4},{"type":"A","date":"2018-03-26T01:31:36.000Z","volume":3500,"label":" ","price":6.45},{"type":"A","date":"2018-03-26T01:31:37.000Z","volume":1000,"label":" ","price":6.45},{"type":"B","date":"2018-03-26T01:31:40.000Z","volume":2000,"label":" ","price":6.4},{"type":"A","date":"2018-03-26T01:31:41.000Z","volume":500,"label":" ","price":6.45},{"type":"B","date":"2018-03-26T01:31:55.000Z","volume":6000,"label":" ","price":6.42},{"type":"A","date":"2018-03-26T01:31:57.000Z","volume":1500,"label":" ","price":6.45},{"type":"B","date":"2018-03-26T01:32:29.000Z","volume":12000,"label":" ","price":6.42},{"type":"B","date":"2018-03-26T01:32:29.000Z","volume":1500,"label":" ","price":6.42},{"type":"B","date":"2018-03-26T01:32:30.000Z","volume":3000,"label":" ","price":6.42},{"type":"B","date":"2018-03-26T01:32:30.000Z","volume":1000,"label":" ","price":6.42},{"type":"A","date":"2018-03-26T01:32:30.000Z","volume":3500,"label":" ","price":6.45},{"type":"A","date":"2018-03-26T01:32:31.000Z","volume":5000,"label":" ","price":6.45},{"type":"U","date":"2018-03-26T01:32:43.000Z","volume":500,"label":"X","price":6.435},{"type":"U","date":"2018-03-26T01:33:11.000Z","volume":500,"label":"X","price":6.435},{"type":"A","date":"2018-03-26T01:33:20.000Z","volume":37500,"label":" ","price":6.45},{"type":"B","date":"2018-03-26T01:33:20.000Z","volume":3000,"label":" ","price":6.42},{"type":"A","date":"2018-03-26T01:33:20.000Z","volume":2000,"label":" ","price":6.45},{"type":"A","date":"2018-03-26T01:33:20.000Z","volume":500,"label":" ","price":6.45},{"type":"A","date":"2018-03-26T01:33:20.000Z","volume":1500,"label":" ","price":6.45},{"type":"A","date":"2018-03-26T01:33:20.000Z","volume":500,"label":" ","price":6.45},{"type":"A","date":"2018-03-26T01:33:20.000Z","volume":10500,"label":" ","price":6.45},{"type":"B","date":"2018-03-26T01:33:25.000Z","volume":1500,"label":" ","price":6.42},{"type":"A","date":"2018-03-26T01:33:26.000Z","volume":500,"label":" ","price":6.45},{"type":"A","date":"2018-03-26T01:33:40.000Z","volume":1000,"label":" ","price":6.45},{"type":"U","date":"2018-03-26T01:33:41.000Z","volume":500,"label":"X","price":6.435},{"type":"A","date":"2018-03-26T01:34:01.000Z","volume":15000,"label":" ","price":6.45},{"type":"A","date":"2018-03-26T01:34:01.000Z","volume":3500,"label":" ","price":6.45},{"type":"B","date":"2018-03-26T01:34:01.000Z","volume":3000,"label":" ","price":6.43},{"type":"A","date":"2018-03-26T01:34:02.000Z","volume":4500,"label":" ","price":6.45},{"type":"B","date":"2018-03-26T01:34:02.000Z","volume":500,"label":"Y","price":6.43},{"type":"A","date":"2018-03-26T01:34:03.000Z","volume":2000,"label":" ","price":6.45},{"type":"B","date":"2018-03-26T01:34:05.000Z","volume":500,"label":" ","price":6.43},{"type":"A","date":"2018-03-26T01:34:20.000Z","volume":1000,"label":" ","price":6.45},{"type":"A","date":"2018-03-26T01:34:20.000Z","volume":2500,"label":" ","price":6.45},{"type":"B","date":"2018-03-26T01:34:21.000Z","volume":3000,"label":" ","price":6.43},{"type":"B","date":"2018-03-26T01:34:21.000Z","volume":500,"label":"Y","price":6.43},{"type":"B","date":"2018-03-26T01:34:21.000Z","volume":500,"label":"Y","price":6.43},{"type":"B","date":"2018-03-26T01:34:21.000Z","volume":8000,"label":" ","price":6.43},{"type":"B","date":"2018-03-26T01:34:21.000Z","volume":500,"label":" ","price":6.42},{"type":"B","date":"2018-03-26T01:34:23.000Z","volume":3000,"label":" ","price":6.42},{"type":"B","date":"2018-03-26T01:34:24.000Z","volume":3000,"label":" ","price":6.42},{"type":"B","date":"2018-03-26T01:34:24.000Z","volume":1000,"label":" ","price":6.42},{"type":"B","date":"2018-03-26T01:34:24.000Z","volume":500,"label":" ","price":6.42},{"type":"B","date":"2018-03-26T01:34:24.000Z","volume":500,"label":" ","price":6.42},{"type":"B","date":"2018-03-26T01:34:24.000Z","volume":26500,"label":" ","price":6.42},{"type":"B","date":"2018-03-26T01:34:24.000Z","volume":500,"label":" ","price":6.42},{"type":"B","date":"2018-03-26T01:34:24.000Z","volume":500,"label":" ","price":6.42},{"type":"B","date":"2018-03-26T01:34:24.000Z","volume":500,"label":" ","price":6.42},{"type":"B","date":"2018-03-26T01:34:24.000Z","volume":1500,"label":" ","price":6.42},{"type":"B","date":"2018-03-26T01:34:24.000Z","volume":500,"label":" ","price":6.41},{"type":"B","date":"2018-03-26T01:34:24.000Z","volume":6500,"label":" ","price":6.4},{"type":"B","date":"2018-03-26T01:34:24.000Z","volume":1000,"label":" ","price":6.4},{"type":"B","date":"2018-03-26T01:34:24.000Z","volume":1000,"label":" ","price":6.4},{"type":"B","date":"2018-03-26T01:34:24.000Z","volume":500,"label":" ","price":6.4},{"type":"A","date":"2018-03-26T01:34:24.000Z","volume":3000,"label":" ","price":6.42},{"type":"B","date":"2018-03-26T01:34:29.000Z","volume":2000,"label":" ","price":6.4},{"type":"B","date":"2018-03-26T01:34:29.000Z","volume":500,"label":" ","price":6.4},{"type":"A","date":"2018-03-26T01:34:30.000Z","volume":500,"label":" ","price":6.42},{"type":"B","date":"2018-03-26T01:34:31.000Z","volume":50000,"label":" ","price":6.4},{"type":"B","date":"2018-03-26T01:34:31.000Z","volume":11500,"label":" ","price":6.4},{"type":"B","date":"2018-03-26T01:34:31.000Z","volume":3000,"label":" ","price":6.4},{"type":"A","date":"2018-03-26T01:34:32.000Z","volume":500,"label":" ","price":6.42},{"type":"U","date":"2018-03-26T01:35:01.000Z","volume":4000,"label":" ","price":6.4},{"type":"A","date":"2018-03-26T01:35:01.000Z","volume":1000,"label":" ","price":6.42},{"type":"U","date":"2018-03-26T01:35:13.000Z","volume":4000,"label":" ","price":6.4},{"type":"A","date":"2018-03-26T01:35:14.000Z","volume":1000,"label":" ","price":6.41},{"type":"U","date":"2018-03-26T01:35:16.000Z","volume":4000,"label":" ","price":6.4},{"type":"A","date":"2018-03-26T01:35:16.000Z","volume":1000,"label":" ","price":6.41},{"type":"U","date":"2018-03-26T01:35:18.000Z","volume":25000,"label":" ","price":6.4},{"type":"A","date":"2018-03-26T01:35:18.000Z","volume":5500,"label":" ","price":6.4},{"type":"B","date":"2018-03-26T01:35:50.000Z","volume":78500,"label":" ","price":6.39},{"type":"B","date":"2018-03-26T01:35:50.000Z","volume":500,"label":" ","price":6.39},{"type":"B","date":"2018-03-26T01:35:50.000Z","volume":1000,"label":" ","price":6.39},{"type":"A","date":"2018-03-26T01:35:50.000Z","volume":7000,"label":" ","price":6.4},{"type":"B","date":"2018-03-26T01:35:50.000Z","volume":8000,"label":" ","price":6.39},{"type":"B","date":"2018-03-26T01:35:50.000Z","volume":500,"label":" ","price":6.39},{"type":"A","date":"2018-03-26T01:35:52.000Z","volume":3500,"label":" ","price":6.4},{"type":"B","date":"2018-03-26T01:36:02.000Z","volume":29500,"label":" ","price":6.38},{"type":"B","date":"2018-03-26T01:36:02.000Z","volume":226000,"label":" ","price":6.38},{"type":"B","date":"2018-03-26T01:36:02.000Z","volume":500,"label":" ","price":6.37},{"type":"A","date":"2018-03-26T01:36:05.000Z","volume":250000,"label":" ","price":6.36},{"type":"A","date":"2018-03-26T01:36:05.000Z","volume":50000,"label":" ","price":6.37},{"type":"A","date":"2018-03-26T01:36:07.000Z","volume":67500,"label":" ","price":6.36},{"type":"A","date":"2018-03-26T01:36:15.000Z","volume":100000,"label":" ","price":6.36},{"type":"A","date":"2018-03-26T01:36:16.000Z","volume":2000,"label":" ","price":6.36},{"type":"A","date":"2018-03-26T01:36:19.000Z","volume":120000,"label":" ","price":6.36},{"type":"A","date":"2018-03-26T01:36:19.000Z","volume":15500,"label":" ","price":6.37},{"type":"A","date":"2018-03-26T01:36:19.000Z","volume":53500,"label":" ","price":6.36},{"type":"A","date":"2018-03-26T01:36:19.000Z","volume":19000,"label":" ","price":6.36},{"type":"A","date":"2018-03-26T01:36:19.000Z","volume":23000,"label":" ","price":6.36},{"type":"B","date":"2018-03-26T01:36:21.000Z","volume":2000,"label":" ","price":6.36},{"type":"B","date":"2018-03-26T01:36:21.000Z","volume":500,"label":" ","price":6.36},{"type":"A","date":"2018-03-26T01:36:30.000Z","volume":104500,"label":" ","price":6.38},{"type":"A","date":"2018-03-26T01:36:30.000Z","volume":47000,"label":" ","price":6.38},{"type":"B","date":"2018-03-26T01:36:30.000Z","volume":2500,"label":" ","price":6.38},{"type":"B","date":"2018-03-26T01:36:35.000Z","volume":28000,"label":" ","price":6.38},{"type":"B","date":"2018-03-26T01:36:36.000Z","volume":500,"label":" ","price":6.38},{"type":"A","date":"2018-03-26T01:36:47.000Z","volume":200000,"label":" ","price":6.39},{"type":"A","date":"2018-03-26T01:36:47.000Z","volume":14500,"label":" ","price":6.4},{"type":"A","date":"2018-03-26T01:36:47.000Z","volume":60500,"label":" ","price":6.39},{"type":"A","date":"2018-03-26T01:36:58.000Z","volume":19000,"label":" ","price":6.4},{"type":"A","date":"2018-03-26T01:36:58.000Z","volume":6000,"label":" ","price":6.41},{"type":"A","date":"2018-03-26T01:37:10.000Z","volume":78500,"label":" ","price":6.43},{"type":"B","date":"2018-03-26T01:37:15.000Z","volume":34000,"label":" ","price":6.43},{"type":"A","date":"2018-03-26T01:37:15.000Z","volume":20000,"label":" ","price":6.45},{"type":"A","date":"2018-03-26T01:37:58.000Z","volume":25000,"label":" ","price":6.45},{"type":"A","date":"2018-03-26T01:37:58.000Z","volume":21500,"label":" ","price":6.47},{"type":"A","date":"2018-03-26T01:37:58.000Z","volume":752000,"label":"Y","price":6.48},{"type":"A","date":"2018-03-26T01:37:58.000Z","volume":1500,"label":" ","price":6.48},{"type":"U","date":"2018-03-26T01:38:09.000Z","volume":5000,"label":" ","price":6.45},{"type":"U","date":"2018-03-26T01:38:09.000Z","volume":2000,"label":" ","price":6.45},{"type":"U","date":"2018-03-26T01:38:09.000Z","volume":500,"label":" ","price":6.45},{"type":"A","date":"2018-03-26T01:39:21.000Z","volume":40500,"label":" ","price":6.44},{"type":"A","date":"2018-03-26T01:40:04.000Z","volume":25000,"label":"Y","price":6.44},{"type":"B","date":"2018-03-26T01:40:11.000Z","volume":21000,"label":" ","price":6.43},{"type":"B","date":"2018-03-26T01:40:15.000Z","volume":1000,"label":" ","price":6.42},{"type":"B","date":"2018-03-26T01:41:20.000Z","volume":12000,"label":" ","price":6.42},{"type":"A","date":"2018-03-26T01:41:33.000Z","volume":89500,"label":" ","price":6.42},{"type":"A","date":"2018-03-26T01:41:33.000Z","volume":41500,"label":" ","price":6.43},{"type":"A","date":"2018-03-26T01:41:33.000Z","volume":4500,"label":" ","price":6.42},{"type":"A","date":"2018-03-26T01:41:38.000Z","volume":25000,"label":" ","price":6.44},{"type":"A","date":"2018-03-26T01:41:38.000Z","volume":18000,"label":" ","price":6.44},{"type":"A","date":"2018-03-26T01:41:38.000Z","volume":9000,"label":" ","price":6.44},{"type":"A","date":"2018-03-26T01:41:39.000Z","volume":8500,"label":" ","price":6.44},{"type":"A","date":"2018-03-26T01:41:40.000Z","volume":7000,"label":" ","price":6.45},{"type":"A","date":"2018-03-26T01:41:41.000Z","volume":26000,"label":" ","price":6.48},{"type":"A","date":"2018-03-26T01:41:53.000Z","volume":20000,"label":" ","price":6.48},{"type":"B","date":"2018-03-26T01:42:06.000Z","volume":5500,"label":" ","price":6.47},{"type":"B","date":"2018-03-26T01:42:42.000Z","volume":2000,"label":" ","price":6.47},{"type":"B","date":"2018-03-26T01:42:42.000Z","volume":500,"label":" ","price":6.47},{"type":"U","date":"2018-03-26T01:45:28.000Z","volume":1500,"label":"X","price":6.46},{"type":"B","date":"2018-03-26T01:46:30.000Z","volume":500,"label":" ","price":6.46},{"type":"A","date":"2018-03-26T01:46:34.000Z","volume":20000,"label":" ","price":6.47},{"type":"A","date":"2018-03-26T01:46:34.000Z","volume":1000,"label":" ","price":6.47},{"type":"B","date":"2018-03-26T01:46:34.000Z","volume":13000,"label":" ","price":6.46},{"type":"A","date":"2018-03-26T01:47:23.000Z","volume":30000,"label":" ","price":6.47},{"type":"B","date":"2018-03-26T01:47:23.000Z","volume":22000,"label":" ","price":6.46},{"type":"B","date":"2018-03-26T01:47:27.000Z","volume":20500,"label":" ","price":6.46},{"type":"B","date":"2018-03-26T01:47:30.000Z","volume":1000,"label":" ","price":6.46},{"type":"B","date":"2018-03-26T01:47:30.000Z","volume":500,"label":" ","price":6.46},{"type":"U","date":"2018-03-26T01:47:51.000Z","volume":500,"label":"X","price":6.465},{"type":"B","date":"2018-03-26T01:48:00.000Z","volume":500,"label":" ","price":6.46},{"type":"B","date":"2018-03-26T01:48:03.000Z","volume":1000,"label":" ","price":6.46},{"type":"B","date":"2018-03-26T01:48:03.000Z","volume":1500,"label":" ","price":6.46},{"type":"B","date":"2018-03-26T01:48:11.000Z","volume":14500,"label":" ","price":6.46},{"type":"B","date":"2018-03-26T01:48:47.000Z","volume":100000,"label":" ","price":6.45},{"type":"B","date":"2018-03-26T01:48:48.000Z","volume":43000,"label":" ","price":6.45},{"type":"B","date":"2018-03-26T01:48:48.000Z","volume":3500,"label":" ","price":6.45},{"type":"B","date":"2018-03-26T01:48:54.000Z","volume":2000,"label":" ","price":6.45},{"type":"B","date":"2018-03-26T01:48:58.000Z","volume":4500,"label":" ","price":6.45},{"type":"B","date":"2018-03-26T01:49:13.000Z","volume":6000,"label":" ","price":6.44},{"type":"B","date":"2018-03-26T01:49:52.000Z","volume":500,"label":" ","price":6.43},{"type":"B","date":"2018-03-26T01:49:53.000Z","volume":5500,"label":" ","price":6.43},{"type":"B","date":"2018-03-26T01:50:13.000Z","volume":16000,"label":" ","price":6.43},{"type":"A","date":"2018-03-26T01:50:48.000Z","volume":9000,"label":" ","price":6.44},{"type":"B","date":"2018-03-26T01:51:00.000Z","volume":6500,"label":" ","price":6.43},{"type":"B","date":"2018-03-26T01:51:01.000Z","volume":500,"label":" ","price":6.42},{"type":"B","date":"2018-03-26T01:51:02.000Z","volume":13000,"label":" ","price":6.42},{"type":"B","date":"2018-03-26T01:51:02.000Z","volume":8500,"label":" ","price":6.42},{"type":"B","date":"2018-03-26T01:51:06.000Z","volume":1500,"label":" ","price":6.41},{"type":"B","date":"2018-03-26T01:51:18.000Z","volume":1500,"label":" ","price":6.41},{"type":"B","date":"2018-03-26T01:51:29.000Z","volume":2500,"label":" ","price":6.41},{"type":"B","date":"2018-03-26T01:51:38.000Z","volume":500,"label":" ","price":6.41},{"type":"A","date":"2018-03-26T01:51:43.000Z","volume":100000,"label":" ","price":6.42},{"type":"B","date":"2018-03-26T01:51:48.000Z","volume":1000,"label":" ","price":6.41},{"type":"A","date":"2018-03-26T01:52:03.000Z","volume":7500,"label":" ","price":6.42},{"type":"U","date":"2018-03-26T01:52:11.000Z","volume":500,"label":"X","price":6.415},{"type":"A","date":"2018-03-26T01:52:12.000Z","volume":64500,"label":" ","price":6.42},{"type":"A","date":"2018-03-26T01:52:12.000Z","volume":37500,"label":" ","price":6.42},{"type":"U","date":"2018-03-26T01:52:37.000Z","volume":500,"label":"X","price":6.42},{"type":"U","date":"2018-03-26T01:52:53.000Z","volume":500,"label":"X","price":6.42},{"type":"A","date":"2018-03-26T01:53:11.000Z","volume":500,"label":" ","price":6.43},{"type":"U","date":"2018-03-26T01:53:32.000Z","volume":500,"label":"X","price":6.425},{"type":"B","date":"2018-03-26T01:53:32.000Z","volume":16500,"label":" ","price":6.42},{"type":"A","date":"2018-03-26T01:53:51.000Z","volume":4500,"label":" ","price":6.43},{"type":"U","date":"2018-03-26T01:54:15.000Z","volume":500,"label":"X","price":6.425},{"type":"U","date":"2018-03-26T01:54:34.000Z","volume":500,"label":"X","price":6.425},{"type":"A","date":"2018-03-26T01:54:51.000Z","volume":5000,"label":" ","price":6.43},{"type":"B","date":"2018-03-26T01:55:13.000Z","volume":500,"label":" ","price":6.42},{"type":"U","date":"2018-03-26T01:55:24.000Z","volume":500,"label":"X","price":6.425},{"type":"B","date":"2018-03-26T01:55:28.000Z","volume":500,"label":" ","price":6.42},{"type":"B","date":"2018-03-26T01:55:43.000Z","volume":1000,"label":" ","price":6.42},{"type":"A","date":"2018-03-26T01:55:51.000Z","volume":4500,"label":" ","price":6.43},{"type":"B","date":"2018-03-26T01:55:58.000Z","volume":1000,"label":" ","price":6.42},{"type":"U","date":"2018-03-26T01:56:22.000Z","volume":500,"label":"X","price":6.425},{"type":"B","date":"2018-03-26T01:56:23.000Z","volume":1000,"label":" ","price":6.42},{"type":"A","date":"2018-03-26T01:56:37.000Z","volume":43500,"label":" ","price":6.43},{"type":"A","date":"2018-03-26T01:56:49.000Z","volume":5000,"label":" ","price":6.43},{"type":"A","date":"2018-03-26T01:56:52.000Z","volume":4500,"label":" ","price":6.43},{"type":"U","date":"2018-03-26T01:57:06.000Z","volume":500,"label":"X","price":6.425},{"type":"B","date":"2018-03-26T01:57:33.000Z","volume":1500,"label":" ","price":6.42},{"type":"U","date":"2018-03-26T01:57:40.000Z","volume":500,"label":"X","price":6.425},{"type":"B","date":"2018-03-26T01:57:41.000Z","volume":500,"label":" ","price":6.42},{"type":"B","date":"2018-03-26T01:57:51.000Z","volume":1500,"label":" ","price":6.42},{"type":"A","date":"2018-03-26T01:57:52.000Z","volume":4500,"label":" ","price":6.43},{"type":"A","date":"2018-03-26T01:57:57.000Z","volume":1000,"label":"Y","price":6.43},{"type":"A","date":"2018-03-26T01:57:57.000Z","volume":80500,"label":" ","price":6.43},{"type":"A","date":"2018-03-26T01:57:57.000Z","volume":1000,"label":" ","price":6.44},{"type":"A","date":"2018-03-26T01:57:58.000Z","volume":7000,"label":" ","price":6.44},{"type":"A","date":"2018-03-26T01:58:22.000Z","volume":26500,"label":" ","price":6.44},{"type":"A","date":"2018-03-26T01:58:23.000Z","volume":23000,"label":" ","price":6.45},{"type":"B","date":"2018-03-26T01:58:31.000Z","volume":4000,"label":" ","price":6.44},{"type":"A","date":"2018-03-26T01:58:52.000Z","volume":5000,"label":" ","price":6.45},{"type":"B","date":"2018-03-26T01:59:12.000Z","volume":500,"label":"Y","price":6.44},{"type":"B","date":"2018-03-26T01:59:12.000Z","volume":500,"label":" ","price":6.44},{"type":"A","date":"2018-03-26T01:59:52.000Z","volume":4500,"label":" ","price":6.44},{"type":"B","date":"2018-03-26T01:59:55.000Z","volume":8500,"label":" ","price":6.43},{"type":"A","date":"2018-03-26T02:00:03.000Z","volume":500,"label":" ","price":6.44},{"type":"U","date":"2018-03-26T02:00:20.000Z","volume":500,"label":"X","price":6.435},{"type":"A","date":"2018-03-26T02:00:22.000Z","volume":1000,"label":" ","price":6.44},{"type":"B","date":"2018-03-26T02:00:22.000Z","volume":1500,"label":" ","price":6.43},{"type":"A","date":"2018-03-26T02:00:32.000Z","volume":23500,"label":" ","price":6.44},{"type":"U","date":"2018-03-26T02:00:44.000Z","volume":500,"label":"X","price":6.435},{"type":"B","date":"2018-03-26T02:00:50.000Z","volume":1500,"label":" ","price":6.43},{"type":"A","date":"2018-03-26T02:00:52.000Z","volume":4500,"label":" ","price":6.44},{"type":"U","date":"2018-03-26T02:01:17.000Z","volume":500,"label":"X","price":6.435},{"type":"B","date":"2018-03-26T02:01:44.000Z","volume":1500,"label":" ","price":6.43},{"type":"A","date":"2018-03-26T02:01:53.000Z","volume":4500,"label":" ","price":6.44},{"type":"U","date":"2018-03-26T02:01:53.000Z","volume":500,"label":"X","price":6.435},{"type":"B","date":"2018-03-26T02:02:20.000Z","volume":1500,"label":" ","price":6.43},{"type":"U","date":"2018-03-26T02:02:24.000Z","volume":500,"label":"X","price":6.435},{"type":"B","date":"2018-03-26T02:02:28.000Z","volume":1000,"label":" ","price":6.43},{"type":"B","date":"2018-03-26T02:02:38.000Z","volume":1000,"label":" ","price":6.43},{"type":"A","date":"2018-03-26T02:02:42.000Z","volume":1000,"label":" ","price":6.44},{"type":"B","date":"2018-03-26T02:02:48.000Z","volume":1000,"label":" ","price":6.43},{"type":"A","date":"2018-03-26T02:02:53.000Z","volume":5000,"label":" ","price":6.44},{"type":"U","date":"2018-03-26T02:02:53.000Z","volume":500,"label":"X","price":6.435},{"type":"B","date":"2018-03-26T02:02:58.000Z","volume":1000,"label":" ","price":6.43},{"type":"B","date":"2018-03-26T02:03:08.000Z","volume":1000,"label":" ","price":6.43},{"type":"B","date":"2018-03-26T02:03:12.000Z","volume":23000,"label":" ","price":6.43},{"type":"B","date":"2018-03-26T02:03:12.000Z","volume":37500,"label":" ","price":6.43},{"type":"B","date":"2018-03-26T02:03:12.000Z","volume":10000,"label":" ","price":6.43},{"type":"B","date":"2018-03-26T02:03:13.000Z","volume":6000,"label":" ","price":6.43},{"type":"A","date":"2018-03-26T02:03:16.000Z","volume":130000,"label":" ","price":6.44},{"type":"A","date":"2018-03-26T02:03:54.000Z","volume":4500,"label":" ","price":6.44},{"type":"B","date":"2018-03-26T02:03:56.000Z","volume":1500,"label":" ","price":6.43},{"type":"U","date":"2018-03-26T02:04:34.000Z","volume":500,"label":"X","price":6.435},{"type":"B","date":"2018-03-26T02:04:35.000Z","volume":19000,"label":" ","price":6.43},{"type":"U","date":"2018-03-26T02:04:35.000Z","volume":1500,"label":"X","price":6.43},{"type":"B","date":"2018-03-26T02:04:37.000Z","volume":20000,"label":" ","price":6.43},{"type":"B","date":"2018-03-26T02:04:38.000Z","volume":12500,"label":" ","price":6.43},{"type":"B","date":"2018-03-26T02:04:42.000Z","volume":500,"label":"Y","price":6.43},{"type":"B","date":"2018-03-26T02:04:42.000Z","volume":6500,"label":" ","price":6.43},{"type":"B","date":"2018-03-26T02:04:44.000Z","volume":1500,"label":" ","price":6.42},{"type":"A","date":"2018-03-26T02:04:48.000Z","volume":29500,"label":" ","price":6.43},{"type":"A","date":"2018-03-26T02:04:54.000Z","volume":4500,"label":" ","price":6.43},{"type":"U","date":"2018-03-26T02:05:01.000Z","volume":2000,"label":"X","price":6.435},{"type":"B","date":"2018-03-26T02:05:17.000Z","volume":35000,"label":" ","price":6.42},{"type":"B","date":"2018-03-26T02:05:37.000Z","volume":1500,"label":" ","price":6.41},{"type":"U","date":"2018-03-26T02:05:48.000Z","volume":500,"label":"X","price":6.415},{"type":"A","date":"2018-03-26T02:05:54.000Z","volume":4500,"label":" ","price":6.42},{"type":"A","date":"2018-03-26T02:05:55.000Z","volume":28000,"label":" ","price":6.42},{"type":"U","date":"2018-03-26T02:05:58.000Z","volume":500,"label":"X","price":6.415},{"type":"B","date":"2018-03-26T02:06:00.000Z","volume":8500,"label":" ","price":6.41},{"type":"U","date":"2018-03-26T02:06:00.000Z","volume":1500,"label":"X","price":6.41},{"type":"A","date":"2018-03-26T02:06:04.000Z","volume":20000,"label":" ","price":6.42},{"type":"B","date":"2018-03-26T02:06:07.000Z","volume":4500,"label":" ","price":6.41},{"type":"U","date":"2018-03-26T02:06:29.000Z","volume":500,"label":"X","price":6.415},{"type":"A","date":"2018-03-26T02:06:46.000Z","volume":108000,"label":" ","price":6.42},{"type":"A","date":"2018-03-26T02:06:51.000Z","volume":3500,"label":" ","price":6.42},{"type":"A","date":"2018-03-26T02:06:53.000Z","volume":500,"label":" ","price":6.42},{"type":"A","date":"2018-03-26T02:06:54.000Z","volume":5000,"label":" ","price":6.42},{"type":"U","date":"2018-03-26T02:07:15.000Z","volume":500,"label":"X","price":6.415},{"type":"A","date":"2018-03-26T02:07:16.000Z","volume":28000,"label":" ","price":6.42},{"type":"U","date":"2018-03-26T02:07:22.000Z","volume":500,"label":"X","price":6.415},{"type":"A","date":"2018-03-26T02:07:34.000Z","volume":15000,"label":" ","price":6.42},{"type":"A","date":"2018-03-26T02:07:34.000Z","volume":1000,"label":" ","price":6.43},{"type":"A","date":"2018-03-26T02:07:54.000Z","volume":4500,"label":" ","price":6.43},{"type":"A","date":"2018-03-26T02:08:23.000Z","volume":1000,"label":" ","price":6.43},{"type":"U","date":"2018-03-26T02:08:26.000Z","volume":500,"label":"X","price":6.425},{"type":"A","date":"2018-03-26T02:08:40.000Z","volume":37500,"label":" ","price":6.43},{"type":"A","date":"2018-03-26T02:08:54.000Z","volume":4500,"label":" ","price":6.43},{"type":"U","date":"2018-03-26T02:08:55.000Z","volume":500,"label":"X","price":6.425},{"type":"U","date":"2018-03-26T02:09:20.000Z","volume":500,"label":"X","price":6.425},{"type":"A","date":"2018-03-26T02:09:21.000Z","volume":1000,"label":" ","price":6.43},{"type":"A","date":"2018-03-26T02:09:33.000Z","volume":15500,"label":" ","price":6.43},{"type":"U","date":"2018-03-26T02:09:53.000Z","volume":500,"label":"X","price":6.425},{"type":"A","date":"2018-03-26T02:09:54.000Z","volume":4500,"label":" ","price":6.43},{"type":"A","date":"2018-03-26T02:09:56.000Z","volume":50000,"label":" ","price":6.43},{"type":"A","date":"2018-03-26T02:10:13.000Z","volume":500,"label":" ","price":6.43},{"type":"U","date":"2018-03-26T02:10:33.000Z","volume":500,"label":"X","price":6.425},{"type":"A","date":"2018-03-26T02:10:45.000Z","volume":1000,"label":" ","price":6.43},{"type":"A","date":"2018-03-26T02:10:54.000Z","volume":5000,"label":" ","price":6.43},{"type":"B","date":"2018-03-26T02:11:16.000Z","volume":31000,"label":" ","price":6.42},{"type":"U","date":"2018-03-26T02:11:18.000Z","volume":500,"label":"X","price":6.425},{"type":"B","date":"2018-03-26T02:11:18.000Z","volume":2000,"label":" ","price":6.42},{"type":"U","date":"2018-03-26T02:11:47.000Z","volume":500,"label":"X","price":6.425},{"type":"A","date":"2018-03-26T02:11:54.000Z","volume":4500,"label":" ","price":6.43},{"type":"B","date":"2018-03-26T02:12:03.000Z","volume":1500,"label":" ","price":6.42},{"type":"U","date":"2018-03-26T02:12:09.000Z","volume":500,"label":"X","price":6.425},{"type":"B","date":"2018-03-26T02:12:13.000Z","volume":1000,"label":" ","price":6.42},{"type":"B","date":"2018-03-26T02:12:15.000Z","volume":120500,"label":" ","price":6.42},{"type":"B","date":"2018-03-26T02:12:23.000Z","volume":1000,"label":" ","price":6.41},{"type":"B","date":"2018-03-26T02:12:33.000Z","volume":1000,"label":" ","price":6.41},{"type":"B","date":"2018-03-26T02:12:43.000Z","volume":4500,"label":" ","price":6.41},{"type":"B","date":"2018-03-26T02:12:43.000Z","volume":1000,"label":" ","price":6.41},{"type":"B","date":"2018-03-26T02:12:53.000Z","volume":1500,"label":" ","price":6.41},{"type":"A","date":"2018-03-26T02:12:54.000Z","volume":4500,"label":" ","price":6.43},{"type":"A","date":"2018-03-26T02:12:56.000Z","volume":37500,"label":"Y","price":6.43},{"type":"A","date":"2018-03-26T02:12:56.000Z","volume":83500,"label":" ","price":6.43},{"type":"A","date":"2018-03-26T02:12:56.000Z","volume":100000,"label":"Y","price":6.44},{"type":"A","date":"2018-03-26T02:12:56.000Z","volume":33000,"label":" ","price":6.44},{"type":"U","date":"2018-03-26T02:13:01.000Z","volume":10000,"label":"X","price":6.43},{"type":"U","date":"2018-03-26T02:13:05.000Z","volume":500,"label":"X","price":6.43},{"type":"U","date":"2018-03-26T02:13:23.000Z","volume":500,"label":"X","price":6.426},{"type":"U","date":"2018-03-26T02:13:24.000Z","volume":500,"label":"X","price":6.43},{"type":"A","date":"2018-03-26T02:13:54.000Z","volume":4500,"label":" ","price":6.45},{"type":"B","date":"2018-03-26T02:14:19.000Z","volume":2000,"label":" ","price":6.42},{"type":"A","date":"2018-03-26T02:14:54.000Z","volume":5000,"label":" ","price":6.45},{"type":"U","date":"2018-03-26T02:15:05.000Z","volume":236,"label":"D","price":6.45},{"type":"A","date":"2018-03-26T02:15:37.000Z","volume":1000,"label":" ","price":6.45},{"type":"A","date":"2018-03-26T02:15:55.000Z","volume":4500,"label":" ","price":6.45},{"type":"A","date":"2018-03-26T02:15:55.000Z","volume":1000,"label":"Y","price":6.45},{"type":"U","date":"2018-03-26T02:16:10.000Z","volume":500,"label":"X","price":6.44},{"type":"B","date":"2018-03-26T02:16:24.000Z","volume":500,"label":" ","price":6.44},{"type":"B","date":"2018-03-26T02:16:30.000Z","volume":8500,"label":" ","price":6.44},{"type":"A","date":"2018-03-26T02:16:30.000Z","volume":1000,"label":" ","price":6.44},{"type":"A","date":"2018-03-26T02:16:55.000Z","volume":4500,"label":" ","price":6.44},{"type":"A","date":"2018-03-26T02:16:55.000Z","volume":1500,"label":" ","price":6.44},{"type":"B","date":"2018-03-26T02:16:57.000Z","volume":500,"label":" ","price":6.43},{"type":"B","date":"2018-03-26T02:16:57.000Z","volume":500,"label":" ","price":6.43},{"type":"B","date":"2018-03-26T02:17:16.000Z","volume":1000,"label":" ","price":6.42},{"type":"B","date":"2018-03-26T02:17:16.000Z","volume":11000,"label":" ","price":6.42},{"type":"A","date":"2018-03-26T02:17:17.000Z","volume":500,"label":" ","price":6.43},{"type":"A","date":"2018-03-26T02:17:31.000Z","volume":3000,"label":" ","price":6.43},{"type":"B","date":"2018-03-26T02:17:42.000Z","volume":1500,"label":" ","price":6.42},{"type":"A","date":"2018-03-26T02:17:42.000Z","volume":1500,"label":" ","price":6.43},{"type":"A","date":"2018-03-26T02:17:55.000Z","volume":4500,"label":" ","price":6.43},{"type":"B","date":"2018-03-26T02:18:41.000Z","volume":4000,"label":" ","price":6.42},{"type":"B","date":"2018-03-26T02:18:41.000Z","volume":1500,"label":" ","price":6.41},{"type":"A","date":"2018-03-26T02:18:41.000Z","volume":500,"label":" ","price":6.42},{"type":"A","date":"2018-03-26T02:18:47.000Z","volume":1000,"label":" ","price":6.42},{"type":"A","date":"2018-03-26T02:18:53.000Z","volume":1500,"label":" ","price":6.42},{"type":"A","date":"2018-03-26T02:18:55.000Z","volume":5000,"label":" ","price":6.42},{"type":"U","date":"2018-03-26T02:19:24.000Z","volume":500,"label":"X","price":6.415},{"type":"A","date":"2018-03-26T02:19:29.000Z","volume":36000,"label":" ","price":6.42},{"type":"A","date":"2018-03-26T02:19:30.000Z","volume":500,"label":" ","price":6.42},{"type":"A","date":"2018-03-26T02:19:33.000Z","volume":7000,"label":" ","price":6.42},{"type":"A","date":"2018-03-26T02:19:55.000Z","volume":4500,"label":" ","price":6.42},{"type":"U","date":"2018-03-26T02:20:09.000Z","volume":500,"label":"X","price":6.415},{"type":"B","date":"2018-03-26T02:20:11.000Z","volume":500,"label":" ","price":6.41},{"type":"B","date":"2018-03-26T02:20:22.000Z","volume":1000,"label":" ","price":6.41},{"type":"A","date":"2018-03-26T02:20:34.000Z","volume":39000,"label":" ","price":6.42},{"type":"A","date":"2018-03-26T02:20:55.000Z","volume":4500,"label":" ","price":6.42},{"type":"U","date":"2018-03-26T02:20:56.000Z","volume":500,"label":"X","price":6.415},{"type":"U","date":"2018-03-26T02:21:47.000Z","volume":500,"label":"X","price":6.415},{"type":"A","date":"2018-03-26T02:21:56.000Z","volume":4500,"label":" ","price":6.42},{"type":"A","date":"2018-03-26T02:22:41.000Z","volume":30000,"label":" ","price":6.42},{"type":"U","date":"2018-03-26T02:22:43.000Z","volume":500,"label":"X","price":6.415},{"type":"A","date":"2018-03-26T02:22:56.000Z","volume":5000,"label":" ","price":6.42},{"type":"A","date":"2018-03-26T02:23:16.000Z","volume":1000,"label":" ","price":6.42},{"type":"U","date":"2018-03-26T02:23:23.000Z","volume":500,"label":"X","price":6.424},{"type":"A","date":"2018-03-26T02:23:26.000Z","volume":2000,"label":" ","price":6.42},{"type":"A","date":"2018-03-26T02:23:45.000Z","volume":73500,"label":" ","price":6.42},{"type":"A","date":"2018-03-26T02:23:56.000Z","volume":4500,"label":" ","price":6.42},{"type":"U","date":"2018-03-26T02:24:09.000Z","volume":9000,"label":"X","price":6.42},{"type":"A","date":"2018-03-26T02:24:09.000Z","volume":2000,"label":"Y","price":6.42},{"type":"A","date":"2018-03-26T02:24:09.000Z","volume":1000,"label":" ","price":6.42},{"type":"U","date":"2018-03-26T02:24:09.000Z","volume":1000,"label":"X","price":6.42},{"type":"A","date":"2018-03-26T02:24:09.000Z","volume":55500,"label":" ","price":6.42},{"type":"B","date":"2018-03-26T02:24:09.000Z","volume":500,"label":" ","price":6.41},{"type":"A","date":"2018-03-26T02:24:09.000Z","volume":500,"label":" ","price":6.42},{"type":"U","date":"2018-03-26T02:24:18.000Z","volume":500,"label":"X","price":6.415},{"type":"A","date":"2018-03-26T02:24:40.000Z","volume":500,"label":" ","price":6.42},{"type":"A","date":"2018-03-26T02:24:40.000Z","volume":500,"label":" ","price":6.42},{"type":"U","date":"2018-03-26T02:24:49.000Z","volume":500,"label":"X","price":6.415},{"type":"A","date":"2018-03-26T02:24:52.000Z","volume":100000,"label":" ","price":6.42},{"type":"A","date":"2018-03-26T02:24:52.000Z","volume":12500,"label":" ","price":6.42},{"type":"A","date":"2018-03-26T02:24:56.000Z","volume":4500,"label":" ","price":6.42},{"type":"A","date":"2018-03-26T02:25:02.000Z","volume":3000,"label":" ","price":6.42},{"type":"A","date":"2018-03-26T02:25:02.000Z","volume":3000,"label":" ","price":6.42},{"type":"A","date":"2018-03-26T02:25:30.000Z","volume":500,"label":" ","price":6.43},{"type":"A","date":"2018-03-26T02:25:49.000Z","volume":28500,"label":" ","price":6.43},{"type":"A","date":"2018-03-26T02:25:56.000Z","volume":4500,"label":" ","price":6.44},{"type":"U","date":"2018-03-26T02:26:09.000Z","volume":5000,"label":"X","price":6.44},{"type":"A","date":"2018-03-26T02:26:26.000Z","volume":500,"label":" ","price":6.44},{"type":"A","date":"2018-03-26T02:26:27.000Z","volume":17000,"label":" ","price":6.44},{"type":"A","date":"2018-03-26T02:26:27.000Z","volume":35000,"label":" ","price":6.45},{"type":"B","date":"2018-03-26T02:26:28.000Z","volume":3000,"label":" ","price":6.44},{"type":"B","date":"2018-03-26T02:26:41.000Z","volume":2000,"label":" ","price":6.43},{"type":"A","date":"2018-03-26T02:26:56.000Z","volume":5000,"label":" ","price":6.44},{"type":"U","date":"2018-03-26T02:27:49.000Z","volume":500,"label":"X","price":6.435},{"type":"A","date":"2018-03-26T02:27:56.000Z","volume":4500,"label":" ","price":6.44},{"type":"A","date":"2018-03-26T02:28:35.000Z","volume":4500,"label":" ","price":6.44},{"type":"U","date":"2018-03-26T02:28:39.000Z","volume":5000,"label":"X","price":6.426},{"type":"U","date":"2018-03-26T02:28:41.000Z","volume":500,"label":"X","price":6.435},{"type":"A","date":"2018-03-26T02:28:57.000Z","volume":4500,"label":" ","price":6.44},{"type":"U","date":"2018-03-26T02:29:23.000Z","volume":500,"label":"X","price":6.435},{"type":"B","date":"2018-03-26T02:29:23.000Z","volume":500,"label":" ","price":6.43},{"type":"A","date":"2018-03-26T02:29:57.000Z","volume":4500,"label":" ","price":6.44},{"type":"U","date":"2018-03-26T02:30:21.000Z","volume":500,"label":"X","price":6.435},{"type":"A","date":"2018-03-26T02:30:23.000Z","volume":1000,"label":" ","price":6.44},{"type":"A","date":"2018-03-26T02:30:36.000Z","volume":500,"label":" ","price":6.44},{"type":"A","date":"2018-03-26T02:30:57.000Z","volume":5000,"label":" ","price":6.44},{"type":"A","date":"2018-03-26T02:31:06.000Z","volume":4000,"label":" ","price":6.44},{"type":"A","date":"2018-03-26T02:31:08.000Z","volume":55000,"label":" ","price":6.44},{"type":"A","date":"2018-03-26T02:31:08.000Z","volume":3500,"label":" ","price":6.44},{"type":"U","date":"2018-03-26T02:31:09.000Z","volume":14000,"label":"X","price":6.45},{"type":"U","date":"2018-03-26T02:31:25.000Z","volume":500,"label":"X","price":6.44},{"type":"A","date":"2018-03-26T02:31:31.000Z","volume":500,"label":" ","price":6.45},{"type":"B","date":"2018-03-26T02:31:33.000Z","volume":3500,"label":" ","price":6.44},{"type":"A","date":"2018-03-26T02:31:33.000Z","volume":500,"label":" ","price":6.45},{"type":"A","date":"2018-03-26T02:31:57.000Z","volume":4500,"label":" ","price":6.45},{"type":"A","date":"2018-03-26T02:32:57.000Z","volume":4500,"label":" ","price":6.45},{"type":"A","date":"2018-03-26T02:33:24.000Z","volume":28000,"label":" ","price":6.45},{"type":"A","date":"2018-03-26T02:33:25.000Z","volume":49000,"label":" ","price":6.46},{"type":"A","date":"2018-03-26T02:33:25.000Z","volume":19000,"label":" ","price":6.47},{"type":"B","date":"2018-03-26T02:33:25.000Z","volume":10500,"label":" ","price":6.47},{"type":"B","date":"2018-03-26T02:33:25.000Z","volume":1000,"label":" ","price":6.47},{"type":"U","date":"2018-03-26T02:33:29.000Z","volume":2500,"label":"X","price":6.465},{"type":"U","date":"2018-03-26T02:33:29.000Z","volume":500,"label":"X","price":6.465},{"type":"U","date":"2018-03-26T02:33:29.000Z","volume":500,"label":"X","price":6.465},{"type":"U","date":"2018-03-26T02:33:31.000Z","volume":500,"label":"X","price":6.451},{"type":"A","date":"2018-03-26T02:33:57.000Z","volume":4500,"label":" ","price":6.47},{"type":"A","date":"2018-03-26T02:34:21.000Z","volume":4000,"label":" ","price":6.47},{"type":"A","date":"2018-03-26T02:34:34.000Z","volume":1000,"label":" ","price":6.47},{"type":"A","date":"2018-03-26T02:34:47.000Z","volume":30000,"label":" ","price":6.47},{"type":"A","date":"2018-03-26T02:34:58.000Z","volume":5000,"label":" ","price":6.47},{"type":"A","date":"2018-03-26T02:35:20.000Z","volume":1500,"label":" ","price":6.47},{"type":"U","date":"2018-03-26T02:35:21.000Z","volume":500,"label":"X","price":6.465},{"type":"U","date":"2018-03-26T02:35:24.000Z","volume":500,"label":"X","price":6.465},{"type":"A","date":"2018-03-26T02:35:40.000Z","volume":2500,"label":" ","price":6.47},{"type":"U","date":"2018-03-26T02:35:51.000Z","volume":500,"label":"X","price":6.465},{"type":"A","date":"2018-03-26T02:35:58.000Z","volume":4500,"label":" ","price":6.47},{"type":"A","date":"2018-03-26T02:35:58.000Z","volume":500,"label":" ","price":6.47},{"type":"U","date":"2018-03-26T02:36:07.000Z","volume":1500,"label":"X","price":6.47},{"type":"B","date":"2018-03-26T02:36:21.000Z","volume":1000,"label":" ","price":6.46},{"type":"B","date":"2018-03-26T02:36:43.000Z","volume":2000,"label":" ","price":6.46},{"type":"A","date":"2018-03-26T02:36:58.000Z","volume":4500,"label":" ","price":6.47},{"type":"A","date":"2018-03-26T02:37:06.000Z","volume":3000,"label":" ","price":6.47},{"type":"U","date":"2018-03-26T02:37:23.000Z","volume":500,"label":"X","price":6.465},{"type":"A","date":"2018-03-26T02:37:58.000Z","volume":4500,"label":" ","price":6.47},{"type":"B","date":"2018-03-26T02:37:58.000Z","volume":1500,"label":" ","price":6.46},{"type":"U","date":"2018-03-26T02:38:16.000Z","volume":500,"label":"X","price":6.465},{"type":"A","date":"2018-03-26T02:38:20.000Z","volume":500,"label":" ","price":6.47},{"type":"B","date":"2018-03-26T02:38:28.000Z","volume":2000,"label":" ","price":6.46},{"type":"B","date":"2018-03-26T02:38:50.000Z","volume":15500,"label":" ","price":6.46},{"type":"B","date":"2018-03-26T02:38:55.000Z","volume":2000,"label":" ","price":6.46},{"type":"A","date":"2018-03-26T02:38:58.000Z","volume":5000,"label":" ","price":6.47},{"type":"A","date":"2018-03-26T02:39:21.000Z","volume":2500,"label":" ","price":6.47},{"type":"U","date":"2018-03-26T02:39:31.000Z","volume":500,"label":"X","price":6.465},{"type":"A","date":"2018-03-26T02:39:33.000Z","volume":2500,"label":" ","price":6.47},{"type":"A","date":"2018-03-26T02:39:45.000Z","volume":2500,"label":" ","price":6.47},{"type":"A","date":"2018-03-26T02:39:51.000Z","volume":3000,"label":" ","price":6.47},{"type":"A","date":"2018-03-26T02:39:57.000Z","volume":2500,"label":" ","price":6.47},{"type":"A","date":"2018-03-26T02:39:58.000Z","volume":4500,"label":" ","price":6.47},{"type":"B","date":"2018-03-26T02:40:07.000Z","volume":1000,"label":" ","price":6.46},{"type":"A","date":"2018-03-26T02:40:09.000Z","volume":2000,"label":" ","price":6.47},{"type":"A","date":"2018-03-26T02:40:11.000Z","volume":70000,"label":" ","price":6.47},{"type":"A","date":"2018-03-26T02:40:11.000Z","volume":30000,"label":" ","price":6.48},{"type":"U","date":"2018-03-26T02:40:11.000Z","volume":3500,"label":" ","price":6.48},{"type":"U","date":"2018-03-26T02:40:23.000Z","volume":500,"label":"X","price":6.48},{"type":"U","date":"2018-03-26T02:40:24.000Z","volume":10500,"label":"X","price":6.49},{"type":"A","date":"2018-03-26T02:40:24.000Z","volume":5000,"label":" ","price":6.49},{"type":"A","date":"2018-03-26T02:40:28.000Z","volume":22500,"label":" ","price":6.49},{"type":"A","date":"2018-03-26T02:40:28.000Z","volume":200000,"label":" ","price":6.5},{"type":"A","date":"2018-03-26T02:40:28.000Z","volume":12000,"label":" ","price":6.5},{"type":"U","date":"2018-03-26T02:40:28.000Z","volume":3500,"label":" ","price":6.5},{"type":"A","date":"2018-03-26T02:40:30.000Z","volume":44000,"label":" ","price":6.53},{"type":"U","date":"2018-03-26T02:40:30.000Z","volume":37000,"label":" ","price":6.53},{"type":"B","date":"2018-03-26T02:40:35.000Z","volume":4000,"label":" ","price":6.53},{"type":"B","date":"2018-03-26T02:40:38.000Z","volume":10500,"label":" ","price":6.53},{"type":"B","date":"2018-03-26T02:40:38.000Z","volume":7500,"label":" ","price":6.52},{"type":"A","date":"2018-03-26T02:40:38.000Z","volume":1500,"label":" ","price":6.53},{"type":"A","date":"2018-03-26T02:40:59.000Z","volume":4500,"label":" ","price":6.53},{"type":"A","date":"2018-03-26T02:40:59.000Z","volume":1000,"label":" ","price":6.53},{"type":"A","date":"2018-03-26T02:41:10.000Z","volume":2500,"label":" ","price":6.53},{"type":"A","date":"2018-03-26T02:41:22.000Z","volume":2500,"label":" ","price":6.53},{"type":"B","date":"2018-03-26T02:41:23.000Z","volume":500,"label":"Y","price":6.52},{"type":"B","date":"2018-03-26T02:41:23.000Z","volume":25000,"label":" ","price":6.52},{"type":"U","date":"2018-03-26T02:41:29.000Z","volume":1500,"label":"X","price":6.495},{"type":"U","date":"2018-03-26T02:41:29.000Z","volume":500,"label":"X","price":6.495},{"type":"B","date":"2018-03-26T02:41:32.000Z","volume":7000,"label":" ","price":6.51},{"type":"A","date":"2018-03-26T02:41:34.000Z","volume":2500,"label":" ","price":6.52},{"type":"A","date":"2018-03-26T02:41:42.000Z","volume":24000,"label":" ","price":6.52},{"type":"A","date":"2018-03-26T02:41:42.000Z","volume":27500,"label":" ","price":6.52},{"type":"A","date":"2018-03-26T02:41:46.000Z","volume":2500,"label":" ","price":6.53},{"type":"A","date":"2018-03-26T02:41:58.000Z","volume":2000,"label":" ","price":6.53},{"type":"A","date":"2018-03-26T02:41:59.000Z","volume":4500,"label":" ","price":6.53},{"type":"B","date":"2018-03-26T02:42:08.000Z","volume":1000,"label":" ","price":6.51},{"type":"A","date":"2018-03-26T02:42:45.000Z","volume":1000,"label":" ","price":6.53},{"type":"A","date":"2018-03-26T02:42:58.000Z","volume":2500,"label":" ","price":6.53},{"type":"A","date":"2018-03-26T02:42:59.000Z","volume":5000,"label":" ","price":6.53},{"type":"B","date":"2018-03-26T02:43:07.000Z","volume":51500,"label":" ","price":6.52},{"type":"A","date":"2018-03-26T02:43:10.000Z","volume":2500,"label":" ","price":6.53},{"type":"A","date":"2018-03-26T02:43:22.000Z","volume":2500,"label":" ","price":6.53},{"type":"A","date":"2018-03-26T02:43:35.000Z","volume":2500,"label":" ","price":6.53},{"type":"A","date":"2018-03-26T02:43:47.000Z","volume":2000,"label":" ","price":6.53},{"type":"U","date":"2018-03-26T02:43:51.000Z","volume":500,"label":"X","price":6.525},{"type":"A","date":"2018-03-26T02:43:59.000Z","volume":4500,"label":" ","price":6.53},{"type":"A","date":"2018-03-26T02:44:13.000Z","volume":50000,"label":" ","price":6.53},{"type":"B","date":"2018-03-26T02:44:13.000Z","volume":12000,"label":" ","price":6.52},{"type":"B","date":"2018-03-26T02:44:13.000Z","volume":500,"label":" ","price":6.52},{"type":"B","date":"2018-03-26T02:44:40.000Z","volume":1500,"label":" ","price":6.52},{"type":"B","date":"2018-03-26T02:44:40.000Z","volume":500,"label":" ","price":6.52},{"type":"A","date":"2018-03-26T02:44:48.000Z","volume":2500,"label":" ","price":6.53},{"type":"B","date":"2018-03-26T02:44:49.000Z","volume":500,"label":" ","price":6.52},{"type":"A","date":"2018-03-26T02:45:00.000Z","volume":4500,"label":" ","price":6.53},{"type":"A","date":"2018-03-26T02:45:00.000Z","volume":2500,"label":" ","price":6.53},{"type":"A","date":"2018-03-26T02:45:12.000Z","volume":2500,"label":" ","price":6.53},{"type":"A","date":"2018-03-26T02:45:24.000Z","volume":2500,"label":" ","price":6.53},{"type":"A","date":"2018-03-26T02:45:29.000Z","volume":100000,"label":" ","price":6.53},{"type":"A","date":"2018-03-26T02:45:29.000Z","volume":21000,"label":" ","price":6.53},{"type":"U","date":"2018-03-26T02:45:31.000Z","volume":500,"label":"X","price":6.525},{"type":"A","date":"2018-03-26T02:45:36.000Z","volume":2000,"label":" ","price":6.53},{"type":"A","date":"2018-03-26T02:45:43.000Z","volume":16500,"label":" ","price":6.53},{"type":"A","date":"2018-03-26T02:45:43.000Z","volume":5000,"label":" ","price":6.53},{"type":"A","date":"2018-03-26T02:45:49.000Z","volume":70500,"label":" ","price":6.54},{"type":"A","date":"2018-03-26T02:45:49.000Z","volume":9500,"label":"Y","price":6.55},{"type":"U","date":"2018-03-26T02:45:50.000Z","volume":4000,"label":" ","price":6.54},{"type":"A","date":"2018-03-26T02:46:00.000Z","volume":4500,"label":" ","price":6.55},{"type":"U","date":"2018-03-26T02:46:07.000Z","volume":500,"label":"X","price":6.54},{"type":"B","date":"2018-03-26T02:46:23.000Z","volume":11500,"label":" ","price":6.53},{"type":"A","date":"2018-03-26T02:46:23.000Z","volume":19000,"label":" ","price":6.55},{"type":"A","date":"2018-03-26T02:46:23.000Z","volume":5500,"label":" ","price":6.55},{"type":"A","date":"2018-03-26T02:46:36.000Z","volume":2500,"label":" ","price":6.56},{"type":"U","date":"2018-03-26T02:46:41.000Z","volume":500,"label":"X","price":6.555},{"type":"A","date":"2018-03-26T02:46:48.000Z","volume":2500,"label":" ","price":6.56},{"type":"A","date":"2018-03-26T02:47:00.000Z","volume":2500,"label":" ","price":6.56},{"type":"A","date":"2018-03-26T02:47:01.000Z","volume":5000,"label":" ","price":6.56},{"type":"A","date":"2018-03-26T02:47:12.000Z","volume":2500,"label":" ","price":6.56},{"type":"U","date":"2018-03-26T02:47:24.000Z","volume":500,"label":"X","price":6.555},{"type":"A","date":"2018-03-26T02:47:24.000Z","volume":2000,"label":" ","price":6.56},{"type":"A","date":"2018-03-26T02:47:29.000Z","volume":29000,"label":" ","price":6.56},{"type":"A","date":"2018-03-26T02:48:00.000Z","volume":4500,"label":" ","price":6.56},{"type":"A","date":"2018-03-26T02:48:08.000Z","volume":10000,"label":" ","price":6.56},{"type":"A","date":"2018-03-26T02:48:08.000Z","volume":500,"label":" ","price":6.56},{"type":"A","date":"2018-03-26T02:48:25.000Z","volume":2500,"label":" ","price":6.56},{"type":"A","date":"2018-03-26T02:48:35.000Z","volume":29500,"label":" ","price":6.56},{"type":"A","date":"2018-03-26T02:48:37.000Z","volume":2500,"label":" ","price":6.56},{"type":"U","date":"2018-03-26T02:48:41.000Z","volume":500,"label":"X","price":6.555},{"type":"A","date":"2018-03-26T02:48:49.000Z","volume":2500,"label":" ","price":6.56},{"type":"A","date":"2018-03-26T02:49:01.000Z","volume":2500,"label":" ","price":6.56},{"type":"A","date":"2018-03-26T02:49:01.000Z","volume":4500,"label":" ","price":6.56},{"type":"A","date":"2018-03-26T02:49:12.000Z","volume":1000,"label":" ","price":6.56},{"type":"A","date":"2018-03-26T02:49:13.000Z","volume":2000,"label":" ","price":6.56},{"type":"A","date":"2018-03-26T02:49:18.000Z","volume":500,"label":" ","price":6.56},{"type":"U","date":"2018-03-26T02:49:18.000Z","volume":3000,"label":"X","price":6.556},{"type":"A","date":"2018-03-26T02:49:19.000Z","volume":1500,"label":"Y","price":6.56},{"type":"U","date":"2018-03-26T02:49:28.000Z","volume":500,"label":"X","price":6.555},{"type":"A","date":"2018-03-26T02:49:42.000Z","volume":2000,"label":" ","price":6.56},{"type":"U","date":"2018-03-26T02:49:53.000Z","volume":500,"label":"X","price":6.555},{"type":"U","date":"2018-03-26T02:49:55.000Z","volume":500,"label":"X","price":6.56},{"type":"U","date":"2018-03-26T02:49:55.000Z","volume":500,"label":"X","price":6.56},{"type":"A","date":"2018-03-26T02:49:59.000Z","volume":56500,"label":" ","price":6.56},{"type":"B","date":"2018-03-26T02:49:59.000Z","volume":14500,"label":" ","price":6.56},{"type":"A","date":"2018-03-26T02:49:59.000Z","volume":1500,"label":" ","price":6.57},{"type":"B","date":"2018-03-26T02:50:05.000Z","volume":3500,"label":" ","price":6.56},{"type":"U","date":"2018-03-26T02:50:40.000Z","volume":500,"label":"X","price":6.565},{"type":"A","date":"2018-03-26T02:50:57.000Z","volume":1500,"label":" ","price":6.57},{"type":"B","date":"2018-03-26T02:50:57.000Z","volume":17000,"label":" ","price":6.56},{"type":"A","date":"2018-03-26T02:51:01.000Z","volume":5000,"label":" ","price":6.57},{"type":"B","date":"2018-03-26T02:51:09.000Z","volume":50500,"label":" ","price":6.56},{"type":"B","date":"2018-03-26T02:51:09.000Z","volume":500,"label":" ","price":6.56},{"type":"B","date":"2018-03-26T02:51:11.000Z","volume":59000,"label":" ","price":6.55},{"type":"A","date":"2018-03-26T02:52:01.000Z","volume":4500,"label":" ","price":6.56},{"type":"U","date":"2018-03-26T02:52:16.000Z","volume":500,"label":"X","price":6.55},{"type":"B","date":"2018-03-26T02:52:39.000Z","volume":5000,"label":" ","price":6.54},{"type":"B","date":"2018-03-26T02:52:39.000Z","volume":1500,"label":"Y","price":6.54},{"type":"B","date":"2018-03-26T02:52:39.000Z","volume":3000,"label":" ","price":6.54},{"type":"B","date":"2018-03-26T02:52:42.000Z","volume":40000,"label":" ","price":6.53},{"type":"B","date":"2018-03-26T02:52:42.000Z","volume":4000,"label":" ","price":6.53},{"type":"B","date":"2018-03-26T02:52:42.000Z","volume":1000,"label":" ","price":6.52},{"type":"B","date":"2018-03-26T02:52:43.000Z","volume":500,"label":" ","price":6.52},{"type":"B","date":"2018-03-26T02:52:52.000Z","volume":1500,"label":" ","price":6.5},{"type":"B","date":"2018-03-26T02:52:52.000Z","volume":14500,"label":" ","price":6.5},{"type":"A","date":"2018-03-26T02:53:01.000Z","volume":4500,"label":" ","price":6.54},{"type":"B","date":"2018-03-26T02:53:16.000Z","volume":1500,"label":" ","price":6.49},{"type":"B","date":"2018-03-26T02:53:16.000Z","volume":1000,"label":"Y","price":6.49},{"type":"B","date":"2018-03-26T02:53:16.000Z","volume":1000,"label":" ","price":6.49},{"type":"A","date":"2018-03-26T02:53:39.000Z","volume":40500,"label":" ","price":6.54},{"type":"B","date":"2018-03-26T02:53:39.000Z","volume":500,"label":" ","price":6.53},{"type":"A","date":"2018-03-26T02:54:02.000Z","volume":4500,"label":" ","price":6.53},{"type":"B","date":"2018-03-26T02:54:02.000Z","volume":1500,"label":" ","price":6.51},{"type":"B","date":"2018-03-26T02:54:03.000Z","volume":1500,"label":" ","price":6.51},{"type":"B","date":"2018-03-26T02:54:21.000Z","volume":500,"label":"Y","price":6.5},{"type":"B","date":"2018-03-26T02:54:21.000Z","volume":1000,"label":" ","price":6.5},{"type":"B","date":"2018-03-26T02:54:21.000Z","volume":1500,"label":" ","price":6.5},{"type":"B","date":"2018-03-26T02:54:21.000Z","volume":1500,"label":" ","price":6.5},{"type":"B","date":"2018-03-26T02:54:22.000Z","volume":1500,"label":" ","price":6.49},{"type":"B","date":"2018-03-26T02:54:45.000Z","volume":1500,"label":" ","price":6.49},{"type":"A","date":"2018-03-26T02:55:02.000Z","volume":5000,"label":" ","price":6.53},{"type":"A","date":"2018-03-26T02:55:14.000Z","volume":34000,"label":" ","price":6.53},{"type":"B","date":"2018-03-26T02:55:14.000Z","volume":1500,"label":"Y","price":6.52},{"type":"B","date":"2018-03-26T02:55:36.000Z","volume":1500,"label":"Y","price":6.5},{"type":"B","date":"2018-03-26T02:55:36.000Z","volume":1000,"label":"Y","price":6.5},{"type":"B","date":"2018-03-26T02:55:36.000Z","volume":2500,"label":" ","price":6.5},{"type":"B","date":"2018-03-26T02:55:50.000Z","volume":1000,"label":"Y","price":6.49},{"type":"B","date":"2018-03-26T02:55:50.000Z","volume":1500,"label":" ","price":6.49},{"type":"A","date":"2018-03-26T02:56:02.000Z","volume":4500,"label":" ","price":6.53},{"type":"B","date":"2018-03-26T02:56:15.000Z","volume":1500,"label":" ","price":6.49},{"type":"B","date":"2018-03-26T02:56:21.000Z","volume":1000,"label":" ","price":6.49},{"type":"B","date":"2018-03-26T02:56:21.000Z","volume":500,"label":" ","price":6.49},{"type":"B","date":"2018-03-26T02:56:21.000Z","volume":500,"label":" ","price":6.49},{"type":"B","date":"2018-03-26T02:56:26.000Z","volume":500,"label":"Y","price":6.49},{"type":"B","date":"2018-03-26T02:56:26.000Z","volume":1000,"label":" ","price":6.49},{"type":"A","date":"2018-03-26T02:57:02.000Z","volume":4500,"label":" ","price":6.51},{"type":"B","date":"2018-03-26T02:57:02.000Z","volume":1500,"label":" ","price":6.48},{"type":"U","date":"2018-03-26T02:57:42.000Z","volume":5500,"label":" ","price":6.49},{"type":"A","date":"2018-03-26T02:57:42.000Z","volume":4000,"label":" ","price":6.49},{"type":"U","date":"2018-03-26T02:57:53.000Z","volume":500,"label":"X","price":6.49},{"type":"A","date":"2018-03-26T02:58:01.000Z","volume":4500,"label":" ","price":6.5},{"type":"U","date":"2018-03-26T02:58:31.000Z","volume":500,"label":"X","price":6.49},{"type":"A","date":"2018-03-26T02:58:41.000Z","volume":8500,"label":" ","price":6.49},{"type":"B","date":"2018-03-26T02:58:57.000Z","volume":2500,"label":" ","price":6.48},{"type":"U","date":"2018-03-26T02:59:00.000Z","volume":500,"label":" ","price":6.49},{"type":"A","date":"2018-03-26T02:59:02.000Z","volume":5000,"label":" ","price":6.5},{"type":"A","date":"2018-03-26T02:59:21.000Z","volume":70500,"label":" ","price":6.49},{"type":"U","date":"2018-03-26T02:59:21.000Z","volume":10000,"label":" ","price":6.49},{"type":"B","date":"2018-03-26T02:59:21.000Z","volume":1000,"label":" ","price":6.48},{"type":"U","date":"2018-03-26T02:59:21.000Z","volume":6000,"label":" ","price":6.49},{"type":"U","date":"2018-03-26T02:59:22.000Z","volume":500,"label":"X","price":6.49},{"type":"U","date":"2018-03-26T02:59:56.000Z","volume":500,"label":"X","price":6.49},{"type":"A","date":"2018-03-26T03:00:03.000Z","volume":4500,"label":" ","price":6.5},{"type":"B","date":"2018-03-26T03:00:51.000Z","volume":500,"label":" ","price":6.48},{"type":"U","date":"2018-03-26T03:00:53.000Z","volume":500,"label":"X","price":6.49},{"type":"B","date":"2018-03-26T03:01:02.000Z","volume":500,"label":" ","price":6.48},{"type":"A","date":"2018-03-26T03:01:03.000Z","volume":4500,"label":" ","price":6.5},{"type":"B","date":"2018-03-26T03:01:13.000Z","volume":500,"label":" ","price":6.48},{"type":"A","date":"2018-03-26T03:01:29.000Z","volume":62000,"label":" ","price":6.5},{"type":"B","date":"2018-03-26T03:01:29.000Z","volume":1000,"label":" ","price":6.49},{"type":"B","date":"2018-03-26T03:01:29.000Z","volume":1000,"label":" ","price":6.49},{"type":"A","date":"2018-03-26T03:01:30.000Z","volume":12000,"label":" ","price":6.5},{"type":"B","date":"2018-03-26T03:01:31.000Z","volume":2000,"label":" ","price":6.49},{"type":"B","date":"2018-03-26T03:01:32.000Z","volume":3000,"label":" ","price":6.49},{"type":"B","date":"2018-03-26T03:01:35.000Z","volume":1000,"label":" ","price":6.48},{"type":"U","date":"2018-03-26T03:01:35.000Z","volume":1500,"label":"X","price":6.495},{"type":"B","date":"2018-03-26T03:01:48.000Z","volume":1000,"label":" ","price":6.48},{"type":"A","date":"2018-03-26T03:01:52.000Z","volume":1000,"label":" ","price":6.5},{"type":"U","date":"2018-03-26T03:01:53.000Z","volume":500,"label":"X","price":6.494},{"type":"A","date":"2018-03-26T03:02:02.000Z","volume":4500,"label":" ","price":6.5},{"type":"B","date":"2018-03-26T03:02:03.000Z","volume":500,"label":" ","price":6.48},{"type":"B","date":"2018-03-26T03:02:13.000Z","volume":1000,"label":" ","price":6.48},{"type":"B","date":"2018-03-26T03:02:35.000Z","volume":1500,"label":" ","price":6.48},{"type":"U","date":"2018-03-26T03:02:38.000Z","volume":2500,"label":" ","price":6.49},{"type":"B","date":"2018-03-26T03:02:38.000Z","volume":14000,"label":" ","price":6.49},{"type":"A","date":"2018-03-26T03:02:38.000Z","volume":57500,"label":" ","price":6.5},{"type":"B","date":"2018-03-26T03:02:38.000Z","volume":500,"label":" ","price":6.49},{"type":"B","date":"2018-03-26T03:02:41.000Z","volume":1500,"label":" ","price":6.49},{"type":"B","date":"2018-03-26T03:02:49.000Z","volume":500,"label":" ","price":6.48},{"type":"B","date":"2018-03-26T03:02:56.000Z","volume":3500,"label":" ","price":6.48},{"type":"A","date":"2018-03-26T03:03:03.000Z","volume":5000,"label":" ","price":6.49},{"type":"B","date":"2018-03-26T03:03:09.000Z","volume":1500,"label":" ","price":6.48},{"type":"B","date":"2018-03-26T03:03:27.000Z","volume":1000,"label":" ","price":6.48},{"type":"U","date":"2018-03-26T03:03:52.000Z","volume":500,"label":"X","price":6.485},{"type":"A","date":"2018-03-26T03:04:03.000Z","volume":4500,"label":" ","price":6.49},{"type":"U","date":"2018-03-26T03:04:20.000Z","volume":500,"label":"X","price":6.485},{"type":"U","date":"2018-03-26T03:04:59.000Z","volume":500,"label":"X","price":6.485},{"type":"A","date":"2018-03-26T03:05:03.000Z","volume":4500,"label":" ","price":6.49},{"type":"U","date":"2018-03-26T03:05:58.000Z","volume":500,"label":"X","price":6.485},{"type":"A","date":"2018-03-26T03:06:04.000Z","volume":4500,"label":" ","price":6.49},{"type":"B","date":"2018-03-26T03:06:46.000Z","volume":100000,"label":" ","price":6.48},{"type":"B","date":"2018-03-26T03:06:46.000Z","volume":67000,"label":" ","price":6.48},{"type":"B","date":"2018-03-26T03:06:46.000Z","volume":500,"label":" ","price":6.48},{"type":"U","date":"2018-03-26T03:06:53.000Z","volume":500,"label":"X","price":6.486},{"type":"U","date":"2018-03-26T03:06:53.000Z","volume":4000,"label":"X","price":6.486},{"type":"B","date":"2018-03-26T03:07:01.000Z","volume":8000,"label":" ","price":6.47},{"type":"A","date":"2018-03-26T03:07:04.000Z","volume":5000,"label":" ","price":6.49},{"type":"U","date":"2018-03-26T03:07:20.000Z","volume":1500,"label":" ","price":6.48},{"type":"U","date":"2018-03-26T03:07:20.000Z","volume":3500,"label":" ","price":6.48},{"type":"A","date":"2018-03-26T03:07:20.000Z","volume":4000,"label":" ","price":6.49},{"type":"B","date":"2018-03-26T03:07:22.000Z","volume":1500,"label":" ","price":6.48},{"type":"B","date":"2018-03-26T03:07:23.000Z","volume":1500,"label":" ","price":6.48},{"type":"U","date":"2018-03-26T03:07:52.000Z","volume":1000,"label":"X","price":6.485},{"type":"B","date":"2018-03-26T03:08:02.000Z","volume":1500,"label":" ","price":6.48},{"type":"A","date":"2018-03-26T03:08:04.000Z","volume":4500,"label":" ","price":6.49},{"type":"B","date":"2018-03-26T03:08:08.000Z","volume":500,"label":" ","price":6.48},{"type":"B","date":"2018-03-26T03:08:08.000Z","volume":500,"label":" ","price":6.48},{"type":"B","date":"2018-03-26T03:08:08.000Z","volume":6000,"label":" ","price":6.48},{"type":"B","date":"2018-03-26T03:08:08.000Z","volume":500,"label":" ","price":6.48},{"type":"B","date":"2018-03-26T03:08:18.000Z","volume":1000,"label":" ","price":6.48},{"type":"B","date":"2018-03-26T03:08:28.000Z","volume":1000,"label":" ","price":6.48},{"type":"B","date":"2018-03-26T03:08:37.000Z","volume":500,"label":" ","price":6.48},{"type":"B","date":"2018-03-26T03:08:37.000Z","volume":1000,"label":" ","price":6.48},{"type":"B","date":"2018-03-26T03:08:37.000Z","volume":1500,"label":" ","price":6.48},{"type":"B","date":"2018-03-26T03:08:45.000Z","volume":2000,"label":" ","price":6.47},{"type":"B","date":"2018-03-26T03:08:56.000Z","volume":1500,"label":" ","price":6.47},{"type":"A","date":"2018-03-26T03:09:04.000Z","volume":4500,"label":" ","price":6.48},{"type":"B","date":"2018-03-26T03:09:04.000Z","volume":500,"label":" ","price":6.47},{"type":"A","date":"2018-03-26T03:09:06.000Z","volume":8500,"label":" ","price":6.48},{"type":"B","date":"2018-03-26T03:09:20.000Z","volume":1500,"label":" ","price":6.47},{"type":"A","date":"2018-03-26T03:10:04.000Z","volume":4500,"label":" ","price":6.48},{"type":"B","date":"2018-03-26T03:10:31.000Z","volume":2500,"label":" ","price":6.47},{"type":"B","date":"2018-03-26T03:10:31.000Z","volume":500,"label":" ","price":6.47},{"type":"A","date":"2018-03-26T03:10:35.000Z","volume":10000,"label":" ","price":6.48},{"type":"U","date":"2018-03-26T03:10:36.000Z","volume":500,"label":"X","price":6.475},{"type":"B","date":"2018-03-26T03:10:56.000Z","volume":17500,"label":" ","price":6.47},{"type":"A","date":"2018-03-26T03:11:04.000Z","volume":5000,"label":" ","price":6.48},{"type":"U","date":"2018-03-26T03:11:45.000Z","volume":500,"label":"X","price":6.475},{"type":"A","date":"2018-03-26T03:12:05.000Z","volume":4500,"label":" ","price":6.48},{"type":"U","date":"2018-03-26T03:12:29.000Z","volume":500,"label":"X","price":6.475},{"type":"B","date":"2018-03-26T03:12:29.000Z","volume":4500,"label":" ","price":6.47},{"type":"B","date":"2018-03-26T03:12:37.000Z","volume":100000,"label":" ","price":6.47},{"type":"B","date":"2018-03-26T03:12:37.000Z","volume":13000,"label":" ","price":6.47},{"type":"B","date":"2018-03-26T03:12:37.000Z","volume":500,"label":" ","price":6.47},{"type":"B","date":"2018-03-26T03:12:40.000Z","volume":1500,"label":" ","price":6.46},{"type":"A","date":"2018-03-26T03:13:05.000Z","volume":4500,"label":" ","price":6.48},{"type":"U","date":"2018-03-26T03:13:19.000Z","volume":2000,"label":" ","price":6.47},{"type":"B","date":"2018-03-26T03:13:19.000Z","volume":1000,"label":" ","price":6.47},{"type":"B","date":"2018-03-26T03:13:21.000Z","volume":2000,"label":" ","price":6.47},{"type":"U","date":"2018-03-26T03:13:26.000Z","volume":1000,"label":"X","price":6.475},{"type":"U","date":"2018-03-26T03:13:27.000Z","volume":1500,"label":"X","price":6.474},{"type":"B","date":"2018-03-26T03:13:55.000Z","volume":6500,"label":" ","price":6.47},{"type":"A","date":"2018-03-26T03:14:05.000Z","volume":4500,"label":" ","price":6.48},{"type":"B","date":"2018-03-26T03:14:05.000Z","volume":1500,"label":" ","price":6.47},{"type":"U","date":"2018-03-26T03:14:12.000Z","volume":500,"label":"X","price":6.475},{"type":"B","date":"2018-03-26T03:14:38.000Z","volume":1000,"label":" ","price":6.47},{"type":"B","date":"2018-03-26T03:14:45.000Z","volume":1500,"label":" ","price":6.47},{"type":"B","date":"2018-03-26T03:14:46.000Z","volume":1500,"label":" ","price":6.47},{"type":"B","date":"2018-03-26T03:14:58.000Z","volume":1000,"label":" ","price":6.47},{"type":"A","date":"2018-03-26T03:15:05.000Z","volume":5000,"label":" ","price":6.48},{"type":"B","date":"2018-03-26T03:15:05.000Z","volume":6000,"label":" ","price":6.47},{"type":"B","date":"2018-03-26T03:15:06.000Z","volume":54500,"label":" ","price":6.47},{"type":"B","date":"2018-03-26T03:15:06.000Z","volume":10500,"label":" ","price":6.46},{"type":"B","date":"2018-03-26T03:15:06.000Z","volume":500,"label":" ","price":6.46},{"type":"B","date":"2018-03-26T03:15:13.000Z","volume":1000,"label":" ","price":6.45},{"type":"B","date":"2018-03-26T03:15:15.000Z","volume":11000,"label":" ","price":6.45},{"type":"B","date":"2018-03-26T03:15:15.000Z","volume":500,"label":" ","price":6.45},{"type":"U","date":"2018-03-26T03:15:30.000Z","volume":3000,"label":" ","price":6.45},{"type":"A","date":"2018-03-26T03:15:35.000Z","volume":24500,"label":" ","price":6.46},{"type":"B","date":"2018-03-26T03:15:39.000Z","volume":1000,"label":" ","price":6.45},{"type":"A","date":"2018-03-26T03:16:05.000Z","volume":4500,"label":" ","price":6.46},{"type":"B","date":"2018-03-26T03:16:05.000Z","volume":1000,"label":" ","price":6.44},{"type":"B","date":"2018-03-26T03:16:23.000Z","volume":1000,"label":" ","price":6.44},{"type":"U","date":"2018-03-26T03:16:30.000Z","volume":2500,"label":"X","price":6.465},{"type":"A","date":"2018-03-26T03:16:32.000Z","volume":31500,"label":" ","price":6.46},{"type":"B","date":"2018-03-26T03:16:37.000Z","volume":500,"label":" ","price":6.45},{"type":"A","date":"2018-03-26T03:16:40.000Z","volume":211500,"label":" ","price":6.46},{"type":"A","date":"2018-03-26T03:17:05.000Z","volume":4500,"label":" ","price":6.46},{"type":"B","date":"2018-03-26T03:17:20.000Z","volume":7500,"label":" ","price":6.45},{"type":"U","date":"2018-03-26T03:17:30.000Z","volume":500,"label":"X","price":6.455},{"type":"A","date":"2018-03-26T03:17:45.000Z","volume":1000,"label":" ","price":6.46},{"type":"A","date":"2018-03-26T03:18:00.000Z","volume":18000,"label":" ","price":6.46},{"type":"A","date":"2018-03-26T03:18:01.000Z","volume":2500,"label":" ","price":6.46},{"type":"A","date":"2018-03-26T03:18:06.000Z","volume":4000,"label":" ","price":6.46},{"type":"A","date":"2018-03-26T03:18:06.000Z","volume":4500,"label":" ","price":6.46},{"type":"A","date":"2018-03-26T03:18:06.000Z","volume":22000,"label":" ","price":6.46},{"type":"B","date":"2018-03-26T03:18:06.000Z","volume":500,"label":" ","price":6.45},{"type":"U","date":"2018-03-26T03:18:54.000Z","volume":500,"label":"X","price":6.46},{"type":"A","date":"2018-03-26T03:19:06.000Z","volume":5000,"label":" ","price":6.47},{"type":"A","date":"2018-03-26T03:20:07.000Z","volume":4500,"label":" ","price":6.47},{"type":"A","date":"2018-03-26T03:20:09.000Z","volume":59000,"label":" ","price":6.47},{"type":"B","date":"2018-03-26T03:20:19.000Z","volume":1500,"label":" ","price":6.46},{"type":"A","date":"2018-03-26T03:21:07.000Z","volume":4500,"label":" ","price":6.47},{"type":"U","date":"2018-03-26T03:21:11.000Z","volume":500,"label":"X","price":6.465},{"type":"A","date":"2018-03-26T03:22:07.000Z","volume":4500,"label":" ","price":6.47},{"type":"B","date":"2018-03-26T03:22:07.000Z","volume":1500,"label":" ","price":6.46},{"type":"U","date":"2018-03-26T03:22:21.000Z","volume":500,"label":"X","price":6.465},{"type":"A","date":"2018-03-26T03:22:36.000Z","volume":53500,"label":" ","price":6.47},{"type":"A","date":"2018-03-26T03:22:36.000Z","volume":34000,"label":" ","price":6.47},{"type":"A","date":"2018-03-26T03:22:36.000Z","volume":8500,"label":" ","price":6.48},{"type":"A","date":"2018-03-26T03:23:07.000Z","volume":5000,"label":" ","price":6.48},{"type":"U","date":"2018-03-26T03:23:11.000Z","volume":500,"label":"X","price":6.47},{"type":"A","date":"2018-03-26T03:24:07.000Z","volume":4500,"label":" ","price":6.48},{"type":"U","date":"2018-03-26T03:24:21.000Z","volume":500,"label":"X","price":6.47},{"type":"A","date":"2018-03-26T03:24:51.000Z","volume":126000,"label":" ","price":6.48},{"type":"A","date":"2018-03-26T03:25:07.000Z","volume":4500,"label":" ","price":6.49},{"type":"U","date":"2018-03-26T03:25:15.000Z","volume":500,"label":"X","price":6.485},{"type":"B","date":"2018-03-26T03:25:19.000Z","volume":500,"label":" ","price":6.48},{"type":"U","date":"2018-03-26T03:25:26.000Z","volume":2000,"label":"X","price":6.472},{"type":"A","date":"2018-03-26T03:26:08.000Z","volume":4500,"label":" ","price":6.49},{"type":"A","date":"2018-03-26T03:26:21.000Z","volume":500,"label":" ","price":6.49},{"type":"U","date":"2018-03-26T03:26:21.000Z","volume":500,"label":"X","price":6.485},{"type":"A","date":"2018-03-26T03:27:07.000Z","volume":5000,"label":" ","price":6.49},{"type":"U","date":"2018-03-26T03:27:27.000Z","volume":500,"label":"X","price":6.485},{"type":"A","date":"2018-03-26T03:28:07.000Z","volume":4500,"label":" ","price":6.49},{"type":"A","date":"2018-03-26T03:28:20.000Z","volume":41500,"label":" ","price":6.49},{"type":"A","date":"2018-03-26T03:28:20.000Z","volume":2500,"label":" ","price":6.49},{"type":"A","date":"2018-03-26T03:28:20.000Z","volume":3500,"label":" ","price":6.49},{"type":"A","date":"2018-03-26T03:28:20.000Z","volume":5000,"label":" ","price":6.5},{"type":"U","date":"2018-03-26T03:28:29.000Z","volume":500,"label":"X","price":6.495},{"type":"A","date":"2018-03-26T03:29:08.000Z","volume":4500,"label":" ","price":6.5},{"type":"U","date":"2018-03-26T03:29:16.000Z","volume":500,"label":"X","price":6.495},{"type":"A","date":"2018-03-26T03:29:47.000Z","volume":1500,"label":" ","price":6.5},{"type":"B","date":"2018-03-26T03:29:54.000Z","volume":1500,"label":" ","price":6.49},{"type":"A","date":"2018-03-26T03:29:57.000Z","volume":54000,"label":" ","price":6.5},{"type":"U","date":"2018-03-26T03:30:02.000Z","volume":1000,"label":"X","price":6.5},{"type":"U","date":"2018-03-26T03:30:02.000Z","volume":1000,"label":"X","price":6.5},{"type":"A","date":"2018-03-26T03:30:08.000Z","volume":4500,"label":" ","price":6.5},{"type":"U","date":"2018-03-26T03:30:26.000Z","volume":500,"label":"X","price":6.495},{"type":"U","date":"2018-03-26T03:30:40.000Z","volume":20000,"label":"X","price":6.5},{"type":"A","date":"2018-03-26T03:30:40.000Z","volume":91000,"label":"Y","price":6.5},{"type":"A","date":"2018-03-26T03:30:40.000Z","volume":407500,"label":" ","price":6.5},{"type":"A","date":"2018-03-26T03:30:40.000Z","volume":29000,"label":" ","price":6.5},{"type":"A","date":"2018-03-26T03:30:40.000Z","volume":9000,"label":" ","price":6.51},{"type":"A","date":"2018-03-26T03:30:40.000Z","volume":4000,"label":" ","price":6.51},{"type":"A","date":"2018-03-26T03:30:40.000Z","volume":5500,"label":" ","price":6.52},{"type":"U","date":"2018-03-26T03:30:40.000Z","volume":2000,"label":" ","price":6.52},{"type":"A","date":"2018-03-26T03:30:40.000Z","volume":23000,"label":" ","price":6.53},{"type":"A","date":"2018-03-26T03:30:40.000Z","volume":500,"label":" ","price":6.53},{"type":"U","date":"2018-03-26T03:30:48.000Z","volume":2500,"label":"X","price":6.525},{"type":"U","date":"2018-03-26T03:30:48.000Z","volume":2500,"label":"X","price":6.525},{"type":"A","date":"2018-03-26T03:31:08.000Z","volume":5000,"label":" ","price":6.53},{"type":"U","date":"2018-03-26T03:31:25.000Z","volume":500,"label":"X","price":6.501},{"type":"U","date":"2018-03-26T03:31:25.000Z","volume":2500,"label":"X","price":6.501},{"type":"A","date":"2018-03-26T03:31:36.000Z","volume":5500,"label":" ","price":6.53},{"type":"A","date":"2018-03-26T03:31:38.000Z","volume":1000,"label":" ","price":6.53},{"type":"U","date":"2018-03-26T03:31:53.000Z","volume":500,"label":"X","price":6.53},{"type":"U","date":"2018-03-26T03:31:59.000Z","volume":500,"label":"X","price":6.525},{"type":"A","date":"2018-03-26T03:32:08.000Z","volume":4500,"label":" ","price":6.53},{"type":"A","date":"2018-03-26T03:32:08.000Z","volume":22500,"label":" ","price":6.53},{"type":"A","date":"2018-03-26T03:32:09.000Z","volume":500,"label":" ","price":6.53},{"type":"B","date":"2018-03-26T03:32:09.000Z","volume":500,"label":" ","price":6.53},{"type":"B","date":"2018-03-26T03:32:09.000Z","volume":500,"label":" ","price":6.53},{"type":"A","date":"2018-03-26T03:32:51.000Z","volume":3000,"label":" ","price":6.53},{"type":"A","date":"2018-03-26T03:32:54.000Z","volume":1500,"label":"Y","price":6.53},{"type":"U","date":"2018-03-26T03:33:01.000Z","volume":500,"label":"X","price":6.52},{"type":"U","date":"2018-03-26T03:33:01.000Z","volume":500,"label":"X","price":6.525},{"type":"A","date":"2018-03-26T03:33:08.000Z","volume":4500,"label":" ","price":6.53},{"type":"A","date":"2018-03-26T03:33:08.000Z","volume":500,"label":" ","price":6.53},{"type":"B","date":"2018-03-26T03:33:30.000Z","volume":500,"label":" ","price":6.52},{"type":"U","date":"2018-03-26T03:34:03.000Z","volume":500,"label":"X","price":6.53},{"type":"A","date":"2018-03-26T03:34:08.000Z","volume":4500,"label":" ","price":6.53},{"type":"U","date":"2018-03-26T03:34:22.000Z","volume":500,"label":"X","price":6.525},{"type":"U","date":"2018-03-26T03:34:28.000Z","volume":6000,"label":"X","price":6.53},{"type":"A","date":"2018-03-26T03:34:28.000Z","volume":1500,"label":"Y","price":6.53},{"type":"A","date":"2018-03-26T03:34:28.000Z","volume":14500,"label":" ","price":6.53},{"type":"U","date":"2018-03-26T03:34:28.000Z","volume":1500,"label":"X","price":6.53},{"type":"A","date":"2018-03-26T03:35:08.000Z","volume":5000,"label":" ","price":6.53},{"type":"A","date":"2018-03-26T03:35:08.000Z","volume":500,"label":" ","price":6.53},{"type":"A","date":"2018-03-26T03:35:08.000Z","volume":500,"label":" ","price":6.53},{"type":"A","date":"2018-03-26T03:35:09.000Z","volume":1000,"label":" ","price":6.53},{"type":"A","date":"2018-03-26T03:35:20.000Z","volume":14000,"label":" ","price":6.53},{"type":"A","date":"2018-03-26T03:35:20.000Z","volume":33000,"label":" ","price":6.54},{"type":"B","date":"2018-03-26T03:35:20.000Z","volume":4000,"label":" ","price":6.53},{"type":"A","date":"2018-03-26T03:35:20.000Z","volume":14000,"label":" ","price":6.54},{"type":"B","date":"2018-03-26T03:35:20.000Z","volume":4000,"label":" ","price":6.54},{"type":"A","date":"2018-03-26T03:35:21.000Z","volume":14000,"label":" ","price":6.55},{"type":"B","date":"2018-03-26T03:35:21.000Z","volume":2000,"label":"Y","price":6.54},{"type":"A","date":"2018-03-26T03:35:22.000Z","volume":12000,"label":" ","price":6.55},{"type":"B","date":"2018-03-26T03:35:22.000Z","volume":3000,"label":"Y","price":6.54},{"type":"B","date":"2018-03-26T03:35:22.000Z","volume":1000,"label":"Y","price":6.54},{"type":"B","date":"2018-03-26T03:35:22.000Z","volume":1000,"label":" ","price":6.54},{"type":"B","date":"2018-03-26T03:35:22.000Z","volume":500,"label":"Y","price":6.54},{"type":"B","date":"2018-03-26T03:35:22.000Z","volume":5500,"label":" ","price":6.54},{"type":"B","date":"2018-03-26T03:35:24.000Z","volume":500,"label":" ","price":6.53},{"type":"U","date":"2018-03-26T03:35:59.000Z","volume":500,"label":"X","price":6.535},{"type":"A","date":"2018-03-26T03:36:08.000Z","volume":4500,"label":" ","price":6.54},{"type":"B","date":"2018-03-26T03:36:09.000Z","volume":34000,"label":" ","price":6.53},{"type":"A","date":"2018-03-26T03:37:08.000Z","volume":4500,"label":" ","price":6.53},{"type":"A","date":"2018-03-26T03:37:14.000Z","volume":50500,"label":" ","price":6.53},{"type":"B","date":"2018-03-26T03:37:14.000Z","volume":24000,"label":" ","price":6.52},{"type":"B","date":"2018-03-26T03:37:45.000Z","volume":1500,"label":" ","price":6.51},{"type":"B","date":"2018-03-26T03:37:45.000Z","volume":500,"label":"Y","price":6.51},{"type":"B","date":"2018-03-26T03:37:45.000Z","volume":1000,"label":" ","price":6.51},{"type":"A","date":"2018-03-26T03:38:09.000Z","volume":4500,"label":" ","price":6.51},{"type":"U","date":"2018-03-26T03:38:22.000Z","volume":1000,"label":"X","price":6.533},{"type":"U","date":"2018-03-26T03:38:22.000Z","volume":2000,"label":"X","price":6.533},{"type":"B","date":"2018-03-26T03:38:30.000Z","volume":500,"label":" ","price":6.5},{"type":"B","date":"2018-03-26T03:38:30.000Z","volume":500,"label":"Y","price":6.5},{"type":"B","date":"2018-03-26T03:38:30.000Z","volume":2500,"label":" ","price":6.5},{"type":"A","date":"2018-03-26T03:39:09.000Z","volume":5000,"label":" ","price":6.51},{"type":"B","date":"2018-03-26T03:39:30.000Z","volume":500,"label":" ","price":6.49},{"type":"U","date":"2018-03-26T03:40:01.000Z","volume":500,"label":"X","price":6.5},{"type":"A","date":"2018-03-26T03:40:09.000Z","volume":4500,"label":" ","price":6.51},{"type":"U","date":"2018-03-26T03:40:22.000Z","volume":500,"label":"X","price":6.507},{"type":"U","date":"2018-03-26T03:40:30.000Z","volume":500,"label":" ","price":6.5},{"type":"U","date":"2018-03-26T03:40:50.000Z","volume":500,"label":"X","price":6.5},{"type":"A","date":"2018-03-26T03:41:09.000Z","volume":4500,"label":" ","price":6.5},{"type":"U","date":"2018-03-26T03:41:56.000Z","volume":500,"label":"X","price":6.495},{"type":"U","date":"2018-03-26T03:42:08.000Z","volume":500,"label":"X","price":6.5},{"type":"A","date":"2018-03-26T03:42:09.000Z","volume":4500,"label":" ","price":6.5},{"type":"B","date":"2018-03-26T03:43:00.000Z","volume":500,"label":" ","price":6.49},{"type":"A","date":"2018-03-26T03:43:09.000Z","volume":5000,"label":" ","price":6.5},{"type":"U","date":"2018-03-26T03:43:18.000Z","volume":500,"label":"X","price":6.495},{"type":"A","date":"2018-03-26T03:43:30.000Z","volume":46000,"label":" ","price":6.5},{"type":"A","date":"2018-03-26T03:43:31.000Z","volume":13500,"label":" ","price":6.5},{"type":"A","date":"2018-03-26T03:43:34.000Z","volume":500,"label":" ","price":6.5},{"type":"A","date":"2018-03-26T03:43:59.000Z","volume":5000,"label":" ","price":6.5},{"type":"B","date":"2018-03-26T03:44:00.000Z","volume":500,"label":" ","price":6.49},{"type":"U","date":"2018-03-26T03:44:08.000Z","volume":500,"label":"X","price":6.5},{"type":"A","date":"2018-03-26T03:44:09.000Z","volume":4500,"label":" ","price":6.5},{"type":"U","date":"2018-03-26T03:44:10.000Z","volume":500,"label":"X","price":6.5},{"type":"U","date":"2018-03-26T03:44:17.000Z","volume":500,"label":"X","price":6.495},{"type":"U","date":"2018-03-26T03:44:32.000Z","volume":2000,"label":"X","price":6.495},{"type":"A","date":"2018-03-26T03:44:43.000Z","volume":44500,"label":" ","price":6.5},{"type":"A","date":"2018-03-26T03:45:10.000Z","volume":4500,"label":" ","price":6.5},{"type":"U","date":"2018-03-26T03:45:19.000Z","volume":500,"label":"X","price":6.495},{"type":"B","date":"2018-03-26T03:46:01.000Z","volume":500,"label":" ","price":6.49},{"type":"A","date":"2018-03-26T03:46:10.000Z","volume":4500,"label":" ","price":6.5},{"type":"U","date":"2018-03-26T03:46:11.000Z","volume":500,"label":"X","price":6.5},{"type":"U","date":"2018-03-26T03:46:14.000Z","volume":500,"label":"X","price":6.495},{"type":"B","date":"2018-03-26T03:47:00.000Z","volume":500,"label":" ","price":6.49},{"type":"A","date":"2018-03-26T03:47:09.000Z","volume":5000,"label":" ","price":6.5},{"type":"A","date":"2018-03-26T03:47:30.000Z","volume":1500,"label":" ","price":6.5},{"type":"U","date":"2018-03-26T03:47:31.000Z","volume":500,"label":"X","price":6.495},{"type":"B","date":"2018-03-26T03:48:00.000Z","volume":500,"label":" ","price":6.49},{"type":"A","date":"2018-03-26T03:48:00.000Z","volume":1000,"label":"Y","price":6.5},{"type":"A","date":"2018-03-26T03:48:10.000Z","volume":4500,"label":" ","price":6.5},{"type":"U","date":"2018-03-26T03:48:13.000Z","volume":500,"label":"X","price":6.49},{"type":"U","date":"2018-03-26T03:48:22.000Z","volume":500,"label":"X","price":6.5},{"type":"U","date":"2018-03-26T03:48:56.000Z","volume":500,"label":"X","price":6.495},{"type":"B","date":"2018-03-26T03:49:00.000Z","volume":500,"label":" ","price":6.49},{"type":"A","date":"2018-03-26T03:49:10.000Z","volume":4500,"label":" ","price":6.5},{"type":"A","date":"2018-03-26T03:49:20.000Z","volume":58000,"label":" ","price":6.5},{"type":"U","date":"2018-03-26T03:49:27.000Z","volume":500,"label":"X","price":6.49},{"type":"A","date":"2018-03-26T03:49:41.000Z","volume":500,"label":" ","price":6.5},{"type":"A","date":"2018-03-26T03:50:10.000Z","volume":4500,"label":" ","price":6.5},{"type":"U","date":"2018-03-26T03:50:14.000Z","volume":500,"label":"X","price":6.495},{"type":"A","date":"2018-03-26T03:50:15.000Z","volume":1000,"label":"Y","price":6.5},{"type":"A","date":"2018-03-26T03:50:15.000Z","volume":500,"label":" ","price":6.5},{"type":"U","date":"2018-03-26T03:50:22.000Z","volume":1500,"label":"X","price":6.5},{"type":"U","date":"2018-03-26T03:50:34.000Z","volume":500,"label":"X","price":6.495},{"type":"A","date":"2018-03-26T03:50:35.000Z","volume":1000,"label":" ","price":6.5},{"type":"U","date":"2018-03-26T03:50:53.000Z","volume":500,"label":"X","price":6.5},{"type":"A","date":"2018-03-26T03:51:01.000Z","volume":3500,"label":" ","price":6.5},{"type":"A","date":"2018-03-26T03:51:02.000Z","volume":50500,"label":" ","price":6.5},{"type":"A","date":"2018-03-26T03:51:11.000Z","volume":5000,"label":" ","price":6.5},{"type":"A","date":"2018-03-26T03:51:21.000Z","volume":2000,"label":" ","price":6.5},{"type":"U","date":"2018-03-26T03:51:24.000Z","volume":500,"label":"X","price":6.495},{"type":"A","date":"2018-03-26T03:52:11.000Z","volume":4500,"label":" ","price":6.5},{"type":"U","date":"2018-03-26T03:52:22.000Z","volume":2000,"label":"X","price":6.5},{"type":"U","date":"2018-03-26T03:52:22.000Z","volume":500,"label":"X","price":6.5},{"type":"A","date":"2018-03-26T03:52:36.000Z","volume":4000,"label":" ","price":6.5},{"type":"A","date":"2018-03-26T03:53:09.000Z","volume":1000,"label":" ","price":6.5},{"type":"A","date":"2018-03-26T03:53:10.000Z","volume":4500,"label":" ","price":6.5},{"type":"U","date":"2018-03-26T03:53:22.000Z","volume":500,"label":"X","price":6.5},{"type":"U","date":"2018-03-26T03:53:31.000Z","volume":500,"label":"X","price":6.495},{"type":"U","date":"2018-03-26T03:53:54.000Z","volume":500,"label":"X","price":6.5},{"type":"A","date":"2018-03-26T03:54:10.000Z","volume":4500,"label":" ","price":6.5},{"type":"U","date":"2018-03-26T03:54:55.000Z","volume":500,"label":"X","price":6.495},{"type":"A","date":"2018-03-26T03:55:11.000Z","volume":5000,"label":" ","price":6.5},{"type":"A","date":"2018-03-26T03:55:32.000Z","volume":500,"label":" ","price":6.5},{"type":"A","date":"2018-03-26T03:55:36.000Z","volume":1000,"label":" ","price":6.5},{"type":"A","date":"2018-03-26T03:55:41.000Z","volume":1500,"label":" ","price":6.5},{"type":"A","date":"2018-03-26T03:56:02.000Z","volume":500,"label":" ","price":6.5},{"type":"A","date":"2018-03-26T03:56:11.000Z","volume":4500,"label":" ","price":6.5},{"type":"A","date":"2018-03-26T03:56:13.000Z","volume":1000,"label":" ","price":6.5},{"type":"A","date":"2018-03-26T03:56:19.000Z","volume":42000,"label":" ","price":6.5},{"type":"A","date":"2018-03-26T03:56:20.000Z","volume":18500,"label":" ","price":6.5},{"type":"A","date":"2018-03-26T03:56:20.000Z","volume":43500,"label":" ","price":6.5},{"type":"A","date":"2018-03-26T03:56:20.000Z","volume":1000,"label":" ","price":6.5},{"type":"A","date":"2018-03-26T03:56:20.000Z","volume":1500,"label":" ","price":6.5},{"type":"A","date":"2018-03-26T03:56:21.000Z","volume":3500,"label":" ","price":6.5},{"type":"U","date":"2018-03-26T03:56:34.000Z","volume":500,"label":"X","price":6.495},{"type":"A","date":"2018-03-26T03:56:47.000Z","volume":1500,"label":" ","price":6.5},{"type":"U","date":"2018-03-26T03:56:55.000Z","volume":500,"label":"X","price":6.5},{"type":"A","date":"2018-03-26T03:57:08.000Z","volume":3000,"label":"Y","price":6.5},{"type":"A","date":"2018-03-26T03:57:08.000Z","volume":500,"label":" ","price":6.5},{"type":"U","date":"2018-03-26T03:57:08.000Z","volume":6000,"label":"X","price":6.5},{"type":"A","date":"2018-03-26T03:57:08.000Z","volume":1500,"label":" ","price":6.5},{"type":"A","date":"2018-03-26T03:57:11.000Z","volume":4500,"label":" ","price":6.5},{"type":"B","date":"2018-03-26T03:57:13.000Z","volume":20000,"label":" ","price":6.49},{"type":"U","date":"2018-03-26T03:57:17.000Z","volume":1000,"label":"X","price":6.5},{"type":"A","date":"2018-03-26T03:57:53.000Z","volume":1000,"label":"Y","price":6.5},{"type":"A","date":"2018-03-26T03:57:53.000Z","volume":4500,"label":" ","price":6.5},{"type":"A","date":"2018-03-26T03:58:06.000Z","volume":8500,"label":" ","price":6.5},{"type":"A","date":"2018-03-26T03:58:06.000Z","volume":34000,"label":" ","price":6.51},{"type":"B","date":"2018-03-26T03:58:06.000Z","volume":1500,"label":" ","price":6.5},{"type":"A","date":"2018-03-26T03:58:07.000Z","volume":7500,"label":" ","price":6.52},{"type":"A","date":"2018-03-26T03:58:08.000Z","volume":23500,"label":" ","price":6.52},{"type":"A","date":"2018-03-26T03:58:11.000Z","volume":1000,"label":" ","price":6.52},{"type":"A","date":"2018-03-26T03:58:11.000Z","volume":500,"label":" ","price":6.52},{"type":"U","date":"2018-03-26T03:58:11.000Z","volume":500,"label":" ","price":6.53},{"type":"U","date":"2018-03-26T03:58:14.000Z","volume":500,"label":"X","price":6.52},{"type":"U","date":"2018-03-26T03:58:14.000Z","volume":1000,"label":"X","price":6.515},{"type":"A","date":"2018-03-26T03:58:15.000Z","volume":500,"label":" ","price":6.53},{"type":"B","date":"2018-03-26T03:58:18.000Z","volume":500,"label":"Y","price":6.52},{"type":"B","date":"2018-03-26T03:58:18.000Z","volume":5000,"label":" ","price":6.52},{"type":"A","date":"2018-03-26T03:58:18.000Z","volume":500,"label":" ","price":6.52},{"type":"A","date":"2018-03-26T03:58:47.000Z","volume":500,"label":" ","price":6.52},{"type":"A","date":"2018-03-26T03:59:11.000Z","volume":5000,"label":" ","price":6.52},{"type":"A","date":"2018-03-26T03:59:21.000Z","volume":500,"label":" ","price":6.52},{"type":"U","date":"2018-03-26T03:59:22.000Z","volume":500,"label":"X","price":6.504},{"type":"A","date":"2018-03-26T03:59:24.000Z","volume":500,"label":" ","price":6.52},{"type":"B","date":"2018-03-26T03:59:41.000Z","volume":1500,"label":" ","price":6.51},{"type":"B","date":"2018-03-26T05:00:00.000Z","volume":8500,"label":" ","price":6.51},{"type":"U","date":"2018-03-26T05:00:01.000Z","volume":500,"label":"X","price":6.515},{"type":"B","date":"2018-03-26T05:00:01.000Z","volume":4500,"label":" ","price":6.51},{"type":"A","date":"2018-03-26T05:00:04.000Z","volume":7000,"label":"Y","price":6.52},{"type":"A","date":"2018-03-26T05:00:04.000Z","volume":8500,"label":" ","price":6.52},{"type":"A","date":"2018-03-26T05:00:04.000Z","volume":10000,"label":" ","price":6.52},{"type":"A","date":"2018-03-26T05:00:04.000Z","volume":3000,"label":" ","price":6.52},{"type":"A","date":"2018-03-26T05:00:04.000Z","volume":4000,"label":" ","price":6.52},{"type":"B","date":"2018-03-26T05:00:04.000Z","volume":500,"label":" ","price":6.52},{"type":"B","date":"2018-03-26T05:00:04.000Z","volume":3500,"label":" ","price":6.52},{"type":"U","date":"2018-03-26T05:00:05.000Z","volume":6500,"label":" ","price":6.52},{"type":"B","date":"2018-03-26T05:00:05.000Z","volume":1000,"label":"Y","price":6.51},{"type":"B","date":"2018-03-26T05:00:05.000Z","volume":2000,"label":" ","price":6.51},{"type":"U","date":"2018-03-26T05:00:06.000Z","volume":6000,"label":"X","price":6.52},{"type":"A","date":"2018-03-26T05:00:07.000Z","volume":3500,"label":"Y","price":6.52},{"type":"A","date":"2018-03-26T05:00:07.000Z","volume":2500,"label":" ","price":6.52},{"type":"A","date":"2018-03-26T05:00:11.000Z","volume":4500,"label":" ","price":6.52},{"type":"A","date":"2018-03-26T05:00:11.000Z","volume":4000,"label":"Y","price":6.52},{"type":"A","date":"2018-03-26T05:00:11.000Z","volume":2500,"label":" ","price":6.52},{"type":"A","date":"2018-03-26T05:00:11.000Z","volume":2000,"label":" ","price":6.52},{"type":"U","date":"2018-03-26T05:00:19.000Z","volume":500,"label":"X","price":6.515},{"type":"U","date":"2018-03-26T05:00:19.000Z","volume":500,"label":"X","price":6.52},{"type":"B","date":"2018-03-26T05:00:19.000Z","volume":7500,"label":" ","price":6.52},{"type":"B","date":"2018-03-26T05:00:20.000Z","volume":1500,"label":" ","price":6.52},{"type":"B","date":"2018-03-26T05:00:28.000Z","volume":2000,"label":" ","price":6.52},{"type":"B","date":"2018-03-26T05:00:28.000Z","volume":13500,"label":" ","price":6.52},{"type":"B","date":"2018-03-26T05:00:32.000Z","volume":31000,"label":" ","price":6.52},{"type":"B","date":"2018-03-26T05:00:42.000Z","volume":500,"label":" ","price":6.51},{"type":"B","date":"2018-03-26T05:00:42.000Z","volume":500,"label":"Y","price":6.51},{"type":"B","date":"2018-03-26T05:00:42.000Z","volume":1500,"label":" ","price":6.51},{"type":"B","date":"2018-03-26T05:01:09.000Z","volume":500,"label":" ","price":6.5},{"type":"A","date":"2018-03-26T05:01:11.000Z","volume":4500,"label":" ","price":6.52},{"type":"B","date":"2018-03-26T05:01:19.000Z","volume":500,"label":" ","price":6.5},{"type":"U","date":"2018-03-26T05:01:51.000Z","volume":500,"label":"X","price":6.51},{"type":"B","date":"2018-03-26T05:01:51.000Z","volume":500,"label":"Y","price":6.5},{"type":"B","date":"2018-03-26T05:01:51.000Z","volume":500,"label":" ","price":6.5},{"type":"A","date":"2018-03-26T05:02:02.000Z","volume":2000,"label":" ","price":6.52},{"type":"B","date":"2018-03-26T05:02:10.000Z","volume":500,"label":"Y","price":6.5},{"type":"A","date":"2018-03-26T05:02:12.000Z","volume":4500,"label":" ","price":6.52},{"type":"A","date":"2018-03-26T05:03:12.000Z","volume":5000,"label":" ","price":6.52},{"type":"B","date":"2018-03-26T05:03:18.000Z","volume":2000,"label":" ","price":6.51},{"type":"B","date":"2018-03-26T05:03:18.000Z","volume":500,"label":"Y","price":6.51},{"type":"B","date":"2018-03-26T05:03:18.000Z","volume":2500,"label":" ","price":6.51},{"type":"B","date":"2018-03-26T05:03:18.000Z","volume":1500,"label":"Y","price":6.51},{"type":"B","date":"2018-03-26T05:03:18.000Z","volume":1000,"label":" ","price":6.51},{"type":"A","date":"2018-03-26T05:03:32.000Z","volume":57000,"label":" ","price":6.52},{"type":"B","date":"2018-03-26T05:03:55.000Z","volume":2000,"label":" ","price":6.51},{"type":"B","date":"2018-03-26T05:04:06.000Z","volume":2000,"label":" ","price":6.51},{"type":"B","date":"2018-03-26T05:04:06.000Z","volume":18000,"label":" ","price":6.5},{"type":"A","date":"2018-03-26T05:04:11.000Z","volume":4500,"label":" ","price":6.52},{"type":"B","date":"2018-03-26T05:04:25.000Z","volume":1500,"label":" ","price":6.51},{"type":"B","date":"2018-03-26T05:05:11.000Z","volume":1000,"label":" ","price":6.51},{"type":"B","date":"2018-03-26T05:05:11.000Z","volume":500,"label":"Y","price":6.51},{"type":"B","date":"2018-03-26T05:05:11.000Z","volume":8500,"label":" ","price":6.51},{"type":"B","date":"2018-03-26T05:05:11.000Z","volume":6500,"label":" ","price":6.51},{"type":"A","date":"2018-03-26T05:05:11.000Z","volume":4500,"label":" ","price":6.52},{"type":"A","date":"2018-03-26T05:05:18.000Z","volume":54000,"label":" ","price":6.52},{"type":"B","date":"2018-03-26T05:05:24.000Z","volume":1000,"label":" ","price":6.51},{"type":"B","date":"2018-03-26T05:05:30.000Z","volume":3000,"label":" ","price":6.5},{"type":"B","date":"2018-03-26T05:05:39.000Z","volume":1000,"label":" ","price":6.5},{"type":"B","date":"2018-03-26T05:05:59.000Z","volume":1500,"label":" ","price":6.5},{"type":"A","date":"2018-03-26T05:06:12.000Z","volume":4500,"label":" ","price":6.51},{"type":"U","date":"2018-03-26T05:07:01.000Z","volume":500,"label":"X","price":6.505},{"type":"A","date":"2018-03-26T05:07:13.000Z","volume":5000,"label":" ","price":6.51},{"type":"A","date":"2018-03-26T05:08:12.000Z","volume":4500,"label":" ","price":6.51},{"type":"U","date":"2018-03-26T05:08:21.000Z","volume":500,"label":"X","price":6.505},{"type":"B","date":"2018-03-26T05:08:35.000Z","volume":500,"label":" ","price":6.5},{"type":"U","date":"2018-03-26T05:09:06.000Z","volume":500,"label":"X","price":6.505},{"type":"A","date":"2018-03-26T05:09:12.000Z","volume":4500,"label":" ","price":6.51},{"type":"A","date":"2018-03-26T05:10:12.000Z","volume":4500,"label":" ","price":6.51},{"type":"U","date":"2018-03-26T05:10:13.000Z","volume":500,"label":"X","price":6.505},{"type":"U","date":"2018-03-26T05:10:32.000Z","volume":1500,"label":"X","price":6.516},{"type":"U","date":"2018-03-26T05:11:11.000Z","volume":500,"label":"X","price":6.505},{"type":"A","date":"2018-03-26T05:11:12.000Z","volume":5000,"label":" ","price":6.51},{"type":"B","date":"2018-03-26T05:11:20.000Z","volume":500,"label":"Y","price":6.5},{"type":"B","date":"2018-03-26T05:11:36.000Z","volume":49500,"label":" ","price":6.5},{"type":"A","date":"2018-03-26T05:11:42.000Z","volume":35000,"label":" ","price":6.51},{"type":"B","date":"2018-03-26T05:11:50.000Z","volume":2500,"label":" ","price":6.5},{"type":"B","date":"2018-03-26T05:12:09.000Z","volume":1500,"label":" ","price":6.5},{"type":"B","date":"2018-03-26T05:12:11.000Z","volume":500,"label":"Y","price":6.5},{"type":"B","date":"2018-03-26T05:12:11.000Z","volume":24500,"label":" ","price":6.5},{"type":"A","date":"2018-03-26T05:12:12.000Z","volume":4500,"label":" ","price":6.5},{"type":"A","date":"2018-03-26T05:12:16.000Z","volume":4000,"label":" ","price":6.5}