[{"type":"A","date":"2018-03-20T07:45:14.000Z","volume":98000,"price":2.86,"category":"ubbull"},{"type":"A","date":"2018-03-20T06:11:05.000Z","volume":150000,"price":2.84,"category":"ubbull"},{"type":"A","date":"2018-03-20T01:59:21.000Z","volume":95000,"price":2.96,"category":"ubbull"},{"type":"A","date":"2018-03-20T01:55:59.000Z","volume":67000,"price":2.97,"category":"ubbull"},{"type":"A","date":"2018-03-20T07:53:37.000Z","volume":35000,"price":2.86,"category":"bbull"},{"type":"A","date":"2018-03-20T07:49:04.000Z","volume":44000,"price":2.86,"category":"bbull"},{"type":"A","date":"2018-03-20T06:09:17.000Z","volume":30000,"price":2.85,"category":"bbull"},{"type":"A","date":"2018-03-20T05:44:13.000Z","volume":1000,"price":2.85,"category":"rbull"},{"type":"A","date":"2018-03-20T03:58:47.000Z","volume":1000,"price":2.88,"category":"rbull"},{"type":"A","date":"2018-03-20T01:55:59.000Z","volume":1000,"price":2.96,"category":"rbull"},{"type":"A","date":"2018-03-20T01:31:51.000Z","volume":1000,"price":2.87,"category":"rbull"},{"type":"A","date":"2018-03-20T01:30:23.000Z","volume":1000,"price":2.86,"category":"rbull"},{"type":"A","date":"2018-03-20T01:30:23.000Z","volume":1000,"price":2.85,"category":"rbull"},{"type":"A","date":"2018-03-20T01:30:23.000Z","volume":1000,"price":2.84,"category":"rbull"},{"type":"A","date":"2018-03-20T01:30:23.000Z","volume":1000,"price":2.83,"category":"rbull"},{"type":"B","date":"2018-03-20T07:58:00.000Z","volume":1000,"price":2.83,"category":"rbear"},{"type":"B","date":"2018-03-20T07:48:38.000Z","volume":1000,"price":2.83,"category":"rbear"},{"type":"B","date":"2018-03-20T07:37:23.000Z","volume":1000,"price":2.83,"category":"rbear"},{"type":"B","date":"2018-03-20T07:20:38.000Z","volume":1000,"price":2.83,"category":"rbear"},{"type":"B","date":"2018-03-20T07:00:23.000Z","volume":1000,"price":2.84,"category":"rbear"},{"type":"B","date":"2018-03-20T06:34:08.000Z","volume":1000,"price":2.82,"category":"rbear"},{"type":"B","date":"2018-03-20T06:03:53.000Z","volume":1000,"price":2.81,"category":"rbear"},{"type":"B","date":"2018-03-20T06:03:17.000Z","volume":1000,"price":2.81,"category":"rbear"},{"type":"B","date":"2018-03-20T05:44:23.000Z","volume":1000,"price":2.85,"category":"rbear"},{"type":"B","date":"2018-03-20T05:40:45.000Z","volume":1000,"price":2.84,"category":"rbear"},{"type":"B","date":"2018-03-20T05:00:08.000Z","volume":1000,"price":2.84,"category":"rbear"},{"type":"B","date":"2018-03-20T03:19:02.000Z","volume":1000,"price":2.84,"category":"rbear"},{"type":"B","date":"2018-03-20T02:26:32.000Z","volume":1000,"price":2.87,"category":"rbear"},{"type":"B","date":"2018-03-20T01:56:03.000Z","volume":1000,"price":2.88,"category":"rbear"},{"type":"B","date":"2018-03-20T01:52:17.000Z","volume":1000,"price":2.88,"category":"rbear"},{"type":"B","date":"2018-03-20T06:03:53.000Z","volume":29000,"price":2.81,"category":"bbear"},{"type":"B","date":"2018-03-20T05:59:59.000Z","volume":39000,"price":2.84,"category":"bbear"},{"type":"B","date":"2018-03-20T02:42:09.000Z","volume":34000,"price":2.87,"category":"bbear"},{"type":"B","date":"2018-03-20T06:04:58.000Z","volume":73000,"price":2.81,"category":"ubbear"},{"type":"B","date":"2018-03-20T06:01:56.000Z","volume":100000,"price":2.81,"category":"ubbear"},{"type":"B","date":"2018-03-20T06:01:42.000Z","volume":110000,"price":2.82,"category":"ubbear"}]