[{"type":"A","date":"2018-05-02T01:35:27.000Z","volume":60000,"label":" ","price":0.415},{"type":"A","date":"2018-05-02T01:55:13.000Z","volume":300000,"label":" ","price":0.41},{"type":"A","date":"2018-05-02T01:55:33.000Z","volume":20000,"label":" ","price":0.41},{"type":"B","date":"2018-05-02T01:55:53.000Z","volume":60000,"label":" ","price":0.405},{"type":"A","date":"2018-05-02T01:56:29.000Z","volume":200000,"label":" ","price":0.41},{"type":"A","date":"2018-05-02T02:03:21.000Z","volume":20000,"label":" ","price":0.415},{"type":"A","date":"2018-05-02T02:33:12.000Z","volume":140000,"label":" ","price":0.41},{"type":"A","date":"2018-05-02T02:33:43.000Z","volume":120000,"label":" ","price":0.41},{"type":"A","date":"2018-05-02T02:33:50.000Z","volume":80000,"label":" ","price":0.41},{"type":"B","date":"2018-05-02T02:34:27.000Z","volume":20000,"label":" ","price":0.4},{"type":"A","date":"2018-05-02T02:37:03.000Z","volume":20000,"label":" ","price":0.41},{"type":"A","date":"2018-05-02T02:37:25.000Z","volume":20000,"label":" ","price":0.415},{"type":"B","date":"2018-05-02T03:38:15.000Z","volume":220000,"label":" ","price":0.405},{"type":"B","date":"2018-05-02T03:38:34.000Z","volume":280000,"label":" ","price":0.405},{"type":"B","date":"2018-05-02T05:08:23.000Z","volume":40000,"label":" ","price":0.405},{"type":"B","date":"2018-05-02T05:16:54.000Z","volume":20000,"label":" ","price":0.405},{"type":"A","date":"2018-05-02T05:16:58.000Z","volume":200000,"label":" ","price":0.405},{"type":"A","date":"2018-05-02T05:17:02.000Z","volume":200000,"label":" ","price":0.405},{"type":"A","date":"2018-05-02T05:17:02.000Z","volume":20000,"label":" ","price":0.405},{"type":"A","date":"2018-05-02T05:17:10.000Z","volume":180000,"label":" ","price":0.405},{"type":"A","date":"2018-05-02T05:22:09.000Z","volume":40000,"label":" ","price":0.41},{"type":"B","date":"2018-05-02T07:04:24.000Z","volume":100000,"label":" ","price":0.405},{"type":"B","date":"2018-05-02T07:04:24.000Z","volume":120000,"label":" ","price":0.405},{"type":"B","date":"2018-05-02T07:06:07.000Z","volume":20000,"label":" ","price":0.405},{"type":"B","date":"2018-05-02T07:07:14.000Z","volume":20000,"label":" ","price":0.405},{"type":"B","date":"2018-05-02T07:09:31.000Z","volume":40000,"label":" ","price":0.405},{"type":"A","date":"2018-05-02T07:13:50.000Z","volume":20000,"label":" ","price":0.41},{"type":"B","date":"2018-05-02T07:18:42.000Z","volume":700000,"label":" ","price":0.405},{"type":"A","date":"2018-05-02T07:59:05.000Z","volume":600000,"label":" ","price":0.405},{"type":"A","date":"2018-05-02T07:59:11.000Z","volume":20000,"label":" ","price":0.41}]