[{"type":"A","date":"2018-04-12T01:33:22.000Z","volume":26000,"label":" ","price":1.1},{"type":"A","date":"2018-04-12T01:35:40.000Z","volume":13000,"label":" ","price":1.09},{"type":"B","date":"2018-04-12T01:48:27.000Z","volume":15000,"label":" ","price":1.09},{"type":"B","date":"2018-04-12T01:48:27.000Z","volume":81000,"label":" ","price":1.09},{"type":"A","date":"2018-04-12T02:04:30.000Z","volume":100000,"label":" ","price":1.08},{"type":"A","date":"2018-04-12T02:13:24.000Z","volume":90000,"label":" ","price":1.08},{"type":"A","date":"2018-04-12T02:14:14.000Z","volume":65000,"label":" ","price":1.08},{"type":"A","date":"2018-04-12T02:51:27.000Z","volume":153000,"label":" ","price":1.08},{"type":"A","date":"2018-04-12T02:52:51.000Z","volume":148000,"label":" ","price":1.08},{"type":"A","date":"2018-04-12T02:55:07.000Z","volume":54000,"label":" ","price":1.08},{"type":"A","date":"2018-04-12T03:15:10.000Z","volume":1000,"label":" ","price":1.07},{"type":"A","date":"2018-04-12T03:16:01.000Z","volume":50000,"label":" ","price":1.08},{"type":"A","date":"2018-04-12T03:16:23.000Z","volume":47000,"label":" ","price":1.09},{"type":"B","date":"2018-04-12T03:16:23.000Z","volume":3000,"label":" ","price":1.09},{"type":"B","date":"2018-04-12T03:51:34.000Z","volume":7000,"label":" ","price":1.08},{"type":"B","date":"2018-04-12T03:52:58.000Z","volume":1000,"label":" ","price":1.08},{"type":"B","date":"2018-04-12T03:54:22.000Z","volume":6000,"label":" ","price":1.08},{"type":"A","date":"2018-04-12T05:20:47.000Z","volume":50000,"label":" ","price":1.09},{"type":"A","date":"2018-04-12T05:20:47.000Z","volume":3000,"label":" ","price":1.09},{"type":"B","date":"2018-04-12T05:31:58.000Z","volume":20000,"label":" ","price":1.08},{"type":"A","date":"2018-04-12T06:35:03.000Z","volume":55000,"label":" ","price":1.09},{"type":"A","date":"2018-04-12T06:35:03.000Z","volume":11000,"label":" ","price":1.09},{"type":"A","date":"2018-04-12T06:37:49.000Z","volume":30000,"label":" ","price":1.1},{"type":"A","date":"2018-04-12T06:40:30.000Z","volume":13000,"label":" ","price":1.1},{"type":"A","date":"2018-04-12T06:46:09.000Z","volume":92000,"label":" ","price":1.1},{"type":"A","date":"2018-04-12T06:48:53.000Z","volume":116000,"label":" ","price":1.1},{"type":"A","date":"2018-04-12T06:57:07.000Z","volume":20000,"label":" ","price":1.11},{"type":"A","date":"2018-04-12T07:08:18.000Z","volume":1000,"label":" ","price":1.11},{"type":"A","date":"2018-04-12T07:17:17.000Z","volume":1000,"label":" ","price":1.11},{"type":"A","date":"2018-04-12T07:57:42.000Z","volume":7000,"label":" ","price":1.11},{"type":"B","date":"2018-04-12T07:59:16.000Z","volume":5000,"label":" ","price":1.11},{"type":"B","date":"2018-04-12T07:59:48.000Z","volume":5000,"label":" ","price":1.11}]