[{"type":"U","date":"2018-03-26T01:20:00.000Z","volume":6000,"label":"U","price":1.41},{"type":"A","date":"2018-03-26T01:30:00.000Z","volume":20000,"label":" ","price":1.41},{"type":"A","date":"2018-03-26T01:30:02.000Z","volume":3000,"label":" ","price":1.42},{"type":"A","date":"2018-03-26T01:34:22.000Z","volume":30000,"label":" ","price":1.41},{"type":"B","date":"2018-03-26T01:36:46.000Z","volume":20000,"label":" ","price":1.4},{"type":"B","date":"2018-03-26T01:45:32.000Z","volume":20000,"label":" ","price":1.4},{"type":"B","date":"2018-03-26T01:49:10.000Z","volume":1030000,"label":" ","price":1.4},{"type":"A","date":"2018-03-26T01:49:11.000Z","volume":10000,"label":" ","price":1.41},{"type":"A","date":"2018-03-26T01:55:43.000Z","volume":200000,"label":" ","price":1.41},{"type":"A","date":"2018-03-26T01:56:07.000Z","volume":100000,"label":" ","price":1.41},{"type":"A","date":"2018-03-26T01:58:27.000Z","volume":18000,"label":" ","price":1.41},{"type":"B","date":"2018-03-26T02:00:03.000Z","volume":1000,"label":" ","price":1.4},{"type":"B","date":"2018-03-26T02:00:16.000Z","volume":27000,"label":" ","price":1.4},{"type":"A","date":"2018-03-26T02:00:16.000Z","volume":37000,"label":" ","price":1.41},{"type":"B","date":"2018-03-26T02:07:48.000Z","volume":1000,"label":" ","price":1.4},{"type":"B","date":"2018-03-26T02:14:04.000Z","volume":50000,"label":" ","price":1.4},{"type":"B","date":"2018-03-26T02:19:48.000Z","volume":1000,"label":" ","price":1.4},{"type":"B","date":"2018-03-26T02:19:48.000Z","volume":1000,"label":" ","price":1.4},{"type":"A","date":"2018-03-26T02:21:00.000Z","volume":1000,"label":"Y","price":1.41},{"type":"A","date":"2018-03-26T02:21:00.000Z","volume":11000,"label":" ","price":1.41},{"type":"A","date":"2018-03-26T02:24:15.000Z","volume":50000,"label":" ","price":1.41},{"type":"A","date":"2018-03-26T02:26:52.000Z","volume":20000,"label":" ","price":1.41},{"type":"A","date":"2018-03-26T02:30:07.000Z","volume":10000,"label":" ","price":1.41},{"type":"A","date":"2018-03-26T02:31:00.000Z","volume":12000,"label":" ","price":1.41},{"type":"A","date":"2018-03-26T02:34:25.000Z","volume":4000,"label":" ","price":1.41},{"type":"B","date":"2018-03-26T02:36:01.000Z","volume":8000,"label":"Y","price":1.4},{"type":"B","date":"2018-03-26T02:37:53.000Z","volume":8000,"label":"Y","price":1.4},{"type":"A","date":"2018-03-26T02:39:04.000Z","volume":15000,"label":" ","price":1.41},{"type":"B","date":"2018-03-26T02:40:10.000Z","volume":8000,"label":"Y","price":1.4},{"type":"B","date":"2018-03-26T02:41:14.000Z","volume":8000,"label":"Y","price":1.4},{"type":"B","date":"2018-03-26T02:42:01.000Z","volume":8000,"label":"Y","price":1.4},{"type":"B","date":"2018-03-26T02:42:53.000Z","volume":8000,"label":"Y","price":1.4},{"type":"A","date":"2018-03-26T02:43:30.000Z","volume":1000,"label":"Y","price":1.41},{"type":"A","date":"2018-03-26T02:43:30.000Z","volume":11000,"label":" ","price":1.41},{"type":"B","date":"2018-03-26T02:43:50.000Z","volume":8000,"label":"Y","price":1.4},{"type":"B","date":"2018-03-26T02:44:46.000Z","volume":2000,"label":"Y","price":1.4},{"type":"B","date":"2018-03-26T02:44:46.000Z","volume":6000,"label":" ","price":1.4},{"type":"B","date":"2018-03-26T02:46:24.000Z","volume":8000,"label":" ","price":1.4},{"type":"B","date":"2018-03-26T02:47:36.000Z","volume":8000,"label":" ","price":1.4},{"type":"B","date":"2018-03-26T02:49:17.000Z","volume":8000,"label":" ","price":1.4},{"type":"B","date":"2018-03-26T02:51:17.000Z","volume":8000,"label":" ","price":1.4},{"type":"B","date":"2018-03-26T02:52:18.000Z","volume":1000,"label":" ","price":1.4},{"type":"B","date":"2018-03-26T02:52:18.000Z","volume":1000,"label":" ","price":1.4},{"type":"B","date":"2018-03-26T02:52:33.000Z","volume":8000,"label":" ","price":1.4},{"type":"U","date":"2018-03-26T02:53:34.000Z","volume":1000,"label":"X","price":1.4},{"type":"B","date":"2018-03-26T02:53:37.000Z","volume":8000,"label":" ","price":1.4},{"type":"B","date":"2018-03-26T02:55:05.000Z","volume":8000,"label":" ","price":1.4},{"type":"B","date":"2018-03-26T02:56:25.000Z","volume":8000,"label":" ","price":1.4},{"type":"A","date":"2018-03-26T02:57:22.000Z","volume":10000,"label":" ","price":1.41},{"type":"A","date":"2018-03-26T02:57:36.000Z","volume":50000,"label":" ","price":1.41},{"type":"B","date":"2018-03-26T02:58:46.000Z","volume":8000,"label":" ","price":1.4},{"type":"B","date":"2018-03-26T03:00:23.000Z","volume":8000,"label":" ","price":1.4},{"type":"B","date":"2018-03-26T03:01:31.000Z","volume":8000,"label":" ","price":1.4},{"type":"B","date":"2018-03-26T03:02:32.000Z","volume":8000,"label":" ","price":1.4},{"type":"B","date":"2018-03-26T03:03:26.000Z","volume":8000,"label":" ","price":1.4},{"type":"B","date":"2018-03-26T03:03:26.000Z","volume":2000,"label":" ","price":1.4},{"type":"A","date":"2018-03-26T03:03:48.000Z","volume":15000,"label":" ","price":1.41},{"type":"B","date":"2018-03-26T03:04:22.000Z","volume":8000,"label":" ","price":1.4},{"type":"B","date":"2018-03-26T03:05:33.000Z","volume":8000,"label":" ","price":1.4},{"type":"B","date":"2018-03-26T03:06:33.000Z","volume":8000,"label":" ","price":1.4},{"type":"A","date":"2018-03-26T03:06:54.000Z","volume":80000,"label":" ","price":1.41},{"type":"B","date":"2018-03-26T03:06:54.000Z","volume":4000,"label":" ","price":1.4},{"type":"B","date":"2018-03-26T03:09:39.000Z","volume":8000,"label":" ","price":1.4},{"type":"A","date":"2018-03-26T03:10:43.000Z","volume":614000,"label":" ","price":1.41},{"type":"U","date":"2018-03-26T03:10:44.000Z","volume":58000,"label":" ","price":1.41},{"type":"B","date":"2018-03-26T03:10:44.000Z","volume":4000,"label":" ","price":1.41},{"type":"B","date":"2018-03-26T03:10:47.000Z","volume":23000,"label":"Y","price":1.41},{"type":"U","date":"2018-03-26T03:11:04.000Z","volume":12000,"label":" ","price":1.41},{"type":"A","date":"2018-03-26T03:11:04.000Z","volume":16000,"label":" ","price":1.41},{"type":"U","date":"2018-03-26T03:12:21.000Z","volume":39000,"label":" ","price":1.41},{"type":"B","date":"2018-03-26T03:12:34.000Z","volume":18000,"label":" ","price":1.41},{"type":"B","date":"2018-03-26T03:12:35.000Z","volume":1000,"label":" ","price":1.41},{"type":"B","date":"2018-03-26T03:12:48.000Z","volume":1000,"label":" ","price":1.41},{"type":"B","date":"2018-03-26T03:13:27.000Z","volume":20000,"label":" ","price":1.41},{"type":"B","date":"2018-03-26T03:13:36.000Z","volume":2000,"label":" ","price":1.41},{"type":"B","date":"2018-03-26T03:16:48.000Z","volume":30000,"label":" ","price":1.41},{"type":"B","date":"2018-03-26T03:18:16.000Z","volume":9000,"label":" ","price":1.41},{"type":"B","date":"2018-03-26T03:18:16.000Z","volume":1000,"label":" ","price":1.41},{"type":"U","date":"2018-03-26T03:19:56.000Z","volume":70000,"label":" ","price":1.41},{"type":"A","date":"2018-03-26T03:19:56.000Z","volume":8000,"label":" ","price":1.41},{"type":"U","date":"2018-03-26T03:19:56.000Z","volume":24000,"label":" ","price":1.41},{"type":"A","date":"2018-03-26T03:22:52.000Z","volume":50000,"label":" ","price":1.41},{"type":"A","date":"2018-03-26T03:22:52.000Z","volume":1000,"label":" ","price":1.41},{"type":"U","date":"2018-03-26T03:22:53.000Z","volume":11000,"label":" ","price":1.41},{"type":"B","date":"2018-03-26T03:33:00.000Z","volume":1000,"label":" ","price":1.41},{"type":"B","date":"2018-03-26T03:36:00.000Z","volume":1000,"label":" ","price":1.41},{"type":"B","date":"2018-03-26T03:36:10.000Z","volume":10000,"label":" ","price":1.41},{"type":"A","date":"2018-03-26T03:37:03.000Z","volume":9000,"label":" ","price":1.41},{"type":"U","date":"2018-03-26T03:40:19.000Z","volume":10000,"label":" ","price":1.41},{"type":"A","date":"2018-03-26T03:40:19.000Z","volume":30000,"label":" ","price":1.41},{"type":"U","date":"2018-03-26T03:49:39.000Z","volume":11000,"label":" ","price":1.41},{"type":"A","date":"2018-03-26T03:49:39.000Z","volume":1000,"label":" ","price":1.41},{"type":"A","date":"2018-03-26T03:49:39.000Z","volume":30000,"label":" ","price":1.41},{"type":"A","date":"2018-03-26T03:53:18.000Z","volume":788000,"label":" ","price":1.42},{"type":"B","date":"2018-03-26T03:56:05.000Z","volume":1000,"label":" ","price":1.42},{"type":"B","date":"2018-03-26T05:00:02.000Z","volume":7000,"label":" ","price":1.42},{"type":"B","date":"2018-03-26T05:00:03.000Z","volume":1000,"label":" ","price":1.42},{"type":"B","date":"2018-03-26T05:05:07.000Z","volume":8000,"label":" ","price":1.42},{"type":"A","date":"2018-03-26T05:07:43.000Z","volume":50000,"label":" ","price":1.43},{"type":"B","date":"2018-03-26T05:08:08.000Z","volume":8000,"label":" ","price":1.42},{"type":"B","date":"2018-03-26T05:13:26.000Z","volume":8000,"label":" ","price":1.42},{"type":"B","date":"2018-03-26T05:15:29.000Z","volume":14000,"label":"Y","price":1.42},{"type":"B","date":"2018-03-26T05:15:29.000Z","volume":2000,"label":" ","price":1.42},{"type":"B","date":"2018-03-26T05:15:50.000Z","volume":8000,"label":" ","price":1.42},{"type":"B","date":"2018-03-26T05:17:41.000Z","volume":2000,"label":" ","price":1.42},{"type":"B","date":"2018-03-26T05:17:42.000Z","volume":9000,"label":" ","price":1.42},{"type":"B","date":"2018-03-26T05:19:21.000Z","volume":8000,"label":" ","price":1.42},{"type":"B","date":"2018-03-26T05:22:47.000Z","volume":1000,"label":" ","price":1.42},{"type":"B","date":"2018-03-26T05:22:47.000Z","volume":3000,"label":" ","price":1.42},{"type":"B","date":"2018-03-26T05:23:33.000Z","volume":8000,"label":"Y","price":1.42},{"type":"A","date":"2018-03-26T05:25:02.000Z","volume":2000,"label":" ","price":1.43},{"type":"A","date":"2018-03-26T05:26:17.000Z","volume":2000,"label":" ","price":1.43},{"type":"B","date":"2018-03-26T05:27:04.000Z","volume":8000,"label":"Y","price":1.42},{"type":"A","date":"2018-03-26T05:27:32.000Z","volume":2000,"label":" ","price":1.43},{"type":"U","date":"2018-03-26T05:28:10.000Z","volume":1000,"label":"X","price":1.42},{"type":"A","date":"2018-03-26T05:28:47.000Z","volume":2000,"label":" ","price":1.43},{"type":"B","date":"2018-03-26T05:29:37.000Z","volume":8000,"label":"Y","price":1.42},{"type":"A","date":"2018-03-26T05:30:02.000Z","volume":2000,"label":" ","price":1.43},{"type":"B","date":"2018-03-26T05:30:31.000Z","volume":7000,"label":"Y","price":1.42},{"type":"A","date":"2018-03-26T05:31:12.000Z","volume":2000,"label":" ","price":1.43},{"type":"B","date":"2018-03-26T05:31:37.000Z","volume":7000,"label":"Y","price":1.42},{"type":"B","date":"2018-03-26T05:32:15.000Z","volume":7000,"label":" ","price":1.42},{"type":"A","date":"2018-03-26T05:32:27.000Z","volume":2000,"label":" ","price":1.43},{"type":"B","date":"2018-03-26T05:33:19.000Z","volume":7000,"label":" ","price":1.42},{"type":"B","date":"2018-03-26T05:33:19.000Z","volume":2000,"label":" ","price":1.42},{"type":"A","date":"2018-03-26T05:33:37.000Z","volume":2000,"label":" ","price":1.43},{"type":"B","date":"2018-03-26T05:34:47.000Z","volume":7000,"label":" ","price":1.42},{"type":"A","date":"2018-03-26T05:34:47.000Z","volume":2000,"label":" ","price":1.43},{"type":"A","date":"2018-03-26T05:35:57.000Z","volume":2000,"label":" ","price":1.43},{"type":"B","date":"2018-03-26T05:37:04.000Z","volume":7000,"label":" ","price":1.42},{"type":"A","date":"2018-03-26T05:37:07.000Z","volume":2000,"label":" ","price":1.43},{"type":"A","date":"2018-03-26T05:38:17.000Z","volume":2000,"label":" ","price":1.43},{"type":"A","date":"2018-03-26T05:39:27.000Z","volume":2000,"label":" ","price":1.43},{"type":"B","date":"2018-03-26T05:40:31.000Z","volume":6000,"label":" ","price":1.42},{"type":"A","date":"2018-03-26T05:40:42.000Z","volume":2000,"label":" ","price":1.43},{"type":"B","date":"2018-03-26T05:41:29.000Z","volume":6000,"label":" ","price":1.42},{"type":"B","date":"2018-03-26T05:41:49.000Z","volume":6000,"label":" ","price":1.42},{"type":"B","date":"2018-03-26T05:42:49.000Z","volume":6000,"label":" ","price":1.42},{"type":"B","date":"2018-03-26T05:43:45.000Z","volume":5000,"label":" ","price":1.42},{"type":"B","date":"2018-03-26T05:44:59.000Z","volume":5000,"label":" ","price":1.42},{"type":"B","date":"2018-03-26T05:45:13.000Z","volume":2000,"label":" ","price":1.42},{"type":"B","date":"2018-03-26T05:45:32.000Z","volume":5000,"label":" ","price":1.42},{"type":"B","date":"2018-03-26T05:45:44.000Z","volume":2000,"label":" ","price":1.42},{"type":"B","date":"2018-03-26T05:45:58.000Z","volume":5000,"label":" ","price":1.42},{"type":"B","date":"2018-03-26T05:46:34.000Z","volume":5000,"label":" ","price":1.42},{"type":"B","date":"2018-03-26T05:47:03.000Z","volume":5000,"label":" ","price":1.42},{"type":"B","date":"2018-03-26T05:47:29.000Z","volume":5000,"label":" ","price":1.42},{"type":"B","date":"2018-03-26T05:48:02.000Z","volume":5000,"label":" ","price":1.42},{"type":"B","date":"2018-03-26T05:48:31.000Z","volume":5000,"label":" ","price":1.42},{"type":"B","date":"2018-03-26T05:48:37.000Z","volume":2000,"label":" ","price":1.42},{"type":"B","date":"2018-03-26T05:48:39.000Z","volume":1000,"label":" ","price":1.42},{"type":"B","date":"2018-03-26T05:49:04.000Z","volume":5000,"label":" ","price":1.42},{"type":"B","date":"2018-03-26T05:49:11.000Z","volume":2000,"label":" ","price":1.42},{"type":"B","date":"2018-03-26T05:49:32.000Z","volume":5000,"label":" ","price":1.42},{"type":"B","date":"2018-03-26T05:50:08.000Z","volume":5000,"label":" ","price":1.42},{"type":"B","date":"2018-03-26T05:50:15.000Z","volume":2000,"label":" ","price":1.42},{"type":"B","date":"2018-03-26T05:51:22.000Z","volume":5000,"label":" ","price":1.42},{"type":"B","date":"2018-03-26T05:52:15.000Z","volume":5000,"label":" ","price":1.42},{"type":"B","date":"2018-03-26T05:53:08.000Z","volume":5000,"label":" ","price":1.42},{"type":"B","date":"2018-03-26T05:54:15.000Z","volume":5000,"label":" ","price":1.42},{"type":"B","date":"2018-03-26T05:54:32.000Z","volume":4000,"label":" ","price":1.42},{"type":"B","date":"2018-03-26T05:55:19.000Z","volume":5000,"label":" ","price":1.42},{"type":"B","date":"2018-03-26T05:55:19.000Z","volume":1000,"label":" ","price":1.42},{"type":"B","date":"2018-03-26T05:55:28.000Z","volume":5000,"label":" ","price":1.42},{"type":"B","date":"2018-03-26T05:55:46.000Z","volume":5000,"label":" ","price":1.42},{"type":"B","date":"2018-03-26T05:56:00.000Z","volume":5000,"label":" ","price":1.42},{"type":"B","date":"2018-03-26T05:56:16.000Z","volume":5000,"label":" ","price":1.42},{"type":"B","date":"2018-03-26T05:56:16.000Z","volume":2000,"label":" ","price":1.42},{"type":"B","date":"2018-03-26T05:56:17.000Z","volume":1000,"label":" ","price":1.42},{"type":"B","date":"2018-03-26T05:56:17.000Z","volume":1000,"label":" ","price":1.42},{"type":"B","date":"2018-03-26T05:56:21.000Z","volume":5000,"label":" ","price":1.42},{"type":"B","date":"2018-03-26T05:57:44.000Z","volume":5000,"label":" ","price":1.42},{"type":"B","date":"2018-03-26T05:57:54.000Z","volume":4000,"label":" ","price":1.42},{"type":"B","date":"2018-03-26T05:58:15.000Z","volume":5000,"label":" ","price":1.42},{"type":"B","date":"2018-03-26T05:58:35.000Z","volume":6000,"label":" ","price":1.42},{"type":"B","date":"2018-03-26T05:58:37.000Z","volume":1000,"label":" ","price":1.42},{"type":"B","date":"2018-03-26T05:58:46.000Z","volume":4000,"label":" ","price":1.42},{"type":"B","date":"2018-03-26T05:58:50.000Z","volume":2000,"label":" ","price":1.42},{"type":"B","date":"2018-03-26T05:58:54.000Z","volume":3000,"label":" ","price":1.42},{"type":"B","date":"2018-03-26T05:58:54.000Z","volume":1000,"label":" ","price":1.42},{"type":"B","date":"2018-03-26T05:58:56.000Z","volume":3000,"label":" ","price":1.42},{"type":"B","date":"2018-03-26T05:59:08.000Z","volume":5000,"label":" ","price":1.42},{"type":"B","date":"2018-03-26T05:59:08.000Z","volume":2000,"label":" ","price":1.42},{"type":"B","date":"2018-03-26T05:59:15.000Z","volume":3000,"label":" ","price":1.42},{"type":"B","date":"2018-03-26T05:59:15.000Z","volume":1000,"label":" ","price":1.42},{"type":"B","date":"2018-03-26T05:59:16.000Z","volume":1000,"label":" ","price":1.42},{"type":"B","date":"2018-03-26T05:59:43.000Z","volume":4000,"label":" ","price":1.42},{"type":"B","date":"2018-03-26T05:59:43.000Z","volume":1000,"label":" ","price":1.42},{"type":"B","date":"2018-03-26T06:01:50.000Z","volume":40000,"label":" ","price":1.42},{"type":"B","date":"2018-03-26T06:01:50.000Z","volume":4000,"label":" ","price":1.42},{"type":"U","date":"2018-03-26T06:01:52.000Z","volume":1000,"label":" ","price":1.42},{"type":"B","date":"2018-03-26T06:02:17.000Z","volume":6000,"label":" ","price":1.42},{"type":"B","date":"2018-03-26T06:02:30.000Z","volume":1000,"label":"Y","price":1.42},{"type":"B","date":"2018-03-26T06:03:30.000Z","volume":1000,"label":"Y","price":1.42},{"type":"B","date":"2018-03-26T06:04:04.000Z","volume":37000,"label":" ","price":1.42},{"type":"B","date":"2018-03-26T06:04:04.000Z","volume":21000,"label":" ","price":1.42},{"type":"B","date":"2018-03-26T06:04:04.000Z","volume":2000,"label":" ","price":1.42},{"type":"B","date":"2018-03-26T06:04:05.000Z","volume":1000,"label":" ","price":1.42},{"type":"B","date":"2018-03-26T06:04:07.000Z","volume":2000,"label":" ","price":1.42},{"type":"B","date":"2018-03-26T06:05:30.000Z","volume":1000,"label":" ","price":1.42},{"type":"B","date":"2018-03-26T06:07:00.000Z","volume":1000,"label":" ","price":1.42},{"type":"B","date":"2018-03-26T06:09:00.000Z","volume":1000,"label":" ","price":1.42},{"type":"B","date":"2018-03-26T06:10:31.000Z","volume":1000,"label":" ","price":1.42},{"type":"B","date":"2018-03-26T06:12:30.000Z","volume":1000,"label":" ","price":1.42},{"type":"A","date":"2018-03-26T06:14:43.000Z","volume":1000,"label":" ","price":1.43},{"type":"B","date":"2018-03-26T06:15:00.000Z","volume":1000,"label":" ","price":1.42},{"type":"B","date":"2018-03-26T06:15:38.000Z","volume":1000,"label":" ","price":1.42},{"type":"B","date":"2018-03-26T06:16:12.000Z","volume":1000,"label":" ","price":1.42},{"type":"B","date":"2018-03-26T06:24:01.000Z","volume":1000,"label":" ","price":1.42},{"type":"B","date":"2018-03-26T06:24:55.000Z","volume":9000,"label":" ","price":1.42},{"type":"A","date":"2018-03-26T06:32:12.000Z","volume":1000,"label":" ","price":1.43},{"type":"A","date":"2018-03-26T06:36:27.000Z","volume":1000,"label":" ","price":1.43},{"type":"A","date":"2018-03-26T06:37:47.000Z","volume":2000,"label":" ","price":1.43},{"type":"A","date":"2018-03-26T06:39:12.000Z","volume":2000,"label":" ","price":1.43},{"type":"A","date":"2018-03-26T06:40:37.000Z","volume":2000,"label":" ","price":1.43},{"type":"B","date":"2018-03-26T06:41:03.000Z","volume":1000,"label":" ","price":1.42},{"type":"A","date":"2018-03-26T06:42:07.000Z","volume":1000,"label":" ","price":1.43},{"type":"A","date":"2018-03-26T06:42:59.000Z","volume":62000,"label":"Y","price":1.43},{"type":"A","date":"2018-03-26T06:42:59.000Z","volume":38000,"label":" ","price":1.43},{"type":"A","date":"2018-03-26T06:42:59.000Z","volume":12000,"label":"Y","price":1.43},{"type":"A","date":"2018-03-26T06:42:59.000Z","volume":260000,"label":" ","price":1.43},{"type":"A","date":"2018-03-26T06:42:59.000Z","volume":17000,"label":"Y","price":1.43},{"type":"A","date":"2018-03-26T06:42:59.000Z","volume":11000,"label":" ","price":1.43},{"type":"A","date":"2018-03-26T06:42:59.000Z","volume":15000,"label":" ","price":1.43},{"type":"A","date":"2018-03-26T06:42:59.000Z","volume":1000,"label":" ","price":1.43},{"type":"A","date":"2018-03-26T06:52:37.000Z","volume":1000,"label":" ","price":1.43},{"type":"A","date":"2018-03-26T06:53:26.000Z","volume":20000,"label":" ","price":1.43},{"type":"A","date":"2018-03-26T06:53:52.000Z","volume":2000,"label":" ","price":1.43},{"type":"A","date":"2018-03-26T06:54:53.000Z","volume":30000,"label":" ","price":1.43},{"type":"A","date":"2018-03-26T06:55:12.000Z","volume":2000,"label":" ","price":1.43},{"type":"A","date":"2018-03-26T06:56:26.000Z","volume":2000,"label":" ","price":1.43},{"type":"A","date":"2018-03-26T06:57:42.000Z","volume":2000,"label":" ","price":1.43},{"type":"A","date":"2018-03-26T06:58:12.000Z","volume":2000,"label":" ","price":1.43},{"type":"A","date":"2018-03-26T06:59:10.000Z","volume":135000,"label":" ","price":1.43},{"type":"A","date":"2018-03-26T07:00:38.000Z","volume":1000,"label":" ","price":1.43},{"type":"A","date":"2018-03-26T07:06:20.000Z","volume":167000,"label":"Y","price":1.43},{"type":"A","date":"2018-03-26T07:06:20.000Z","volume":249000,"label":" ","price":1.43},{"type":"A","date":"2018-03-26T07:13:52.000Z","volume":2000,"label":" ","price":1.44},{"type":"A","date":"2018-03-26T07:18:31.000Z","volume":1000,"label":" ","price":1.44},{"type":"A","date":"2018-03-26T07:20:17.000Z","volume":2000,"label":" ","price":1.44},{"type":"A","date":"2018-03-26T07:24:34.000Z","volume":2000,"label":" ","price":1.44},{"type":"A","date":"2018-03-26T07:30:30.000Z","volume":16000,"label":" ","price":1.44},{"type":"B","date":"2018-03-26T07:34:32.000Z","volume":1000,"label":" ","price":1.43},{"type":"B","date":"2018-03-26T07:37:29.000Z","volume":1000,"label":" ","price":1.43},{"type":"B","date":"2018-03-26T07:41:02.000Z","volume":1000,"label":" ","price":1.43},{"type":"U","date":"2018-03-26T07:41:16.000Z","volume":1000,"label":"X","price":1.43},{"type":"A","date":"2018-03-26T07:45:30.000Z","volume":34000,"label":" ","price":1.44},{"type":"B","date":"2018-03-26T07:46:12.000Z","volume":1000,"label":" ","price":1.43},{"type":"B","date":"2018-03-26T07:47:32.000Z","volume":1000,"label":" ","price":1.43},{"type":"A","date":"2018-03-26T07:49:30.000Z","volume":7000,"label":" ","price":1.44},{"type":"A","date":"2018-03-26T07:49:53.000Z","volume":10000,"label":" ","price":1.44},{"type":"A","date":"2018-03-26T07:50:43.000Z","volume":10000,"label":" ","price":1.44},{"type":"A","date":"2018-03-26T07:51:21.000Z","volume":10000,"label":" ","price":1.44},{"type":"U","date":"2018-03-26T07:52:19.000Z","volume":1000,"label":"X","price":1.43},{"type":"A","date":"2018-03-26T07:52:19.000Z","volume":15000,"label":" ","price":1.44},{"type":"B","date":"2018-03-26T07:53:12.000Z","volume":1000,"label":" ","price":1.43},{"type":"B","date":"2018-03-26T07:53:47.000Z","volume":1000,"label":" ","price":1.43},{"type":"A","date":"2018-03-26T07:55:30.000Z","volume":16000,"label":" ","price":1.44},{"type":"A","date":"2018-03-26T07:58:30.000Z","volume":10000,"label":" ","price":1.44},{"type":"B","date":"2018-03-26T07:58:37.000Z","volume":1000,"label":" ","price":1.43},{"type":"A","date":"2018-03-26T07:58:44.000Z","volume":120000,"label":" ","price":1.44},{"type":"U","date":"2018-03-26T07:59:17.000Z","volume":1000,"label":"X","price":1.43},{"type":"B","date":"2018-03-26T07:59:37.000Z","volume":1000,"label":" ","price":1.43},{"type":"U","date":"2018-03-26T08:08:01.000Z","volume":92000,"label":"U","price":1.43}]