[{"type":"A","date":"2018-03-21T07:58:20.000Z","volume":68000,"price":1.15,"category":"ubbull"},{"type":"A","date":"2018-03-21T07:56:33.000Z","volume":57000,"price":1.15,"category":"ubbull"},{"type":"A","date":"2018-03-21T07:41:15.000Z","volume":89000,"price":1.17,"category":"ubbull"},{"type":"A","date":"2018-03-21T07:32:23.000Z","volume":54000,"price":1.17,"category":"ubbull"},{"type":"A","date":"2018-03-21T07:26:45.000Z","volume":69000,"price":1.15,"category":"ubbull"},{"type":"A","date":"2018-03-21T07:26:40.000Z","volume":100000,"price":1.15,"category":"ubbull"},{"type":"A","date":"2018-03-21T07:24:34.000Z","volume":149000,"price":1.14,"category":"ubbull"},{"type":"A","date":"2018-03-21T07:20:44.000Z","volume":100000,"price":1.14,"category":"ubbull"},{"type":"A","date":"2018-03-21T07:17:53.000Z","volume":380000,"price":1.14,"category":"ubbull"},{"type":"A","date":"2018-03-21T07:17:36.000Z","volume":100000,"price":1.14,"category":"ubbull"},{"type":"A","date":"2018-03-21T03:29:59.000Z","volume":81000,"price":1.23,"category":"ubbull"},{"type":"A","date":"2018-03-21T03:07:58.000Z","volume":82000,"price":1.22,"category":"ubbull"},{"type":"A","date":"2018-03-21T07:58:20.000Z","volume":32000,"price":1.15,"category":"bbull"},{"type":"A","date":"2018-03-21T07:56:22.000Z","volume":22000,"price":1.14,"category":"bbull"},{"type":"A","date":"2018-03-21T07:50:35.000Z","volume":32000,"price":1.13,"category":"bbull"},{"type":"A","date":"2018-03-21T07:47:49.000Z","volume":32000,"price":1.15,"category":"bbull"},{"type":"A","date":"2018-03-21T07:32:23.000Z","volume":47000,"price":1.16,"category":"bbull"},{"type":"A","date":"2018-03-21T07:26:45.000Z","volume":50000,"price":1.15,"category":"bbull"},{"type":"A","date":"2018-03-21T07:26:42.000Z","volume":30000,"price":1.15,"category":"bbull"},{"type":"A","date":"2018-03-21T07:26:37.000Z","volume":50000,"price":1.15,"category":"bbull"},{"type":"A","date":"2018-03-21T07:23:11.000Z","volume":50000,"price":1.14,"category":"bbull"},{"type":"A","date":"2018-03-21T07:22:04.000Z","volume":44000,"price":1.15,"category":"bbull"},{"type":"A","date":"2018-03-21T07:20:13.000Z","volume":50000,"price":1.14,"category":"bbull"},{"type":"A","date":"2018-03-21T06:55:14.000Z","volume":26000,"price":1.18,"category":"bbull"},{"type":"A","date":"2018-03-21T06:06:00.000Z","volume":30000,"price":1.2,"category":"bbull"},{"type":"A","date":"2018-03-21T06:04:30.000Z","volume":45000,"price":1.2,"category":"bbull"},{"type":"A","date":"2018-03-21T05:16:41.000Z","volume":27000,"price":1.21,"category":"bbull"},{"type":"A","date":"2018-03-21T03:08:07.000Z","volume":21000,"price":1.23,"category":"bbull"},{"type":"A","date":"2018-03-21T07:53:57.000Z","volume":1000,"price":1.14,"category":"rbull"},{"type":"A","date":"2018-03-21T07:50:55.000Z","volume":2000,"price":1.13,"category":"rbull"},{"type":"A","date":"2018-03-21T07:40:56.000Z","volume":1000,"price":1.16,"category":"rbull"},{"type":"A","date":"2018-03-21T06:38:40.000Z","volume":2000,"price":1.19,"category":"rbull"},{"type":"A","date":"2018-03-21T06:25:24.000Z","volume":1000,"price":1.2,"category":"rbull"},{"type":"A","date":"2018-03-21T03:37:07.000Z","volume":2000,"price":1.23,"category":"rbull"},{"type":"A","date":"2018-03-21T03:07:58.000Z","volume":2000,"price":1.22,"category":"rbull"},{"type":"A","date":"2018-03-21T02:53:16.000Z","volume":1000,"price":1.23,"category":"rbull"},{"type":"B","date":"2018-03-21T07:58:31.000Z","volume":2000,"price":1.13,"category":"rbear"},{"type":"B","date":"2018-03-21T07:52:44.000Z","volume":2000,"price":1.13,"category":"rbear"},{"type":"B","date":"2018-03-21T07:42:51.000Z","volume":1000,"price":1.17,"category":"rbear"},{"type":"B","date":"2018-03-21T07:28:40.000Z","volume":2000,"price":1.15,"category":"rbear"},{"type":"B","date":"2018-03-21T07:22:04.000Z","volume":1000,"price":1.14,"category":"rbear"},{"type":"B","date":"2018-03-21T07:20:30.000Z","volume":2000,"price":1.13,"category":"rbear"},{"type":"B","date":"2018-03-21T06:40:16.000Z","volume":2000,"price":1.19,"category":"rbear"},{"type":"B","date":"2018-03-21T06:33:07.000Z","volume":1000,"price":1.19,"category":"rbear"},{"type":"B","date":"2018-03-21T06:31:17.000Z","volume":1000,"price":1.19,"category":"rbear"},{"type":"B","date":"2018-03-21T06:25:32.000Z","volume":1000,"price":1.19,"category":"rbear"},{"type":"B","date":"2018-03-21T06:22:49.000Z","volume":1000,"price":1.19,"category":"rbear"},{"type":"B","date":"2018-03-21T05:46:24.000Z","volume":1000,"price":1.21,"category":"rbear"},{"type":"B","date":"2018-03-21T05:24:20.000Z","volume":1000,"price":1.21,"category":"rbear"},{"type":"B","date":"2018-03-21T05:22:43.000Z","volume":1000,"price":1.21,"category":"rbear"},{"type":"B","date":"2018-03-21T05:05:19.000Z","volume":1000,"price":1.22,"category":"rbear"},{"type":"B","date":"2018-03-21T03:36:29.000Z","volume":1000,"price":1.22,"category":"rbear"},{"type":"B","date":"2018-03-21T02:50:58.000Z","volume":1000,"price":1.22,"category":"rbear"},{"type":"B","date":"2018-03-21T07:58:59.000Z","volume":34000,"price":1.13,"category":"bbear"},{"type":"B","date":"2018-03-21T07:56:37.000Z","volume":50000,"price":1.13,"category":"bbear"},{"type":"B","date":"2018-03-21T07:56:36.000Z","volume":35000,"price":1.15,"category":"bbear"},{"type":"B","date":"2018-03-21T07:54:12.000Z","volume":47000,"price":1.13,"category":"bbear"},{"type":"B","date":"2018-03-21T07:47:12.000Z","volume":41000,"price":1.16,"category":"bbear"},{"type":"B","date":"2018-03-21T07:13:29.000Z","volume":50000,"price":1.14,"category":"bbear"},{"type":"B","date":"2018-03-21T07:00:57.000Z","volume":50000,"price":1.17,"category":"bbear"},{"type":"B","date":"2018-03-21T07:00:41.000Z","volume":40000,"price":1.17,"category":"bbear"},{"type":"B","date":"2018-03-21T06:49:18.000Z","volume":50000,"price":1.19,"category":"bbear"},{"type":"B","date":"2018-03-21T06:42:25.000Z","volume":23000,"price":1.19,"category":"bbear"},{"type":"B","date":"2018-03-21T06:32:35.000Z","volume":30000,"price":1.19,"category":"bbear"},{"type":"B","date":"2018-03-21T06:30:55.000Z","volume":32000,"price":1.19,"category":"bbear"},{"type":"B","date":"2018-03-21T03:07:48.000Z","volume":33000,"price":1.21,"category":"bbear"},{"type":"B","date":"2018-03-21T02:43:58.000Z","volume":39000,"price":1.23,"category":"bbear"},{"type":"B","date":"2018-03-21T02:22:59.000Z","volume":24000,"price":1.23,"category":"bbear"},{"type":"B","date":"2018-03-21T07:58:59.000Z","volume":100000,"price":1.14,"category":"ubbear"},{"type":"B","date":"2018-03-21T07:50:21.000Z","volume":119000,"price":1.13,"category":"ubbear"},{"type":"B","date":"2018-03-21T07:47:12.000Z","volume":281000,"price":1.14,"category":"ubbear"},{"type":"B","date":"2018-03-21T07:47:12.000Z","volume":137000,"price":1.15,"category":"ubbear"},{"type":"B","date":"2018-03-21T07:19:57.000Z","volume":150000,"price":1.14,"category":"ubbear"},{"type":"B","date":"2018-03-21T07:13:00.000Z","volume":142000,"price":1.15,"category":"ubbear"},{"type":"B","date":"2018-03-21T07:11:20.000Z","volume":170000,"price":1.15,"category":"ubbear"},{"type":"B","date":"2018-03-21T07:06:32.000Z","volume":54000,"price":1.15,"category":"ubbear"},{"type":"B","date":"2018-03-21T07:03:37.000Z","volume":56000,"price":1.16,"category":"ubbear"},{"type":"B","date":"2018-03-21T07:00:57.000Z","volume":124000,"price":1.16,"category":"ubbear"},{"type":"B","date":"2018-03-21T06:55:06.000Z","volume":221000,"price":1.18,"category":"ubbear"},{"type":"B","date":"2018-03-21T06:04:30.000Z","volume":155000,"price":1.2,"category":"ubbear"},{"type":"B","date":"2018-03-21T05:16:41.000Z","volume":59000,"price":1.21,"category":"ubbear"},{"type":"B","date":"2018-03-21T03:07:48.000Z","volume":98000,"price":1.2,"category":"ubbear"},{"type":"B","date":"2018-03-21T03:07:48.000Z","volume":69000,"price":1.22,"category":"ubbear"}]