[{"type":"B","date":"2018-04-24T01:30:09.000Z","volume":5000,"label":" ","price":4.57},{"type":"B","date":"2018-04-24T01:30:09.000Z","volume":15000,"label":" ","price":4.56},{"type":"A","date":"2018-04-24T01:30:12.000Z","volume":4000,"label":" ","price":4.58},{"type":"A","date":"2018-04-24T01:30:12.000Z","volume":1500,"label":" ","price":4.58},{"type":"B","date":"2018-04-24T01:30:16.000Z","volume":500,"label":" ","price":4.57},{"type":"A","date":"2018-04-24T01:30:22.000Z","volume":2500,"label":" ","price":4.6},{"type":"B","date":"2018-04-24T01:30:25.000Z","volume":500,"label":" ","price":4.59},{"type":"A","date":"2018-04-24T01:31:08.000Z","volume":5000,"label":" ","price":4.6},{"type":"B","date":"2018-04-24T01:31:08.000Z","volume":12500,"label":" ","price":4.59},{"type":"A","date":"2018-04-24T01:31:10.000Z","volume":4000,"label":" ","price":4.57},{"type":"A","date":"2018-04-24T01:31:23.000Z","volume":13500,"label":" ","price":4.59},{"type":"A","date":"2018-04-24T01:31:26.000Z","volume":2000,"label":" ","price":4.57},{"type":"A","date":"2018-04-24T01:32:31.000Z","volume":5000,"label":" ","price":4.59},{"type":"B","date":"2018-04-24T01:32:35.000Z","volume":1000,"label":" ","price":4.58},{"type":"B","date":"2018-04-24T01:33:03.000Z","volume":5000,"label":" ","price":4.58},{"type":"B","date":"2018-04-24T01:33:05.000Z","volume":1000,"label":" ","price":4.58},{"type":"B","date":"2018-04-24T01:33:05.000Z","volume":1000,"label":" ","price":4.58},{"type":"B","date":"2018-04-24T01:34:16.000Z","volume":500,"label":" ","price":4.56},{"type":"B","date":"2018-04-24T01:34:33.000Z","volume":500,"label":" ","price":4.56},{"type":"A","date":"2018-04-24T01:34:44.000Z","volume":5000,"label":" ","price":4.59},{"type":"B","date":"2018-04-24T01:34:48.000Z","volume":1500,"label":" ","price":4.57},{"type":"A","date":"2018-04-24T01:35:06.000Z","volume":4000,"label":" ","price":4.59},{"type":"A","date":"2018-04-24T01:35:06.000Z","volume":1000,"label":" ","price":4.59},{"type":"B","date":"2018-04-24T01:35:10.000Z","volume":500,"label":" ","price":4.57},{"type":"A","date":"2018-04-24T01:37:38.000Z","volume":500,"label":" ","price":4.58},{"type":"A","date":"2018-04-24T01:37:53.000Z","volume":28000,"label":" ","price":4.58},{"type":"A","date":"2018-04-24T01:37:55.000Z","volume":1000,"label":" ","price":4.59},{"type":"B","date":"2018-04-24T01:37:56.000Z","volume":6000,"label":" ","price":4.58},{"type":"B","date":"2018-04-24T01:37:58.000Z","volume":500,"label":" ","price":4.58},{"type":"B","date":"2018-04-24T01:39:47.000Z","volume":2000,"label":" ","price":4.58},{"type":"B","date":"2018-04-24T01:40:40.000Z","volume":59500,"label":"Y","price":4.58},{"type":"B","date":"2018-04-24T01:40:40.000Z","volume":11000,"label":" ","price":4.58},{"type":"B","date":"2018-04-24T01:40:40.000Z","volume":3000,"label":" ","price":4.57},{"type":"B","date":"2018-04-24T01:40:41.000Z","volume":5000,"label":" ","price":4.56},{"type":"B","date":"2018-04-24T01:40:41.000Z","volume":19000,"label":" ","price":4.56},{"type":"A","date":"2018-04-24T01:40:42.000Z","volume":2000,"label":"Y","price":4.58},{"type":"B","date":"2018-04-24T01:40:43.000Z","volume":15500,"label":" ","price":4.55},{"type":"B","date":"2018-04-24T01:40:45.000Z","volume":5000,"label":" ","price":4.55},{"type":"B","date":"2018-04-24T01:40:46.000Z","volume":1500,"label":" ","price":4.55},{"type":"A","date":"2018-04-24T01:41:29.000Z","volume":5000,"label":" ","price":4.56},{"type":"B","date":"2018-04-24T01:41:31.000Z","volume":1000,"label":" ","price":4.55},{"type":"B","date":"2018-04-24T01:41:37.000Z","volume":7000,"label":" ","price":4.55},{"type":"B","date":"2018-04-24T01:41:41.000Z","volume":1000,"label":" ","price":4.54},{"type":"A","date":"2018-04-24T01:42:09.000Z","volume":2000,"label":" ","price":4.56},{"type":"A","date":"2018-04-24T01:42:10.000Z","volume":500,"label":" ","price":4.53},{"type":"A","date":"2018-04-24T01:42:27.000Z","volume":18000,"label":" ","price":4.55},{"type":"A","date":"2018-04-24T01:42:27.000Z","volume":2000,"label":" ","price":4.55},{"type":"B","date":"2018-04-24T01:42:31.000Z","volume":3000,"label":" ","price":4.52},{"type":"A","date":"2018-04-24T01:42:46.000Z","volume":5000,"label":" ","price":4.52},{"type":"U","date":"2018-04-24T01:42:48.000Z","volume":1000,"label":" ","price":4.51},{"type":"A","date":"2018-04-24T01:43:04.000Z","volume":10000,"label":" ","price":4.53},{"type":"B","date":"2018-04-24T01:43:08.000Z","volume":2000,"label":" ","price":4.5},{"type":"A","date":"2018-04-24T01:43:35.000Z","volume":20000,"label":" ","price":4.52},{"type":"U","date":"2018-04-24T01:43:37.000Z","volume":4000,"label":" ","price":4.51},{"type":"A","date":"2018-04-24T01:43:58.000Z","volume":17500,"label":" ","price":4.52},{"type":"A","date":"2018-04-24T01:43:58.000Z","volume":5500,"label":" ","price":4.53},{"type":"B","date":"2018-04-24T01:44:01.000Z","volume":2500,"label":" ","price":4.52},{"type":"A","date":"2018-04-24T01:44:01.000Z","volume":2500,"label":" ","price":4.53},{"type":"B","date":"2018-04-24T01:44:05.000Z","volume":3000,"label":" ","price":4.5},{"type":"B","date":"2018-04-24T01:44:08.000Z","volume":4000,"label":" ","price":4.49},{"type":"U","date":"2018-04-24T01:44:09.000Z","volume":2000,"label":" ","price":4.42},{"type":"U","date":"2018-04-24T01:44:15.000Z","volume":1500,"label":" ","price":4.48},{"type":"A","date":"2018-04-24T01:44:19.000Z","volume":5000,"label":" ","price":4.49},{"type":"A","date":"2018-04-24T01:44:46.000Z","volume":10000,"label":" ","price":4.53},{"type":"A","date":"2018-04-24T01:45:01.000Z","volume":4500,"label":" ","price":4.53},{"type":"A","date":"2018-04-24T01:45:01.000Z","volume":500,"label":" ","price":4.53},{"type":"A","date":"2018-04-24T01:45:19.000Z","volume":5000,"label":" ","price":4.54},{"type":"A","date":"2018-04-24T01:45:31.000Z","volume":4500,"label":" ","price":4.53},{"type":"A","date":"2018-04-24T01:45:31.000Z","volume":500,"label":" ","price":4.54},{"type":"A","date":"2018-04-24T01:45:48.000Z","volume":5000,"label":" ","price":4.54},{"type":"A","date":"2018-04-24T01:45:50.000Z","volume":1500,"label":" ","price":4.52},{"type":"A","date":"2018-04-24T01:46:20.000Z","volume":5000,"label":" ","price":4.54},{"type":"B","date":"2018-04-24T01:46:23.000Z","volume":1500,"label":" ","price":4.5},{"type":"A","date":"2018-04-24T01:46:25.000Z","volume":500,"label":" ","price":4.51},{"type":"A","date":"2018-04-24T01:46:34.000Z","volume":4500,"label":" ","price":4.53},{"type":"A","date":"2018-04-24T01:46:34.000Z","volume":500,"label":" ","price":4.53},{"type":"A","date":"2018-04-24T01:46:49.000Z","volume":5000,"label":" ","price":4.54},{"type":"A","date":"2018-04-24T01:46:52.000Z","volume":1500,"label":" ","price":4.51},{"type":"A","date":"2018-04-24T01:47:03.000Z","volume":5000,"label":" ","price":4.54},{"type":"U","date":"2018-04-24T01:47:05.000Z","volume":1500,"label":" ","price":4.52},{"type":"B","date":"2018-04-24T01:47:37.000Z","volume":1500,"label":" ","price":4.51},{"type":"B","date":"2018-04-24T01:47:39.000Z","volume":500,"label":" ","price":4.51},{"type":"A","date":"2018-04-24T01:48:16.000Z","volume":9500,"label":" ","price":4.52},{"type":"A","date":"2018-04-24T01:48:37.000Z","volume":1500,"label":" ","price":4.53},{"type":"B","date":"2018-04-24T01:48:40.000Z","volume":500,"label":" ","price":4.53},{"type":"A","date":"2018-04-24T01:48:58.000Z","volume":1000,"label":" ","price":4.53},{"type":"A","date":"2018-04-24T01:49:37.000Z","volume":6500,"label":" ","price":4.54},{"type":"A","date":"2018-04-24T01:49:37.000Z","volume":500,"label":" ","price":4.54},{"type":"A","date":"2018-04-24T01:49:53.000Z","volume":2000,"label":" ","price":4.55},{"type":"B","date":"2018-04-24T01:49:56.000Z","volume":500,"label":" ","price":4.52},{"type":"A","date":"2018-04-24T01:50:08.000Z","volume":1000,"label":" ","price":4.55},{"type":"A","date":"2018-04-24T01:50:21.000Z","volume":1000,"label":" ","price":4.55},{"type":"A","date":"2018-04-24T01:50:31.000Z","volume":1000,"label":" ","price":4.55},{"type":"A","date":"2018-04-24T01:51:27.000Z","volume":5000,"label":" ","price":4.55},{"type":"A","date":"2018-04-24T01:52:42.000Z","volume":6000,"label":" ","price":4.55},{"type":"U","date":"2018-04-24T01:52:44.000Z","volume":1000,"label":" ","price":4.53},{"type":"A","date":"2018-04-24T01:52:57.000Z","volume":5000,"label":" ","price":4.55},{"type":"A","date":"2018-04-24T01:53:05.000Z","volume":3500,"label":" ","price":4.55},{"type":"A","date":"2018-04-24T01:53:19.000Z","volume":2000,"label":" ","price":4.56},{"type":"A","date":"2018-04-24T01:54:58.000Z","volume":24500,"label":" ","price":4.55},{"type":"B","date":"2018-04-24T01:54:58.000Z","volume":5500,"label":" ","price":4.55},{"type":"A","date":"2018-04-24T01:55:00.000Z","volume":1000,"label":" ","price":4.54},{"type":"A","date":"2018-04-24T01:55:25.000Z","volume":1000,"label":" ","price":4.54},{"type":"A","date":"2018-04-24T01:55:25.000Z","volume":2500,"label":" ","price":4.55},{"type":"A","date":"2018-04-24T01:55:25.000Z","volume":500,"label":" ","price":4.56},{"type":"A","date":"2018-04-24T01:56:37.000Z","volume":2000,"label":" ","price":4.56},{"type":"U","date":"2018-04-24T01:56:39.000Z","volume":1000,"label":" ","price":4.54},{"type":"A","date":"2018-04-24T01:57:31.000Z","volume":1000,"label":" ","price":4.56},{"type":"A","date":"2018-04-24T01:57:57.000Z","volume":6500,"label":" ","price":4.56},{"type":"A","date":"2018-04-24T01:59:12.000Z","volume":1000,"label":" ","price":4.56},{"type":"A","date":"2018-04-24T01:59:53.000Z","volume":3000,"label":" ","price":4.56},{"type":"A","date":"2018-04-24T02:00:18.000Z","volume":14000,"label":" ","price":4.56},{"type":"A","date":"2018-04-24T02:00:18.000Z","volume":1000,"label":" ","price":4.57},{"type":"A","date":"2018-04-24T02:00:19.000Z","volume":13500,"label":" ","price":4.57},{"type":"B","date":"2018-04-24T02:00:22.000Z","volume":3000,"label":" ","price":4.57},{"type":"B","date":"2018-04-24T02:00:32.000Z","volume":12500,"label":" ","price":4.57},{"type":"B","date":"2018-04-24T02:00:34.000Z","volume":1000,"label":" ","price":4.56},{"type":"B","date":"2018-04-24T02:00:35.000Z","volume":1500,"label":" ","price":4.54},{"type":"A","date":"2018-04-24T02:00:36.000Z","volume":1500,"label":" ","price":4.55},{"type":"A","date":"2018-04-24T02:01:24.000Z","volume":5000,"label":" ","price":4.57},{"type":"U","date":"2018-04-24T02:01:26.000Z","volume":1500,"label":" ","price":4.56},{"type":"U","date":"2018-04-24T02:02:19.000Z","volume":2000,"label":" ","price":4.56},{"type":"B","date":"2018-04-24T02:02:30.000Z","volume":1000,"label":" ","price":4.54},{"type":"A","date":"2018-04-24T02:02:54.000Z","volume":1000,"label":" ","price":4.56},{"type":"B","date":"2018-04-24T02:05:36.000Z","volume":1000,"label":" ","price":4.53},{"type":"B","date":"2018-04-24T02:05:36.000Z","volume":5000,"label":" ","price":4.52},{"type":"B","date":"2018-04-24T02:05:36.000Z","volume":500,"label":" ","price":4.51},{"type":"B","date":"2018-04-24T02:05:38.000Z","volume":1000,"label":" ","price":4.5},{"type":"A","date":"2018-04-24T02:05:38.000Z","volume":500,"label":" ","price":4.51},{"type":"A","date":"2018-04-24T02:06:08.000Z","volume":10000,"label":" ","price":4.52},{"type":"A","date":"2018-04-24T02:06:08.000Z","volume":3000,"label":" ","price":4.52},{"type":"A","date":"2018-04-24T02:06:46.000Z","volume":20000,"label":" ","price":4.53},{"type":"A","date":"2018-04-24T02:06:46.000Z","volume":500,"label":" ","price":4.53},{"type":"B","date":"2018-04-24T02:06:49.000Z","volume":500,"label":" ","price":4.52},{"type":"A","date":"2018-04-24T02:07:13.000Z","volume":1500,"label":" ","price":4.54},{"type":"A","date":"2018-04-24T02:07:13.000Z","volume":500,"label":" ","price":4.54},{"type":"B","date":"2018-04-24T02:07:16.000Z","volume":500,"label":" ","price":4.52},{"type":"A","date":"2018-04-24T02:07:32.000Z","volume":7000,"label":" ","price":4.55},{"type":"B","date":"2018-04-24T02:07:35.000Z","volume":2500,"label":" ","price":4.52},{"type":"B","date":"2018-04-24T02:07:37.000Z","volume":8000,"label":" ","price":4.52},{"type":"B","date":"2018-04-24T02:07:40.000Z","volume":2500,"label":" ","price":4.52},{"type":"A","date":"2018-04-24T02:08:33.000Z","volume":8500,"label":" ","price":4.53},{"type":"B","date":"2018-04-24T02:08:33.000Z","volume":1500,"label":" ","price":4.53},{"type":"B","date":"2018-04-24T02:08:36.000Z","volume":3500,"label":" ","price":4.51},{"type":"A","date":"2018-04-24T02:08:58.000Z","volume":1000,"label":" ","price":4.52},{"type":"A","date":"2018-04-24T02:09:11.000Z","volume":5000,"label":" ","price":4.54},{"type":"B","date":"2018-04-24T02:09:14.000Z","volume":2000,"label":" ","price":4.51},{"type":"A","date":"2018-04-24T02:09:31.000Z","volume":500,"label":" ","price":4.52},{"type":"A","date":"2018-04-24T02:09:31.000Z","volume":500,"label":" ","price":4.53},{"type":"A","date":"2018-04-24T02:09:31.000Z","volume":6000,"label":" ","price":4.54},{"type":"A","date":"2018-04-24T02:09:31.000Z","volume":3000,"label":" ","price":4.55},{"type":"B","date":"2018-04-24T02:09:34.000Z","volume":3500,"label":" ","price":4.52},{"type":"A","date":"2018-04-24T02:09:55.000Z","volume":1000,"label":" ","price":4.53},{"type":"A","date":"2018-04-24T02:10:07.000Z","volume":1000,"label":" ","price":4.56},{"type":"B","date":"2018-04-24T02:10:11.000Z","volume":500,"label":" ","price":4.52},{"type":"A","date":"2018-04-24T02:10:31.000Z","volume":1000,"label":" ","price":4.53},{"type":"A","date":"2018-04-24T02:10:46.000Z","volume":1500,"label":" ","price":4.53},{"type":"A","date":"2018-04-24T02:10:46.000Z","volume":500,"label":" ","price":4.54},{"type":"A","date":"2018-04-24T02:10:46.000Z","volume":6500,"label":" ","price":4.55},{"type":"A","date":"2018-04-24T02:10:46.000Z","volume":1500,"label":" ","price":4.55},{"type":"B","date":"2018-04-24T02:10:49.000Z","volume":3000,"label":" ","price":4.52},{"type":"A","date":"2018-04-24T02:11:25.000Z","volume":500,"label":" ","price":4.53},{"type":"A","date":"2018-04-24T02:11:25.000Z","volume":9000,"label":" ","price":4.55},{"type":"B","date":"2018-04-24T02:11:25.000Z","volume":500,"label":" ","price":4.55},{"type":"B","date":"2018-04-24T02:11:28.000Z","volume":3500,"label":" ","price":4.52},{"type":"A","date":"2018-04-24T02:12:20.000Z","volume":5000,"label":" ","price":4.54},{"type":"B","date":"2018-04-24T02:12:23.000Z","volume":1500,"label":" ","price":4.52},{"type":"A","date":"2018-04-24T02:12:36.000Z","volume":5000,"label":" ","price":4.53},{"type":"A","date":"2018-04-24T02:13:02.000Z","volume":1000,"label":" ","price":4.55},{"type":"A","date":"2018-04-24T02:13:49.000Z","volume":7000,"label":" ","price":4.55},{"type":"B","date":"2018-04-24T02:26:42.000Z","volume":8000,"label":" ","price":4.52},{"type":"A","date":"2018-04-24T02:26:42.000Z","volume":2000,"label":" ","price":4.52},{"type":"A","date":"2018-04-24T02:31:21.000Z","volume":500,"label":" ","price":4.54},{"type":"A","date":"2018-04-24T02:31:23.000Z","volume":5000,"label":" ","price":4.54},{"type":"A","date":"2018-04-24T02:31:32.000Z","volume":5000,"label":" ","price":4.54},{"type":"A","date":"2018-04-24T02:31:46.000Z","volume":5000,"label":" ","price":4.54},{"type":"A","date":"2018-04-24T02:31:59.000Z","volume":5000,"label":" ","price":4.54},{"type":"A","date":"2018-04-24T02:32:00.000Z","volume":4000,"label":" ","price":4.54},{"type":"U","date":"2018-04-24T02:32:02.000Z","volume":500,"label":" ","price":4.53},{"type":"A","date":"2018-04-24T02:32:20.000Z","volume":10000,"label":" ","price":4.53},{"type":"A","date":"2018-04-24T02:32:20.000Z","volume":3500,"label":" ","price":4.53},{"type":"A","date":"2018-04-24T02:32:36.000Z","volume":10500,"label":" ","price":4.53},{"type":"A","date":"2018-04-24T02:32:36.000Z","volume":4500,"label":" ","price":4.53},{"type":"A","date":"2018-04-24T02:32:45.000Z","volume":3500,"label":" ","price":4.54},{"type":"B","date":"2018-04-24T02:32:45.000Z","volume":500,"label":" ","price":4.54},{"type":"A","date":"2018-04-24T02:33:08.000Z","volume":2000,"label":" ","price":4.55},{"type":"A","date":"2018-04-24T02:33:09.000Z","volume":1000,"label":" ","price":4.54},{"type":"A","date":"2018-04-24T02:33:17.000Z","volume":500,"label":" ","price":4.55},{"type":"A","date":"2018-04-24T02:33:29.000Z","volume":3500,"label":" ","price":4.55},{"type":"A","date":"2018-04-24T02:33:29.000Z","volume":500,"label":" ","price":4.56},{"type":"U","date":"2018-04-24T02:33:31.000Z","volume":1500,"label":" ","price":4.53},{"type":"A","date":"2018-04-24T02:34:02.000Z","volume":1000,"label":" ","price":4.54},{"type":"A","date":"2018-04-24T02:34:02.000Z","volume":1000,"label":" ","price":4.55},{"type":"A","date":"2018-04-24T02:34:22.000Z","volume":1000,"label":" ","price":4.56},{"type":"A","date":"2018-04-24T02:34:24.000Z","volume":500,"label":" ","price":4.54},{"type":"A","date":"2018-04-24T02:35:08.000Z","volume":500,"label":" ","price":4.56},{"type":"A","date":"2018-04-24T02:37:09.000Z","volume":3500,"label":" ","price":4.56},{"type":"A","date":"2018-04-24T02:37:11.000Z","volume":1500,"label":" ","price":4.54},{"type":"A","date":"2018-04-24T02:37:48.000Z","volume":2000,"label":" ","price":4.54},{"type":"B","date":"2018-04-24T02:38:34.000Z","volume":20000,"label":" ","price":4.53},{"type":"B","date":"2018-04-24T02:38:37.000Z","volume":6000,"label":" ","price":4.53},{"type":"B","date":"2018-04-24T02:38:37.000Z","volume":1500,"label":" ","price":4.53},{"type":"B","date":"2018-04-24T02:38:37.000Z","volume":2500,"label":" ","price":4.53},{"type":"B","date":"2018-04-24T02:38:39.000Z","volume":1500,"label":" ","price":4.52},{"type":"A","date":"2018-04-24T02:39:32.000Z","volume":500,"label":" ","price":4.53},{"type":"B","date":"2018-04-24T02:41:55.000Z","volume":16000,"label":" ","price":4.52},{"type":"B","date":"2018-04-24T02:41:55.000Z","volume":13000,"label":" ","price":4.52},{"type":"B","date":"2018-04-24T02:41:55.000Z","volume":500,"label":" ","price":4.52},{"type":"B","date":"2018-04-24T02:41:58.000Z","volume":4500,"label":" ","price":4.51},{"type":"B","date":"2018-04-24T02:41:58.000Z","volume":2000,"label":" ","price":4.51},{"type":"B","date":"2018-04-24T02:42:01.000Z","volume":1000,"label":" ","price":4.51},{"type":"B","date":"2018-04-24T02:42:01.000Z","volume":2000,"label":" ","price":4.51},{"type":"B","date":"2018-04-24T02:42:04.000Z","volume":500,"label":" ","price":4.51},{"type":"B","date":"2018-04-24T02:42:04.000Z","volume":2000,"label":" ","price":4.51},{"type":"B","date":"2018-04-24T02:42:04.000Z","volume":500,"label":" ","price":4.51},{"type":"B","date":"2018-04-24T02:42:07.000Z","volume":1000,"label":" ","price":4.5},{"type":"A","date":"2018-04-24T02:48:32.000Z","volume":3500,"label":" ","price":4.51},{"type":"B","date":"2018-04-24T02:48:35.000Z","volume":1000,"label":" ","price":4.5},{"type":"A","date":"2018-04-24T02:51:59.000Z","volume":36000,"label":" ","price":4.51},{"type":"A","date":"2018-04-24T02:52:16.000Z","volume":16500,"label":" ","price":4.52},{"type":"B","date":"2018-04-24T02:52:16.000Z","volume":3500,"label":" ","price":4.52},{"type":"A","date":"2018-04-24T02:52:18.000Z","volume":500,"label":" ","price":4.52},{"type":"A","date":"2018-04-24T03:04:34.000Z","volume":4000,"label":" ","price":4.53},{"type":"B","date":"2018-04-24T03:04:37.000Z","volume":1500,"label":" ","price":4.52},{"type":"A","date":"2018-04-24T03:05:23.000Z","volume":6500,"label":" ","price":4.53},{"type":"A","date":"2018-04-24T03:05:23.000Z","volume":22500,"label":" ","price":4.53},{"type":"A","date":"2018-04-24T03:05:56.000Z","volume":1500,"label":" ","price":4.54},{"type":"A","date":"2018-04-24T03:06:21.000Z","volume":26500,"label":" ","price":4.54},{"type":"U","date":"2018-04-24T03:06:23.000Z","volume":9000,"label":" ","price":4.53},{"type":"A","date":"2018-04-24T03:07:23.000Z","volume":13000,"label":" ","price":4.54},{"type":"A","date":"2018-04-24T03:07:23.000Z","volume":500,"label":"Y","price":4.55},{"type":"A","date":"2018-04-24T03:07:23.000Z","volume":500,"label":" ","price":4.55},{"type":"B","date":"2018-04-24T03:07:26.000Z","volume":4500,"label":" ","price":4.54},{"type":"A","date":"2018-04-24T03:08:14.000Z","volume":2000,"label":" ","price":4.55},{"type":"A","date":"2018-04-24T03:08:14.000Z","volume":3500,"label":" ","price":4.55},{"type":"B","date":"2018-04-24T03:08:17.000Z","volume":500,"label":" ","price":4.54},{"type":"A","date":"2018-04-24T03:08:24.000Z","volume":500,"label":" ","price":4.55},{"type":"A","date":"2018-04-24T03:08:30.000Z","volume":6000,"label":" ","price":4.55},{"type":"A","date":"2018-04-24T03:08:34.000Z","volume":4500,"label":" ","price":4.56},{"type":"B","date":"2018-04-24T03:08:36.000Z","volume":2000,"label":" ","price":4.55},{"type":"B","date":"2018-04-24T03:08:42.000Z","volume":8000,"label":" ","price":4.55},{"type":"B","date":"2018-04-24T03:08:44.000Z","volume":2500,"label":" ","price":4.55},{"type":"B","date":"2018-04-24T03:12:05.000Z","volume":12000,"label":" ","price":4.55},{"type":"B","date":"2018-04-24T03:12:05.000Z","volume":2500,"label":" ","price":4.55},{"type":"B","date":"2018-04-24T03:12:08.000Z","volume":5000,"label":" ","price":4.55},{"type":"B","date":"2018-04-24T03:12:08.000Z","volume":2000,"label":" ","price":4.55},{"type":"B","date":"2018-04-24T03:12:08.000Z","volume":9000,"label":" ","price":4.55},{"type":"B","date":"2018-04-24T03:12:11.000Z","volume":3500,"label":" ","price":4.54},{"type":"B","date":"2018-04-24T03:16:10.000Z","volume":500,"label":"Y","price":4.54},{"type":"B","date":"2018-04-24T03:17:13.000Z","volume":5000,"label":" ","price":4.54},{"type":"B","date":"2018-04-24T03:17:16.000Z","volume":500,"label":" ","price":4.54},{"type":"B","date":"2018-04-24T03:17:16.000Z","volume":1000,"label":" ","price":4.53},{"type":"A","date":"2018-04-24T03:18:30.000Z","volume":5000,"label":" ","price":4.54},{"type":"B","date":"2018-04-24T03:18:33.000Z","volume":2000,"label":" ","price":4.52},{"type":"A","date":"2018-04-24T03:19:19.000Z","volume":20000,"label":" ","price":4.53},{"type":"B","date":"2018-04-24T03:19:21.000Z","volume":1500,"label":" ","price":4.52},{"type":"A","date":"2018-04-24T03:19:52.000Z","volume":20000,"label":" ","price":4.53},{"type":"B","date":"2018-04-24T03:19:54.000Z","volume":500,"label":" ","price":4.52},{"type":"A","date":"2018-04-24T03:20:12.000Z","volume":9500,"label":" ","price":4.53},{"type":"A","date":"2018-04-24T03:20:32.000Z","volume":7000,"label":" ","price":4.54},{"type":"A","date":"2018-04-24T03:20:32.000Z","volume":1000,"label":" ","price":4.55},{"type":"B","date":"2018-04-24T03:21:06.000Z","volume":1500,"label":" ","price":4.53},{"type":"A","date":"2018-04-24T03:26:19.000Z","volume":34500,"label":" ","price":4.53},{"type":"B","date":"2018-04-24T03:26:20.000Z","volume":5500,"label":" ","price":4.53},{"type":"B","date":"2018-04-24T03:26:22.000Z","volume":1000,"label":" ","price":4.52},{"type":"B","date":"2018-04-24T03:26:23.000Z","volume":2000,"label":" ","price":4.52},{"type":"A","date":"2018-04-24T03:26:27.000Z","volume":1000,"label":" ","price":4.53},{"type":"A","date":"2018-04-24T03:26:56.000Z","volume":8500,"label":" ","price":4.53},{"type":"B","date":"2018-04-24T03:26:59.000Z","volume":500,"label":" ","price":4.53},{"type":"B","date":"2018-04-24T03:27:38.000Z","volume":1000,"label":"Y","price":4.53},{"type":"B","date":"2018-04-24T03:27:38.000Z","volume":4000,"label":" ","price":4.53},{"type":"B","date":"2018-04-24T03:27:41.000Z","volume":1500,"label":" ","price":4.52},{"type":"B","date":"2018-04-24T03:28:30.000Z","volume":19000,"label":" ","price":4.52},{"type":"B","date":"2018-04-24T03:28:33.000Z","volume":6500,"label":" ","price":4.51},{"type":"A","date":"2018-04-24T03:30:01.000Z","volume":500,"label":" ","price":4.52},{"type":"A","date":"2018-04-24T03:32:03.000Z","volume":3500,"label":" ","price":4.52},{"type":"A","date":"2018-04-24T03:32:03.000Z","volume":6500,"label":" ","price":4.52},{"type":"A","date":"2018-04-24T03:32:05.000Z","volume":7500,"label":" ","price":4.53},{"type":"B","date":"2018-04-24T03:32:08.000Z","volume":1500,"label":" ","price":4.51},{"type":"A","date":"2018-04-24T03:33:06.000Z","volume":3500,"label":" ","price":4.53},{"type":"B","date":"2018-04-24T03:33:09.000Z","volume":1000,"label":" ","price":4.51},{"type":"A","date":"2018-04-24T03:33:57.000Z","volume":1000,"label":" ","price":4.52},{"type":"B","date":"2018-04-24T03:34:30.000Z","volume":10000,"label":" ","price":4.51},{"type":"B","date":"2018-04-24T03:34:33.000Z","volume":3500,"label":" ","price":4.51},{"type":"A","date":"2018-04-24T03:35:05.000Z","volume":9500,"label":" ","price":4.52},{"type":"B","date":"2018-04-24T03:35:07.000Z","volume":2500,"label":" ","price":4.51},{"type":"A","date":"2018-04-24T03:36:01.000Z","volume":3000,"label":" ","price":4.52},{"type":"B","date":"2018-04-24T03:36:02.000Z","volume":1000,"label":" ","price":4.51},{"type":"A","date":"2018-04-24T03:36:03.000Z","volume":7500,"label":"Y","price":4.52},{"type":"A","date":"2018-04-24T03:36:03.000Z","volume":10000,"label":" ","price":4.52},{"type":"A","date":"2018-04-24T03:36:22.000Z","volume":8000,"label":" ","price":4.53},{"type":"A","date":"2018-04-24T03:50:35.000Z","volume":10000,"label":" ","price":4.54},{"type":"A","date":"2018-04-24T03:51:08.000Z","volume":5000,"label":" ","price":4.55},{"type":"A","date":"2018-04-24T03:54:19.000Z","volume":3500,"label":" ","price":4.55},{"type":"A","date":"2018-04-24T03:55:23.000Z","volume":3000,"label":" ","price":4.54},{"type":"A","date":"2018-04-24T03:55:52.000Z","volume":1500,"label":" ","price":4.54},{"type":"A","date":"2018-04-24T03:56:23.000Z","volume":3500,"label":" ","price":4.54},{"type":"B","date":"2018-04-24T03:57:30.000Z","volume":2000,"label":" ","price":4.53},{"type":"A","date":"2018-04-24T03:57:48.000Z","volume":3000,"label":" ","price":4.54},{"type":"A","date":"2018-04-24T03:58:23.000Z","volume":4000,"label":" ","price":4.54},{"type":"A","date":"2018-04-24T03:58:23.000Z","volume":2000,"label":" ","price":4.54},{"type":"A","date":"2018-04-24T03:59:13.000Z","volume":5000,"label":" ","price":4.55},{"type":"A","date":"2018-04-24T03:59:22.000Z","volume":1500,"label":" ","price":4.55},{"type":"A","date":"2018-04-24T03:59:22.000Z","volume":500,"label":" ","price":4.55},{"type":"A","date":"2018-04-24T03:59:31.000Z","volume":5000,"label":" ","price":4.55},{"type":"A","date":"2018-04-24T03:59:57.000Z","volume":5000,"label":" ","price":4.55},{"type":"A","date":"2018-04-24T05:00:04.000Z","volume":500,"label":" ","price":4.55},{"type":"A","date":"2018-04-24T05:04:04.000Z","volume":500,"label":" ","price":4.55},{"type":"B","date":"2018-04-24T05:08:37.000Z","volume":1000,"label":" ","price":4.54},{"type":"B","date":"2018-04-24T05:08:40.000Z","volume":500,"label":" ","price":4.54},{"type":"B","date":"2018-04-24T05:08:42.000Z","volume":9000,"label":" ","price":4.54},{"type":"B","date":"2018-04-24T05:08:45.000Z","volume":2500,"label":" ","price":4.53},{"type":"A","date":"2018-04-24T05:08:49.000Z","volume":3500,"label":" ","price":4.54},{"type":"A","date":"2018-04-24T05:08:50.000Z","volume":500,"label":" ","price":4.54},{"type":"B","date":"2018-04-24T05:08:52.000Z","volume":1500,"label":" ","price":4.53},{"type":"A","date":"2018-04-24T05:11:37.000Z","volume":500,"label":" ","price":4.54},{"type":"A","date":"2018-04-24T05:13:08.000Z","volume":3500,"label":" ","price":4.54},{"type":"B","date":"2018-04-24T05:13:11.000Z","volume":1000,"label":" ","price":4.53},{"type":"A","date":"2018-04-24T05:13:14.000Z","volume":5000,"label":" ","price":4.54},{"type":"B","date":"2018-04-24T05:13:17.000Z","volume":1500,"label":" ","price":4.53},{"type":"B","date":"2018-04-24T05:14:03.000Z","volume":1000,"label":" ","price":4.53},{"type":"B","date":"2018-04-24T05:18:31.000Z","volume":137500,"label":"Y","price":4.53},{"type":"B","date":"2018-04-24T05:18:31.000Z","volume":12500,"label":" ","price":4.53},{"type":"B","date":"2018-04-24T05:18:31.000Z","volume":1500,"label":" ","price":4.53},{"type":"B","date":"2018-04-24T05:18:33.000Z","volume":1500,"label":" ","price":4.52},{"type":"B","date":"2018-04-24T05:18:34.000Z","volume":14000,"label":" ","price":4.5},{"type":"B","date":"2018-04-24T05:18:34.000Z","volume":3000,"label":" ","price":4.49},{"type":"B","date":"2018-04-24T05:18:37.000Z","volume":14000,"label":" ","price":4.48},{"type":"A","date":"2018-04-24T05:18:37.000Z","volume":24500,"label":" ","price":4.49},{"type":"B","date":"2018-04-24T05:23:07.000Z","volume":500,"label":" ","price":4.5},{"type":"A","date":"2018-04-24T05:28:45.000Z","volume":100000,"label":" ","price":4.52},{"type":"B","date":"2018-04-24T05:28:48.000Z","volume":14000,"label":" ","price":4.5},{"type":"B","date":"2018-04-24T05:28:51.000Z","volume":1000,"label":" ","price":4.49},{"type":"A","date":"2018-04-24T05:29:23.000Z","volume":17500,"label":" ","price":4.5},{"type":"A","date":"2018-04-24T05:29:23.000Z","volume":32000,"label":" ","price":4.5},{"type":"B","date":"2018-04-24T05:29:24.000Z","volume":33500,"label":" ","price":4.49},{"type":"B","date":"2018-04-24T05:29:25.000Z","volume":10500,"label":" ","price":4.48},{"type":"B","date":"2018-04-24T05:29:26.000Z","volume":1500,"label":" ","price":4.47},{"type":"A","date":"2018-04-24T05:29:26.000Z","volume":8000,"label":" ","price":4.47},{"type":"A","date":"2018-04-24T05:29:27.000Z","volume":2500,"label":" ","price":4.47},{"type":"B","date":"2018-04-24T05:29:29.000Z","volume":1000,"label":" ","price":4.46},{"type":"A","date":"2018-04-24T05:29:44.000Z","volume":39000,"label":" ","price":4.47},{"type":"A","date":"2018-04-24T05:29:44.000Z","volume":1000,"label":" ","price":4.48},{"type":"A","date":"2018-04-24T05:29:44.000Z","volume":60000,"label":" ","price":4.49},{"type":"U","date":"2018-04-24T05:29:46.000Z","volume":16500,"label":" ","price":4.48},{"type":"B","date":"2018-04-24T05:29:48.000Z","volume":1000,"label":" ","price":4.47},{"type":"A","date":"2018-04-24T05:30:08.000Z","volume":9500,"label":" ","price":4.48},{"type":"A","date":"2018-04-24T05:30:22.000Z","volume":10000,"label":" ","price":4.49},{"type":"B","date":"2018-04-24T05:30:25.000Z","volume":3000,"label":" ","price":4.47},{"type":"A","date":"2018-04-24T05:30:25.000Z","volume":1000,"label":" ","price":4.48},{"type":"A","date":"2018-04-24T05:30:31.000Z","volume":45000,"label":" ","price":4.49},{"type":"B","date":"2018-04-24T05:30:34.000Z","volume":7500,"label":" ","price":4.49},{"type":"B","date":"2018-04-24T05:30:34.000Z","volume":5000,"label":" ","price":4.49},{"type":"B","date":"2018-04-24T05:30:37.000Z","volume":1000,"label":" ","price":4.48},{"type":"B","date":"2018-04-24T05:32:05.000Z","volume":4000,"label":" ","price":4.48},{"type":"B","date":"2018-04-24T05:32:05.000Z","volume":1000,"label":" ","price":4.48},{"type":"B","date":"2018-04-24T05:32:07.000Z","volume":1500,"label":" ","price":4.47},{"type":"A","date":"2018-04-24T05:32:21.000Z","volume":17000,"label":" ","price":4.48},{"type":"B","date":"2018-04-24T05:32:24.000Z","volume":4500,"label":" ","price":4.48},{"type":"A","date":"2018-04-24T05:32:46.000Z","volume":43000,"label":" ","price":4.49},{"type":"A","date":"2018-04-24T05:32:46.000Z","volume":7000,"label":" ","price":4.5},{"type":"B","date":"2018-04-24T05:32:49.000Z","volume":2000,"label":" ","price":4.48},{"type":"A","date":"2018-04-24T05:33:08.000Z","volume":500,"label":" ","price":4.49},{"type":"A","date":"2018-04-24T05:33:08.000Z","volume":11000,"label":" ","price":4.49},{"type":"A","date":"2018-04-24T05:33:08.000Z","volume":39000,"label":" ","price":4.5},{"type":"B","date":"2018-04-24T05:33:11.000Z","volume":6500,"label":" ","price":4.48},{"type":"B","date":"2018-04-24T05:34:03.000Z","volume":49000,"label":" ","price":4.46},{"type":"B","date":"2018-04-24T05:34:03.000Z","volume":51000,"label":" ","price":4.45},{"type":"B","date":"2018-04-24T05:34:06.000Z","volume":2500,"label":" ","price":4.45},{"type":"A","date":"2018-04-24T05:34:08.000Z","volume":2000,"label":" ","price":4.46},{"type":"A","date":"2018-04-24T05:34:08.000Z","volume":6500,"label":" ","price":4.46},{"type":"A","date":"2018-04-24T05:34:42.000Z","volume":500,"label":" ","price":4.47},{"type":"A","date":"2018-04-24T05:34:51.000Z","volume":7000,"label":" ","price":4.47},{"type":"B","date":"2018-04-24T05:35:45.000Z","volume":50000,"label":" ","price":4.47},{"type":"B","date":"2018-04-24T05:36:10.000Z","volume":41000,"label":" ","price":4.47},{"type":"A","date":"2018-04-24T05:36:26.000Z","volume":16000,"label":" ","price":4.47},{"type":"A","date":"2018-04-24T05:36:41.000Z","volume":14500,"label":" ","price":4.48},{"type":"A","date":"2018-04-24T05:36:57.000Z","volume":5000,"label":" ","price":4.49},{"type":"A","date":"2018-04-24T05:37:18.000Z","volume":12500,"label":" ","price":4.49},{"type":"A","date":"2018-04-24T05:37:18.000Z","volume":17500,"label":" ","price":4.5},{"type":"A","date":"2018-04-24T05:41:52.000Z","volume":500,"label":" ","price":4.5},{"type":"A","date":"2018-04-24T05:42:00.000Z","volume":46500,"label":" ","price":4.5},{"type":"B","date":"2018-04-24T05:44:09.000Z","volume":3500,"label":"Y","price":4.5},{"type":"B","date":"2018-04-24T05:44:09.000Z","volume":6500,"label":" ","price":4.5},{"type":"B","date":"2018-04-24T05:49:49.000Z","volume":500,"label":"Y","price":4.5},{"type":"A","date":"2018-04-24T05:51:46.000Z","volume":1000,"label":" ","price":4.51},{"type":"A","date":"2018-04-24T05:55:07.000Z","volume":5000,"label":" ","price":4.51},{"type":"A","date":"2018-04-24T05:55:22.000Z","volume":5000,"label":" ","price":4.51},{"type":"B","date":"2018-04-24T06:01:16.000Z","volume":500,"label":"Y","price":4.5},{"type":"A","date":"2018-04-24T06:01:49.000Z","volume":500,"label":" ","price":4.51},{"type":"A","date":"2018-04-24T06:02:14.000Z","volume":1000,"label":" ","price":4.51},{"type":"A","date":"2018-04-24T06:05:54.000Z","volume":500,"label":"Y","price":4.51},{"type":"A","date":"2018-04-24T06:06:14.000Z","volume":500,"label":" ","price":4.51},{"type":"A","date":"2018-04-24T06:06:18.000Z","volume":3000,"label":" ","price":4.51},{"type":"A","date":"2018-04-24T06:07:09.000Z","volume":1000,"label":" ","price":4.51},{"type":"A","date":"2018-04-24T06:12:48.000Z","volume":500,"label":" ","price":4.51},{"type":"A","date":"2018-04-24T06:12:48.000Z","volume":2500,"label":" ","price":4.51},{"type":"A","date":"2018-04-24T06:18:18.000Z","volume":3000,"label":" ","price":4.51},{"type":"A","date":"2018-04-24T06:18:22.000Z","volume":500,"label":" ","price":4.51},{"type":"A","date":"2018-04-24T06:20:53.000Z","volume":500,"label":" ","price":4.51},{"type":"A","date":"2018-04-24T06:21:45.000Z","volume":4000,"label":"Y","price":4.51},{"type":"A","date":"2018-04-24T06:21:45.000Z","volume":12500,"label":" ","price":4.51},{"type":"A","date":"2018-04-24T06:21:50.000Z","volume":500,"label":" ","price":4.51},{"type":"A","date":"2018-04-24T06:25:18.000Z","volume":2500,"label":" ","price":4.51},{"type":"A","date":"2018-04-24T06:27:53.000Z","volume":500,"label":" ","price":4.51},{"type":"B","date":"2018-04-24T06:28:18.000Z","volume":500,"label":"Y","price":4.5},{"type":"A","date":"2018-04-24T06:29:15.000Z","volume":2000,"label":"Y","price":4.51},{"type":"A","date":"2018-04-24T06:29:15.000Z","volume":3000,"label":" ","price":4.51},{"type":"A","date":"2018-04-24T06:29:15.000Z","volume":4000,"label":" ","price":4.51},{"type":"A","date":"2018-04-24T06:31:46.000Z","volume":500,"label":" ","price":4.51},{"type":"A","date":"2018-04-24T06:31:49.000Z","volume":2500,"label":" ","price":4.51},{"type":"A","date":"2018-04-24T06:34:03.000Z","volume":26500,"label":" ","price":4.51},{"type":"A","date":"2018-04-24T06:34:03.000Z","volume":1500,"label":" ","price":4.52},{"type":"B","date":"2018-04-24T06:34:03.000Z","volume":2500,"label":" ","price":4.52},{"type":"A","date":"2018-04-24T06:34:20.000Z","volume":500,"label":" ","price":4.53},{"type":"A","date":"2018-04-24T06:34:23.000Z","volume":500,"label":" ","price":4.53},{"type":"B","date":"2018-04-24T06:35:25.000Z","volume":4500,"label":" ","price":4.52},{"type":"A","date":"2018-04-24T06:37:09.000Z","volume":2500,"label":" ","price":4.53},{"type":"B","date":"2018-04-24T06:39:01.000Z","volume":15000,"label":" ","price":4.52},{"type":"A","date":"2018-04-24T06:39:51.000Z","volume":500,"label":"Y","price":4.52},{"type":"B","date":"2018-04-24T06:44:15.000Z","volume":8000,"label":" ","price":4.51},{"type":"B","date":"2018-04-24T06:44:15.000Z","volume":3500,"label":" ","price":4.5},{"type":"B","date":"2018-04-24T06:50:49.000Z","volume":500,"label":" ","price":4.48},{"type":"A","date":"2018-04-24T06:54:30.000Z","volume":20000,"label":" ","price":4.5},{"type":"A","date":"2018-04-24T06:55:25.000Z","volume":500,"label":" ","price":4.5},{"type":"A","date":"2018-04-24T06:57:37.000Z","volume":3000,"label":" ","price":4.5},{"type":"A","date":"2018-04-24T07:00:37.000Z","volume":20000,"label":" ","price":4.5},{"type":"A","date":"2018-04-24T07:00:53.000Z","volume":20000,"label":" ","price":4.5},{"type":"B","date":"2018-04-24T07:01:19.000Z","volume":500,"label":" ","price":4.48},{"type":"A","date":"2018-04-24T07:05:32.000Z","volume":3000,"label":" ","price":4.5},{"type":"A","date":"2018-04-24T07:05:33.000Z","volume":500,"label":" ","price":4.5},{"type":"A","date":"2018-04-24T07:07:31.000Z","volume":500,"label":" ","price":4.5},{"type":"A","date":"2018-04-24T07:08:07.000Z","volume":20000,"label":" ","price":4.5},{"type":"A","date":"2018-04-24T07:11:50.000Z","volume":2000,"label":" ","price":4.5},{"type":"A","date":"2018-04-24T07:13:17.000Z","volume":500,"label":" ","price":4.5},{"type":"A","date":"2018-04-24T07:14:19.000Z","volume":1000,"label":" ","price":4.5},{"type":"A","date":"2018-04-24T07:15:19.000Z","volume":500,"label":" ","price":4.5},{"type":"A","date":"2018-04-24T07:17:18.000Z","volume":500,"label":" ","price":4.5},{"type":"A","date":"2018-04-24T07:17:18.000Z","volume":500,"label":"Y","price":4.5},{"type":"A","date":"2018-04-24T07:17:18.000Z","volume":54000,"label":" ","price":4.5},{"type":"A","date":"2018-04-24T07:18:20.000Z","volume":2500,"label":" ","price":4.51},{"type":"A","date":"2018-04-24T07:22:07.000Z","volume":4500,"label":" ","price":4.51},{"type":"A","date":"2018-04-24T07:22:09.000Z","volume":500,"label":" ","price":4.51},{"type":"A","date":"2018-04-24T07:22:43.000Z","volume":5000,"label":" ","price":4.51},{"type":"A","date":"2018-04-24T07:22:46.000Z","volume":1000,"label":" ","price":4.51},{"type":"A","date":"2018-04-24T07:23:04.000Z","volume":2000,"label":" ","price":4.51},{"type":"A","date":"2018-04-24T07:24:50.000Z","volume":2500,"label":"Y","price":4.51},{"type":"A","date":"2018-04-24T07:27:52.000Z","volume":500,"label":"Y","price":4.51},{"type":"A","date":"2018-04-24T07:28:08.000Z","volume":500,"label":" ","price":4.51},{"type":"B","date":"2018-04-24T07:28:17.000Z","volume":19500,"label":" ","price":4.5},{"type":"B","date":"2018-04-24T07:28:17.000Z","volume":1500,"label":" ","price":4.5},{"type":"B","date":"2018-04-24T07:28:21.000Z","volume":500,"label":" ","price":4.49},{"type":"B","date":"2018-04-24T07:29:21.000Z","volume":500,"label":" ","price":4.49},{"type":"A","date":"2018-04-24T07:34:32.000Z","volume":1000,"label":" ","price":4.51},{"type":"A","date":"2018-04-24T07:34:52.000Z","volume":30500,"label":" ","price":4.51},{"type":"A","date":"2018-04-24T07:34:52.000Z","volume":9000,"label":" ","price":4.52},{"type":"B","date":"2018-04-24T07:34:52.000Z","volume":500,"label":" ","price":4.52},{"type":"A","date":"2018-04-24T07:35:30.000Z","volume":1000,"label":" ","price":4.53},{"type":"A","date":"2018-04-24T07:39:56.000Z","volume":14000,"label":" ","price":4.51},{"type":"A","date":"2018-04-24T07:40:00.000Z","volume":500,"label":" ","price":4.51},{"type":"A","date":"2018-04-24T07:42:03.000Z","volume":500,"label":" ","price":4.51},{"type":"A","date":"2018-04-24T07:43:22.000Z","volume":500,"label":" ","price":4.51},{"type":"A","date":"2018-04-24T07:45:39.000Z","volume":500,"label":" ","price":4.51},{"type":"A","date":"2018-04-24T07:45:49.000Z","volume":1500,"label":" ","price":4.51},{"type":"A","date":"2018-04-24T07:46:51.000Z","volume":1000,"label":" ","price":4.51},{"type":"A","date":"2018-04-24T07:47:06.000Z","volume":20000,"label":" ","price":4.51},{"type":"A","date":"2018-04-24T07:47:51.000Z","volume":1000,"label":" ","price":4.51},{"type":"A","date":"2018-04-24T07:48:04.000Z","volume":2000,"label":" ","price":4.51},{"type":"A","date":"2018-04-24T07:49:01.000Z","volume":20000,"label":" ","price":4.51},{"type":"A","date":"2018-04-24T07:49:23.000Z","volume":7500,"label":" ","price":4.51},{"type":"A","date":"2018-04-24T07:49:23.000Z","volume":2500,"label":" ","price":4.52},{"type":"A","date":"2018-04-24T07:49:43.000Z","volume":5000,"label":" ","price":4.52},{"type":"A","date":"2018-04-24T07:50:56.000Z","volume":8000,"label":" ","price":4.52},{"type":"B","date":"2018-04-24T07:50:56.000Z","volume":2000,"label":" ","price":4.52},{"type":"A","date":"2018-04-24T07:51:16.000Z","volume":6500,"label":" ","price":4.52},{"type":"A","date":"2018-04-24T07:51:16.000Z","volume":3500,"label":" ","price":4.53},{"type":"A","date":"2018-04-24T07:51:30.000Z","volume":500,"label":" ","price":4.53},{"type":"B","date":"2018-04-24T07:51:35.000Z","volume":4000,"label":" ","price":4.52},{"type":"B","date":"2018-04-24T07:51:36.000Z","volume":11500,"label":" ","price":4.51},{"type":"A","date":"2018-04-24T07:52:00.000Z","volume":47000,"label":" ","price":4.52},{"type":"A","date":"2018-04-24T07:52:00.000Z","volume":3000,"label":" ","price":4.53},{"type":"A","date":"2018-04-24T07:52:52.000Z","volume":20000,"label":" ","price":4.52},{"type":"A","date":"2018-04-24T07:52:55.000Z","volume":6000,"label":" ","price":4.52},{"type":"A","date":"2018-04-24T07:53:44.000Z","volume":30000,"label":" ","price":4.52},{"type":"A","date":"2018-04-24T07:54:04.000Z","volume":10500,"label":" ","price":4.52},{"type":"A","date":"2018-04-24T07:54:13.000Z","volume":6500,"label":" ","price":4.52},{"type":"A","date":"2018-04-24T07:54:13.000Z","volume":11500,"label":" ","price":4.53},{"type":"A","date":"2018-04-24T07:54:13.000Z","volume":2000,"label":" ","price":4.53},{"type":"A","date":"2018-04-24T07:54:52.000Z","volume":13000,"label":" ","price":4.53},{"type":"A","date":"2018-04-24T07:54:52.000Z","volume":7000,"label":" ","price":4.54},{"type":"A","date":"2018-04-24T07:55:02.000Z","volume":58500,"label":" ","price":4.53},{"type":"A","date":"2018-04-24T07:55:02.000Z","volume":3000,"label":" ","price":4.53},{"type":"A","date":"2018-04-24T07:55:15.000Z","volume":13000,"label":" ","price":4.54},{"type":"A","date":"2018-04-24T07:55:20.000Z","volume":20000,"label":" ","price":4.54},{"type":"A","date":"2018-04-24T07:55:38.000Z","volume":20000,"label":" ","price":4.54},{"type":"A","date":"2018-04-24T07:55:41.000Z","volume":13000,"label":" ","price":4.54},{"type":"A","date":"2018-04-24T07:55:56.000Z","volume":500,"label":" ","price":4.54},{"type":"A","date":"2018-04-24T07:55:56.000Z","volume":20000,"label":" ","price":4.54},{"type":"A","date":"2018-04-24T07:56:03.000Z","volume":33000,"label":" ","price":4.54},{"type":"A","date":"2018-04-24T07:56:07.000Z","volume":20000,"label":" ","price":4.54},{"type":"A","date":"2018-04-24T07:56:07.000Z","volume":17500,"label":" ","price":4.54},{"type":"A","date":"2018-04-24T07:56:19.000Z","volume":14500,"label":" ","price":4.55},{"type":"A","date":"2018-04-24T07:56:23.000Z","volume":5000,"label":" ","price":4.55},{"type":"A","date":"2018-04-24T07:56:42.000Z","volume":5000,"label":" ","price":4.55},{"type":"A","date":"2018-04-24T07:56:42.000Z","volume":14500,"label":" ","price":4.55},{"type":"A","date":"2018-04-24T07:56:43.000Z","volume":6000,"label":" ","price":4.55},{"type":"B","date":"2018-04-24T07:56:45.000Z","volume":3500,"label":" ","price":4.55},{"type":"B","date":"2018-04-24T07:56:47.000Z","volume":500,"label":" ","price":4.55},{"type":"A","date":"2018-04-24T07:57:01.000Z","volume":5000,"label":" ","price":4.56},{"type":"A","date":"2018-04-24T07:57:09.000Z","volume":5500,"label":" ","price":4.56},{"type":"A","date":"2018-04-24T07:57:15.000Z","volume":5000,"label":" ","price":4.56},{"type":"A","date":"2018-04-24T07:57:17.000Z","volume":13000,"label":" ","price":4.56},{"type":"B","date":"2018-04-24T07:57:42.000Z","volume":18000,"label":" ","price":4.55},{"type":"B","date":"2018-04-24T07:57:42.000Z","volume":2000,"label":" ","price":4.54},{"type":"A","date":"2018-04-24T07:58:16.000Z","volume":10000,"label":" ","price":4.54},{"type":"A","date":"2018-04-24T07:58:40.000Z","volume":7500,"label":" ","price":4.54},{"type":"A","date":"2018-04-24T07:58:41.000Z","volume":2000,"label":" ","price":4.54},{"type":"A","date":"2018-04-24T07:58:56.000Z","volume":20000,"label":" ","price":4.54},{"type":"A","date":"2018-04-24T07:58:59.000Z","volume":6000,"label":" ","price":4.54},{"type":"A","date":"2018-04-24T07:59:03.000Z","volume":1000,"label":" ","price":4.54},{"type":"A","date":"2018-04-24T07:59:07.000Z","volume":8500,"label":" ","price":4.54},{"type":"B","date":"2018-04-24T07:59:16.000Z","volume":182000,"label":"Y","price":4.53},{"type":"B","date":"2018-04-24T07:59:17.000Z","volume":10000,"label":" ","price":4.53},{"type":"A","date":"2018-04-24T07:59:18.000Z","volume":50000,"label":" ","price":4.54},{"type":"A","date":"2018-04-24T07:59:21.000Z","volume":4500,"label":" ","price":4.54},{"type":"B","date":"2018-04-24T07:59:23.000Z","volume":500,"label":" ","price":4.53},{"type":"A","date":"2018-04-24T07:59:26.000Z","volume":500,"label":" ","price":4.54},{"type":"A","date":"2018-04-24T07:59:29.000Z","volume":16000,"label":" ","price":4.54},{"type":"A","date":"2018-04-24T07:59:32.000Z","volume":500,"label":" ","price":4.54},{"type":"A","date":"2018-04-24T07:59:34.000Z","volume":22500,"label":" ","price":4.54},{"type":"A","date":"2018-04-24T07:59:34.000Z","volume":82000,"label":" ","price":4.55},{"type":"A","date":"2018-04-24T07:59:39.000Z","volume":4500,"label":" ","price":4.55},{"type":"A","date":"2018-04-24T07:59:39.000Z","volume":500,"label":" ","price":4.56},{"type":"A","date":"2018-04-24T07:59:44.000Z","volume":21500,"label":" ","price":4.56},{"type":"A","date":"2018-04-24T07:59:48.000Z","volume":500,"label":" ","price":4.56},{"type":"A","date":"2018-04-24T07:59:49.000Z","volume":6000,"label":" ","price":4.56},{"type":"A","date":"2018-04-24T07:59:54.000Z","volume":1000,"label":" ","price":4.56},{"type":"A","date":"2018-04-24T07:59:57.000Z","volume":500,"label":" ","price":4.56},{"type":"U","date":"2018-04-24T08:08:02.000Z","volume":111500,"label":"U","price":4.57}]