[{"type":"U","date":"2018-05-04T01:20:00.000Z","volume":5000,"label":"U","price":6.41},{"type":"A","date":"2018-05-04T01:30:27.000Z","volume":1000,"label":" ","price":6.5},{"type":"B","date":"2018-05-04T01:31:23.000Z","volume":3000,"label":"Y","price":6.45},{"type":"B","date":"2018-05-04T01:31:23.000Z","volume":2000,"label":" ","price":6.45},{"type":"A","date":"2018-05-04T01:32:02.000Z","volume":1000,"label":" ","price":6.5},{"type":"A","date":"2018-05-04T01:34:10.000Z","volume":17000,"label":" ","price":6.5},{"type":"A","date":"2018-05-04T01:34:11.000Z","volume":2000,"label":" ","price":6.5},{"type":"A","date":"2018-05-04T01:34:11.000Z","volume":5000,"label":" ","price":6.5},{"type":"A","date":"2018-05-04T01:34:55.000Z","volume":46000,"label":" ","price":6.52},{"type":"A","date":"2018-05-04T01:35:11.000Z","volume":4000,"label":" ","price":6.52},{"type":"B","date":"2018-05-04T01:35:16.000Z","volume":12000,"label":" ","price":6.48},{"type":"A","date":"2018-05-04T01:35:29.000Z","volume":31000,"label":" ","price":6.52},{"type":"B","date":"2018-05-04T01:35:40.000Z","volume":5000,"label":" ","price":6.48},{"type":"B","date":"2018-05-04T01:35:47.000Z","volume":18000,"label":" ","price":6.48},{"type":"A","date":"2018-05-04T01:35:56.000Z","volume":13000,"label":" ","price":6.51},{"type":"B","date":"2018-05-04T01:36:13.000Z","volume":9000,"label":" ","price":6.47},{"type":"A","date":"2018-05-04T01:36:17.000Z","volume":48000,"label":" ","price":6.51},{"type":"A","date":"2018-05-04T01:36:17.000Z","volume":2000,"label":" ","price":6.51},{"type":"A","date":"2018-05-04T01:36:45.000Z","volume":10000,"label":" ","price":6.52},{"type":"A","date":"2018-05-04T01:37:03.000Z","volume":3000,"label":" ","price":6.52},{"type":"U","date":"2018-05-04T01:37:37.000Z","volume":4000,"label":" ","price":6.5},{"type":"U","date":"2018-05-04T01:37:41.000Z","volume":6000,"label":" ","price":6.51},{"type":"A","date":"2018-05-04T01:37:41.000Z","volume":1000,"label":" ","price":6.52},{"type":"A","date":"2018-05-04T01:37:41.000Z","volume":14000,"label":"Y","price":6.53},{"type":"B","date":"2018-05-04T01:37:46.000Z","volume":1000,"label":" ","price":6.51},{"type":"B","date":"2018-05-04T01:38:06.000Z","volume":1000,"label":" ","price":6.52},{"type":"B","date":"2018-05-04T01:38:13.000Z","volume":14000,"label":" ","price":6.51},{"type":"A","date":"2018-05-04T01:40:07.000Z","volume":3000,"label":" ","price":6.53},{"type":"A","date":"2018-05-04T01:40:43.000Z","volume":5000,"label":"Y","price":6.53},{"type":"A","date":"2018-05-04T01:40:43.000Z","volume":15000,"label":" ","price":6.53},{"type":"A","date":"2018-05-04T01:40:58.000Z","volume":12000,"label":" ","price":6.52},{"type":"A","date":"2018-05-04T01:41:17.000Z","volume":21000,"label":" ","price":6.52},{"type":"A","date":"2018-05-04T01:41:17.000Z","volume":29000,"label":" ","price":6.53},{"type":"A","date":"2018-05-04T01:41:19.000Z","volume":19000,"label":" ","price":6.52},{"type":"A","date":"2018-05-04T01:41:19.000Z","volume":1000,"label":" ","price":6.52},{"type":"A","date":"2018-05-04T01:43:06.000Z","volume":6000,"label":" ","price":6.52},{"type":"A","date":"2018-05-04T01:43:46.000Z","volume":6000,"label":" ","price":6.52},{"type":"B","date":"2018-05-04T01:44:12.000Z","volume":3000,"label":" ","price":6.51},{"type":"B","date":"2018-05-04T01:44:12.000Z","volume":2000,"label":" ","price":6.51},{"type":"B","date":"2018-05-04T01:44:12.000Z","volume":1000,"label":" ","price":6.51},{"type":"B","date":"2018-05-04T01:44:16.000Z","volume":1000,"label":" ","price":6.51},{"type":"A","date":"2018-05-04T01:44:29.000Z","volume":20000,"label":" ","price":6.51},{"type":"B","date":"2018-05-04T01:44:46.000Z","volume":20000,"label":" ","price":6.5},{"type":"B","date":"2018-05-04T01:44:46.000Z","volume":5000,"label":" ","price":6.5},{"type":"B","date":"2018-05-04T01:44:46.000Z","volume":14000,"label":" ","price":6.5},{"type":"B","date":"2018-05-04T01:44:47.000Z","volume":13000,"label":" ","price":6.5},{"type":"B","date":"2018-05-04T01:44:47.000Z","volume":1000,"label":" ","price":6.5},{"type":"B","date":"2018-05-04T01:44:51.000Z","volume":1000,"label":" ","price":6.49},{"type":"U","date":"2018-05-04T01:44:51.000Z","volume":6000,"label":"X","price":6.5},{"type":"B","date":"2018-05-04T01:44:59.000Z","volume":2000,"label":" ","price":6.49},{"type":"B","date":"2018-05-04T01:44:59.000Z","volume":3000,"label":" ","price":6.49},{"type":"B","date":"2018-05-04T01:45:00.000Z","volume":2000,"label":" ","price":6.49},{"type":"U","date":"2018-05-04T01:45:04.000Z","volume":4000,"label":"X","price":6.49},{"type":"U","date":"2018-05-04T01:45:04.000Z","volume":2000,"label":"X","price":6.49},{"type":"B","date":"2018-05-04T01:45:10.000Z","volume":2000,"label":" ","price":6.49},{"type":"B","date":"2018-05-04T01:45:10.000Z","volume":6000,"label":" ","price":6.48},{"type":"B","date":"2018-05-04T01:45:11.000Z","volume":6000,"label":" ","price":6.48},{"type":"B","date":"2018-05-04T01:45:11.000Z","volume":1000,"label":" ","price":6.48},{"type":"B","date":"2018-05-04T01:45:15.000Z","volume":2000,"label":" ","price":6.48},{"type":"B","date":"2018-05-04T01:45:26.000Z","volume":1000,"label":" ","price":6.46},{"type":"U","date":"2018-05-04T01:45:41.000Z","volume":1000,"label":"X","price":6.46},{"type":"B","date":"2018-05-04T01:46:01.000Z","volume":1000,"label":" ","price":6.46},{"type":"U","date":"2018-05-04T01:46:20.000Z","volume":4000,"label":"X","price":6.46},{"type":"B","date":"2018-05-04T01:46:35.000Z","volume":1000,"label":" ","price":6.46},{"type":"B","date":"2018-05-04T01:46:38.000Z","volume":3000,"label":" ","price":6.46},{"type":"A","date":"2018-05-04T01:46:41.000Z","volume":2000,"label":" ","price":6.49},{"type":"U","date":"2018-05-04T01:46:43.000Z","volume":1000,"label":"X","price":6.46},{"type":"U","date":"2018-05-04T01:47:11.000Z","volume":6000,"label":"X","price":6.46},{"type":"U","date":"2018-05-04T01:47:18.000Z","volume":6000,"label":"X","price":6.46},{"type":"U","date":"2018-05-04T01:47:42.000Z","volume":1000,"label":"X","price":6.46},{"type":"A","date":"2018-05-04T01:47:55.000Z","volume":3000,"label":" ","price":6.49},{"type":"B","date":"2018-05-04T01:48:18.000Z","volume":3000,"label":" ","price":6.47},{"type":"B","date":"2018-05-04T01:48:20.000Z","volume":17000,"label":" ","price":6.46},{"type":"U","date":"2018-05-04T01:48:20.000Z","volume":1000,"label":"X","price":6.46},{"type":"B","date":"2018-05-04T01:48:35.000Z","volume":3000,"label":" ","price":6.46},{"type":"B","date":"2018-05-04T01:48:44.000Z","volume":3000,"label":" ","price":6.46},{"type":"B","date":"2018-05-04T01:48:47.000Z","volume":4000,"label":" ","price":6.45},{"type":"B","date":"2018-05-04T01:48:50.000Z","volume":10000,"label":" ","price":6.45},{"type":"B","date":"2018-05-04T01:48:53.000Z","volume":2000,"label":" ","price":6.45},{"type":"B","date":"2018-05-04T01:48:54.000Z","volume":8000,"label":" ","price":6.44},{"type":"U","date":"2018-05-04T01:48:58.000Z","volume":2000,"label":"X","price":6.44},{"type":"B","date":"2018-05-04T01:48:58.000Z","volume":2000,"label":" ","price":6.44},{"type":"B","date":"2018-05-04T01:49:32.000Z","volume":2000,"label":"Y","price":6.42},{"type":"B","date":"2018-05-04T01:49:32.000Z","volume":42000,"label":" ","price":6.42},{"type":"A","date":"2018-05-04T01:49:36.000Z","volume":3000,"label":" ","price":6.44},{"type":"B","date":"2018-05-04T01:49:47.000Z","volume":11000,"label":" ","price":6.42},{"type":"B","date":"2018-05-04T01:49:56.000Z","volume":3000,"label":" ","price":6.41},{"type":"U","date":"2018-05-04T01:49:56.000Z","volume":2000,"label":"X","price":6.41},{"type":"B","date":"2018-05-04T01:50:01.000Z","volume":20000,"label":" ","price":6.41},{"type":"B","date":"2018-05-04T01:51:35.000Z","volume":1000,"label":" ","price":6.42},{"type":"B","date":"2018-05-04T01:51:37.000Z","volume":4000,"label":" ","price":6.42},{"type":"B","date":"2018-05-04T01:51:37.000Z","volume":37000,"label":" ","price":6.41},{"type":"A","date":"2018-05-04T01:51:43.000Z","volume":7000,"label":" ","price":6.42},{"type":"A","date":"2018-05-04T01:52:09.000Z","volume":2000,"label":" ","price":6.42},{"type":"U","date":"2018-05-04T01:52:23.000Z","volume":5000,"label":"X","price":6.4},{"type":"A","date":"2018-05-04T01:52:55.000Z","volume":7000,"label":" ","price":6.42},{"type":"B","date":"2018-05-04T01:53:03.000Z","volume":16000,"label":" ","price":6.4},{"type":"B","date":"2018-05-04T01:53:10.000Z","volume":2000,"label":" ","price":6.4},{"type":"B","date":"2018-05-04T01:53:12.000Z","volume":1000,"label":" ","price":6.4},{"type":"U","date":"2018-05-04T01:53:47.000Z","volume":1000,"label":"X","price":6.4},{"type":"B","date":"2018-05-04T01:53:54.000Z","volume":1000,"label":" ","price":6.4},{"type":"A","date":"2018-05-04T01:53:57.000Z","volume":20000,"label":" ","price":6.4},{"type":"B","date":"2018-05-04T01:54:32.000Z","volume":10000,"label":"Y","price":6.39},{"type":"B","date":"2018-05-04T01:54:32.000Z","volume":8000,"label":" ","price":6.39},{"type":"B","date":"2018-05-04T01:54:40.000Z","volume":29000,"label":" ","price":6.39},{"type":"U","date":"2018-05-04T01:54:43.000Z","volume":12000,"label":" ","price":6.39},{"type":"B","date":"2018-05-04T01:55:02.000Z","volume":10000,"label":" ","price":6.39},{"type":"B","date":"2018-05-04T01:55:03.000Z","volume":4000,"label":" ","price":6.39},{"type":"B","date":"2018-05-04T01:55:15.000Z","volume":2000,"label":" ","price":6.39},{"type":"B","date":"2018-05-04T01:55:17.000Z","volume":5000,"label":" ","price":6.39},{"type":"U","date":"2018-05-04T01:55:17.000Z","volume":1000,"label":"X","price":6.39},{"type":"B","date":"2018-05-04T01:55:19.000Z","volume":8000,"label":" ","price":6.39},{"type":"B","date":"2018-05-04T01:55:19.000Z","volume":6000,"label":" ","price":6.39},{"type":"B","date":"2018-05-04T01:55:36.000Z","volume":2000,"label":" ","price":6.39},{"type":"B","date":"2018-05-04T01:56:00.000Z","volume":1000,"label":" ","price":6.39},{"type":"B","date":"2018-05-04T01:56:29.000Z","volume":4000,"label":" ","price":6.39},{"type":"B","date":"2018-05-04T01:56:33.000Z","volume":4000,"label":" ","price":6.39},{"type":"B","date":"2018-05-04T01:56:45.000Z","volume":2000,"label":" ","price":6.39},{"type":"B","date":"2018-05-04T01:57:00.000Z","volume":2000,"label":" ","price":6.39},{"type":"B","date":"2018-05-04T01:58:21.000Z","volume":10000,"label":" ","price":6.39},{"type":"B","date":"2018-05-04T01:58:30.000Z","volume":2000,"label":" ","price":6.39},{"type":"B","date":"2018-05-04T01:58:45.000Z","volume":2000,"label":" ","price":6.39},{"type":"B","date":"2018-05-04T01:58:48.000Z","volume":8000,"label":" ","price":6.39},{"type":"A","date":"2018-05-04T01:59:14.000Z","volume":50000,"label":" ","price":6.39},{"type":"A","date":"2018-05-04T01:59:17.000Z","volume":3000,"label":" ","price":6.39},{"type":"A","date":"2018-05-04T01:59:51.000Z","volume":8000,"label":" ","price":6.39},{"type":"B","date":"2018-05-04T01:59:55.000Z","volume":4000,"label":" ","price":6.39},{"type":"B","date":"2018-05-04T02:00:01.000Z","volume":1000,"label":" ","price":6.39},{"type":"U","date":"2018-05-04T02:00:25.000Z","volume":4000,"label":" ","price":6.39},{"type":"B","date":"2018-05-04T02:00:29.000Z","volume":2000,"label":" ","price":6.39},{"type":"B","date":"2018-05-04T02:00:34.000Z","volume":1000,"label":" ","price":6.39},{"type":"A","date":"2018-05-04T02:00:39.000Z","volume":5000,"label":" ","price":6.4},{"type":"A","date":"2018-05-04T02:00:42.000Z","volume":10000,"label":" ","price":6.4},{"type":"A","date":"2018-05-04T02:00:43.000Z","volume":2000,"label":" ","price":6.4},{"type":"A","date":"2018-05-04T02:01:30.000Z","volume":12000,"label":" ","price":6.41},{"type":"A","date":"2018-05-04T02:01:35.000Z","volume":1000,"label":" ","price":6.42},{"type":"A","date":"2018-05-04T02:02:07.000Z","volume":3000,"label":" ","price":6.42},{"type":"B","date":"2018-05-04T02:02:07.000Z","volume":4000,"label":" ","price":6.42},{"type":"B","date":"2018-05-04T02:03:08.000Z","volume":52000,"label":" ","price":6.42},{"type":"B","date":"2018-05-04T02:03:22.000Z","volume":1000,"label":" ","price":6.42},{"type":"B","date":"2018-05-04T02:06:39.000Z","volume":2000,"label":" ","price":6.42},{"type":"B","date":"2018-05-04T02:06:40.000Z","volume":10000,"label":" ","price":6.41},{"type":"A","date":"2018-05-04T02:06:43.000Z","volume":43000,"label":" ","price":6.42},{"type":"A","date":"2018-05-04T02:06:43.000Z","volume":5000,"label":" ","price":6.43},{"type":"A","date":"2018-05-04T02:06:43.000Z","volume":15000,"label":" ","price":6.45},{"type":"U","date":"2018-05-04T02:06:44.000Z","volume":1000,"label":"X","price":6.45},{"type":"B","date":"2018-05-04T02:06:45.000Z","volume":2000,"label":" ","price":6.45},{"type":"B","date":"2018-05-04T02:06:50.000Z","volume":1000,"label":" ","price":6.45},{"type":"B","date":"2018-05-04T02:07:42.000Z","volume":1000,"label":" ","price":6.41},{"type":"U","date":"2018-05-04T02:08:44.000Z","volume":1000,"label":"X","price":6.41},{"type":"U","date":"2018-05-04T02:09:40.000Z","volume":1000,"label":"X","price":6.41},{"type":"B","date":"2018-05-04T02:09:48.000Z","volume":10000,"label":" ","price":6.42},{"type":"A","date":"2018-05-04T02:10:15.000Z","volume":1000,"label":" ","price":6.43},{"type":"B","date":"2018-05-04T02:10:18.000Z","volume":1000,"label":" ","price":6.41},{"type":"B","date":"2018-05-04T02:10:53.000Z","volume":1000,"label":" ","price":6.41},{"type":"U","date":"2018-05-04T02:11:26.000Z","volume":1000,"label":"X","price":6.41},{"type":"U","date":"2018-05-04T02:11:59.000Z","volume":1000,"label":"X","price":6.41},{"type":"B","date":"2018-05-04T02:12:05.000Z","volume":10000,"label":" ","price":6.41},{"type":"B","date":"2018-05-04T02:12:30.000Z","volume":2000,"label":" ","price":6.41},{"type":"B","date":"2018-05-04T02:12:30.000Z","volume":8000,"label":" ","price":6.4},{"type":"B","date":"2018-05-04T02:13:23.000Z","volume":1000,"label":"Y","price":6.4},{"type":"B","date":"2018-05-04T02:13:23.000Z","volume":29000,"label":" ","price":6.4},{"type":"B","date":"2018-05-04T02:13:46.000Z","volume":12000,"label":" ","price":6.4},{"type":"B","date":"2018-05-04T02:13:46.000Z","volume":14000,"label":" ","price":6.4},{"type":"B","date":"2018-05-04T02:15:24.000Z","volume":1000,"label":" ","price":6.4},{"type":"B","date":"2018-05-04T02:17:09.000Z","volume":3000,"label":" ","price":6.41},{"type":"U","date":"2018-05-04T02:17:12.000Z","volume":1000,"label":"X","price":6.41},{"type":"B","date":"2018-05-04T02:17:12.000Z","volume":1000,"label":" ","price":6.41},{"type":"U","date":"2018-05-04T02:17:43.000Z","volume":1000,"label":"X","price":6.41},{"type":"U","date":"2018-05-04T02:18:17.000Z","volume":1000,"label":"X","price":6.41},{"type":"U","date":"2018-05-04T02:18:47.000Z","volume":1000,"label":"X","price":6.41},{"type":"B","date":"2018-05-04T02:19:18.000Z","volume":1000,"label":" ","price":6.41},{"type":"B","date":"2018-05-04T02:19:33.000Z","volume":24000,"label":" ","price":6.4},{"type":"B","date":"2018-05-04T02:19:43.000Z","volume":1000,"label":" ","price":6.4},{"type":"U","date":"2018-05-04T02:19:48.000Z","volume":1000,"label":"X","price":6.4},{"type":"B","date":"2018-05-04T02:19:49.000Z","volume":9000,"label":" ","price":6.4},{"type":"B","date":"2018-05-04T02:19:55.000Z","volume":2000,"label":" ","price":6.4},{"type":"U","date":"2018-05-04T02:20:19.000Z","volume":1000,"label":"X","price":6.4},{"type":"A","date":"2018-05-04T02:20:25.000Z","volume":2000,"label":" ","price":6.41},{"type":"B","date":"2018-05-04T02:20:32.000Z","volume":9000,"label":" ","price":6.4},{"type":"B","date":"2018-05-04T02:20:37.000Z","volume":2000,"label":" ","price":6.4},{"type":"U","date":"2018-05-04T02:20:52.000Z","volume":1000,"label":"X","price":6.4},{"type":"B","date":"2018-05-04T02:21:14.000Z","volume":2000,"label":" ","price":6.4},{"type":"B","date":"2018-05-04T02:21:15.000Z","volume":1000,"label":" ","price":6.4},{"type":"B","date":"2018-05-04T02:21:17.000Z","volume":1000,"label":" ","price":6.39},{"type":"B","date":"2018-05-04T02:21:18.000Z","volume":19000,"label":" ","price":6.39},{"type":"B","date":"2018-05-04T02:21:23.000Z","volume":1000,"label":" ","price":6.39},{"type":"B","date":"2018-05-04T02:21:55.000Z","volume":1000,"label":" ","price":6.39},{"type":"U","date":"2018-05-04T02:21:59.000Z","volume":3000,"label":"X","price":6.39},{"type":"B","date":"2018-05-04T02:22:02.000Z","volume":8000,"label":" ","price":6.39},{"type":"B","date":"2018-05-04T02:22:22.000Z","volume":2000,"label":" ","price":6.39},{"type":"B","date":"2018-05-04T02:22:29.000Z","volume":11000,"label":" ","price":6.39},{"type":"B","date":"2018-05-04T02:22:42.000Z","volume":2000,"label":" ","price":6.39},{"type":"B","date":"2018-05-04T02:23:03.000Z","volume":2000,"label":" ","price":6.39},{"type":"B","date":"2018-05-04T02:23:25.000Z","volume":2000,"label":" ","price":6.39},{"type":"A","date":"2018-05-04T02:23:42.000Z","volume":1000,"label":" ","price":6.4},{"type":"B","date":"2018-05-04T02:23:46.000Z","volume":2000,"label":" ","price":6.39},{"type":"B","date":"2018-05-04T02:24:07.000Z","volume":2000,"label":" ","price":6.39},{"type":"B","date":"2018-05-04T02:24:28.000Z","volume":2000,"label":" ","price":6.39},{"type":"A","date":"2018-05-04T02:24:43.000Z","volume":57000,"label":" ","price":6.4},{"type":"U","date":"2018-05-04T02:24:44.000Z","volume":2000,"label":"X","price":6.41},{"type":"U","date":"2018-05-04T02:24:44.000Z","volume":2000,"label":"X","price":6.41},{"type":"U","date":"2018-05-04T02:24:44.000Z","volume":2000,"label":"X","price":6.41},{"type":"U","date":"2018-05-04T02:24:44.000Z","volume":1000,"label":"X","price":6.41},{"type":"U","date":"2018-05-04T02:24:44.000Z","volume":1000,"label":"X","price":6.41},{"type":"U","date":"2018-05-04T02:24:44.000Z","volume":1000,"label":"X","price":6.41},{"type":"U","date":"2018-05-04T02:24:44.000Z","volume":1000,"label":"X","price":6.41},{"type":"U","date":"2018-05-04T02:24:44.000Z","volume":1000,"label":"X","price":6.41},{"type":"U","date":"2018-05-04T02:24:44.000Z","volume":1000,"label":"X","price":6.41},{"type":"U","date":"2018-05-04T02:24:44.000Z","volume":1000,"label":"X","price":6.41},{"type":"U","date":"2018-05-04T02:24:44.000Z","volume":1000,"label":"X","price":6.41},{"type":"A","date":"2018-05-04T02:24:44.000Z","volume":5000,"label":"Y","price":6.41},{"type":"A","date":"2018-05-04T02:24:44.000Z","volume":1000,"label":" ","price":6.41},{"type":"A","date":"2018-05-04T02:24:44.000Z","volume":4000,"label":" ","price":6.41},{"type":"U","date":"2018-05-04T02:24:44.000Z","volume":1000,"label":"X","price":6.41},{"type":"A","date":"2018-05-04T02:25:12.000Z","volume":19000,"label":" ","price":6.42},{"type":"B","date":"2018-05-04T02:25:48.000Z","volume":9000,"label":" ","price":6.41},{"type":"B","date":"2018-05-04T02:25:48.000Z","volume":21000,"label":" ","price":6.41},{"type":"B","date":"2018-05-04T02:26:33.000Z","volume":2000,"label":" ","price":6.42},{"type":"B","date":"2018-05-04T02:26:36.000Z","volume":2000,"label":"Y","price":6.42},{"type":"B","date":"2018-05-04T02:26:57.000Z","volume":10000,"label":"Y","price":6.41},{"type":"B","date":"2018-05-04T02:26:57.000Z","volume":70000,"label":" ","price":6.41},{"type":"B","date":"2018-05-04T02:26:58.000Z","volume":5000,"label":" ","price":6.41},{"type":"B","date":"2018-05-04T02:27:23.000Z","volume":3000,"label":" ","price":6.4},{"type":"B","date":"2018-05-04T02:27:30.000Z","volume":3000,"label":" ","price":6.4},{"type":"B","date":"2018-05-04T02:27:44.000Z","volume":16000,"label":" ","price":6.4},{"type":"U","date":"2018-05-04T02:27:49.000Z","volume":4,"label":"D","price":6.461},{"type":"B","date":"2018-05-04T02:28:26.000Z","volume":1000,"label":" ","price":6.4},{"type":"A","date":"2018-05-04T02:29:06.000Z","volume":27000,"label":" ","price":6.41},{"type":"A","date":"2018-05-04T02:29:06.000Z","volume":10000,"label":" ","price":6.42},{"type":"B","date":"2018-05-04T02:29:37.000Z","volume":18000,"label":" ","price":6.41},{"type":"B","date":"2018-05-04T02:29:38.000Z","volume":5000,"label":" ","price":6.42},{"type":"B","date":"2018-05-04T02:30:08.000Z","volume":1000,"label":"Y","price":6.4},{"type":"B","date":"2018-05-04T02:30:08.000Z","volume":9000,"label":" ","price":6.4},{"type":"B","date":"2018-05-04T02:30:24.000Z","volume":1000,"label":" ","price":6.4},{"type":"B","date":"2018-05-04T02:31:20.000Z","volume":46000,"label":" ","price":6.4},{"type":"B","date":"2018-05-04T02:31:29.000Z","volume":1000,"label":" ","price":6.39},{"type":"B","date":"2018-05-04T02:31:57.000Z","volume":1000,"label":" ","price":6.39},{"type":"B","date":"2018-05-04T02:32:32.000Z","volume":40000,"label":" ","price":6.39},{"type":"B","date":"2018-05-04T02:32:47.000Z","volume":1000,"label":" ","price":6.39},{"type":"B","date":"2018-05-04T02:35:40.000Z","volume":4000,"label":" ","price":6.39},{"type":"B","date":"2018-05-04T02:35:40.000Z","volume":2000,"label":" ","price":6.39},{"type":"A","date":"2018-05-04T02:35:48.000Z","volume":50000,"label":" ","price":6.39},{"type":"A","date":"2018-05-04T02:35:48.000Z","volume":3000,"label":" ","price":6.39},{"type":"A","date":"2018-05-04T02:35:49.000Z","volume":3000,"label":" ","price":6.39},{"type":"A","date":"2018-05-04T02:36:13.000Z","volume":20000,"label":" ","price":6.39},{"type":"B","date":"2018-05-04T02:36:19.000Z","volume":74000,"label":" ","price":6.38},{"type":"B","date":"2018-05-04T02:36:19.000Z","volume":5000,"label":" ","price":6.38},{"type":"A","date":"2018-05-04T02:36:30.000Z","volume":10000,"label":" ","price":6.39},{"type":"A","date":"2018-05-04T02:36:31.000Z","volume":9000,"label":" ","price":6.39},{"type":"B","date":"2018-05-04T02:36:51.000Z","volume":2000,"label":" ","price":6.38},{"type":"A","date":"2018-05-04T02:36:57.000Z","volume":17000,"label":" ","price":6.39},{"type":"B","date":"2018-05-04T02:37:59.000Z","volume":12000,"label":" ","price":6.39},{"type":"B","date":"2018-05-04T02:37:59.000Z","volume":1000,"label":" ","price":6.37},{"type":"B","date":"2018-05-04T02:38:42.000Z","volume":2000,"label":" ","price":6.38},{"type":"B","date":"2018-05-04T02:39:20.000Z","volume":1000,"label":" ","price":6.38},{"type":"B","date":"2018-05-04T02:40:11.000Z","volume":2000,"label":" ","price":6.38},{"type":"U","date":"2018-05-04T02:40:14.000Z","volume":1000,"label":"X","price":6.38},{"type":"B","date":"2018-05-04T02:40:51.000Z","volume":2000,"label":" ","price":6.38},{"type":"B","date":"2018-05-04T02:41:01.000Z","volume":10000,"label":" ","price":6.38},{"type":"A","date":"2018-05-04T02:43:24.000Z","volume":10000,"label":" ","price":6.39},{"type":"A","date":"2018-05-04T02:45:43.000Z","volume":3000,"label":" ","price":6.39},{"type":"A","date":"2018-05-04T02:46:07.000Z","volume":1000,"label":" ","price":6.39},{"type":"A","date":"2018-05-04T02:46:24.000Z","volume":50000,"label":" ","price":6.39},{"type":"A","date":"2018-05-04T02:46:42.000Z","volume":10000,"label":" ","price":6.39},{"type":"A","date":"2018-05-04T02:47:40.000Z","volume":1000,"label":" ","price":6.39},{"type":"A","date":"2018-05-04T02:47:40.000Z","volume":4000,"label":" ","price":6.39},{"type":"A","date":"2018-05-04T02:48:00.000Z","volume":4000,"label":" ","price":6.39},{"type":"B","date":"2018-05-04T02:48:01.000Z","volume":58000,"label":" ","price":6.38},{"type":"B","date":"2018-05-04T02:48:01.000Z","volume":28000,"label":" ","price":6.38},{"type":"B","date":"2018-05-04T02:48:01.000Z","volume":4000,"label":" ","price":6.38},{"type":"B","date":"2018-05-04T02:49:40.000Z","volume":4000,"label":" ","price":6.38},{"type":"B","date":"2018-05-04T02:50:19.000Z","volume":1000,"label":" ","price":6.38},{"type":"U","date":"2018-05-04T02:51:06.000Z","volume":1000,"label":"X","price":6.38},{"type":"B","date":"2018-05-04T02:51:07.000Z","volume":4000,"label":" ","price":6.38},{"type":"B","date":"2018-05-04T02:51:07.000Z","volume":3000,"label":" ","price":6.38},{"type":"B","date":"2018-05-04T02:51:10.000Z","volume":4000,"label":" ","price":6.38},{"type":"B","date":"2018-05-04T02:51:12.000Z","volume":2000,"label":" ","price":6.38},{"type":"B","date":"2018-05-04T02:51:20.000Z","volume":33000,"label":" ","price":6.37},{"type":"B","date":"2018-05-04T02:51:44.000Z","volume":4000,"label":" ","price":6.36},{"type":"B","date":"2018-05-04T02:51:45.000Z","volume":10000,"label":" ","price":6.36},{"type":"A","date":"2018-05-04T02:51:46.000Z","volume":15000,"label":" ","price":6.37},{"type":"U","date":"2018-05-04T02:51:49.000Z","volume":1000,"label":"X","price":6.36},{"type":"B","date":"2018-05-04T02:51:50.000Z","volume":4000,"label":" ","price":6.36},{"type":"A","date":"2018-05-04T02:52:16.000Z","volume":3000,"label":" ","price":6.36},{"type":"A","date":"2018-05-04T02:53:14.000Z","volume":5000,"label":" ","price":6.36},{"type":"A","date":"2018-05-04T02:53:41.000Z","volume":31000,"label":" ","price":6.36},{"type":"A","date":"2018-05-04T02:53:49.000Z","volume":4000,"label":" ","price":6.37},{"type":"A","date":"2018-05-04T02:54:16.000Z","volume":10000,"label":" ","price":6.37},{"type":"A","date":"2018-05-04T02:55:34.000Z","volume":4000,"label":"Y","price":6.37},{"type":"A","date":"2018-05-04T02:55:34.000Z","volume":2000,"label":" ","price":6.37},{"type":"A","date":"2018-05-04T02:56:21.000Z","volume":13000,"label":" ","price":6.37},{"type":"A","date":"2018-05-04T02:58:11.000Z","volume":10000,"label":" ","price":6.37},{"type":"B","date":"2018-05-04T02:58:15.000Z","volume":18000,"label":" ","price":6.36},{"type":"B","date":"2018-05-04T02:58:15.000Z","volume":6000,"label":" ","price":6.36},{"type":"B","date":"2018-05-04T02:58:56.000Z","volume":14000,"label":" ","price":6.36},{"type":"B","date":"2018-05-04T02:59:21.000Z","volume":57000,"label":" ","price":6.36},{"type":"B","date":"2018-05-04T02:59:21.000Z","volume":1000,"label":" ","price":6.36},{"type":"B","date":"2018-05-04T02:59:46.000Z","volume":11000,"label":" ","price":6.35},{"type":"A","date":"2018-05-04T03:00:26.000Z","volume":40000,"label":" ","price":6.36},{"type":"B","date":"2018-05-04T03:00:27.000Z","volume":6000,"label":" ","price":6.36},{"type":"B","date":"2018-05-04T03:02:19.000Z","volume":2000,"label":" ","price":6.35},{"type":"B","date":"2018-05-04T03:02:32.000Z","volume":3000,"label":" ","price":6.36},{"type":"B","date":"2018-05-04T03:02:35.000Z","volume":2000,"label":" ","price":6.36},{"type":"A","date":"2018-05-04T03:02:44.000Z","volume":1000,"label":" ","price":6.36},{"type":"B","date":"2018-05-04T03:03:14.000Z","volume":55000,"label":" ","price":6.35},{"type":"A","date":"2018-05-04T03:03:33.000Z","volume":3000,"label":" ","price":6.36},{"type":"B","date":"2018-05-04T03:04:59.000Z","volume":10000,"label":" ","price":6.35},{"type":"B","date":"2018-05-04T03:06:57.000Z","volume":5000,"label":" ","price":6.35},{"type":"B","date":"2018-05-04T03:07:01.000Z","volume":25000,"label":" ","price":6.35},{"type":"U","date":"2018-05-04T03:08:39.000Z","volume":1000,"label":"X","price":6.35},{"type":"A","date":"2018-05-04T03:08:56.000Z","volume":1000,"label":"Y","price":6.36},{"type":"U","date":"2018-05-04T03:09:09.000Z","volume":1000,"label":"X","price":6.35},{"type":"B","date":"2018-05-04T03:09:20.000Z","volume":1000,"label":" ","price":6.35},{"type":"A","date":"2018-05-04T03:09:21.000Z","volume":1000,"label":" ","price":6.36},{"type":"B","date":"2018-05-04T03:09:47.000Z","volume":19000,"label":" ","price":6.35},{"type":"A","date":"2018-05-04T03:11:38.000Z","volume":38000,"label":" ","price":6.36},{"type":"A","date":"2018-05-04T03:12:36.000Z","volume":15000,"label":" ","price":6.37},{"type":"A","date":"2018-05-04T03:14:59.000Z","volume":15000,"label":" ","price":6.37},{"type":"B","date":"2018-05-04T03:14:59.000Z","volume":2000,"label":" ","price":6.37},{"type":"B","date":"2018-05-04T03:15:02.000Z","volume":2000,"label":" ","price":6.37},{"type":"B","date":"2018-05-04T03:15:37.000Z","volume":2000,"label":" ","price":6.37},{"type":"B","date":"2018-05-04T03:16:07.000Z","volume":4000,"label":" ","price":6.37},{"type":"A","date":"2018-05-04T03:18:54.000Z","volume":3000,"label":" ","price":6.37},{"type":"A","date":"2018-05-04T03:20:15.000Z","volume":3000,"label":" ","price":6.37},{"type":"A","date":"2018-05-04T03:20:59.000Z","volume":1000,"label":"Y","price":6.37},{"type":"A","date":"2018-05-04T03:20:59.000Z","volume":27000,"label":" ","price":6.37},{"type":"A","date":"2018-05-04T03:21:24.000Z","volume":21000,"label":" ","price":6.38},{"type":"A","date":"2018-05-04T03:22:37.000Z","volume":1000,"label":" ","price":6.39},{"type":"A","date":"2018-05-04T03:23:26.000Z","volume":3000,"label":" ","price":6.39},{"type":"B","date":"2018-05-04T03:24:39.000Z","volume":2000,"label":" ","price":6.38},{"type":"B","date":"2018-05-04T03:25:21.000Z","volume":8000,"label":" ","price":6.38},{"type":"A","date":"2018-05-04T03:27:49.000Z","volume":9000,"label":" ","price":6.4},{"type":"A","date":"2018-05-04T03:27:49.000Z","volume":2000,"label":" ","price":6.41},{"type":"U","date":"2018-05-04T03:28:07.000Z","volume":158,"label":"D","price":6.35},{"type":"A","date":"2018-05-04T03:37:06.000Z","volume":20000,"label":" ","price":6.42},{"type":"A","date":"2018-05-04T03:37:13.000Z","volume":8000,"label":" ","price":6.42},{"type":"B","date":"2018-05-04T03:37:16.000Z","volume":2000,"label":" ","price":6.42},{"type":"B","date":"2018-05-04T03:37:18.000Z","volume":5000,"label":" ","price":6.4},{"type":"A","date":"2018-05-04T03:37:21.000Z","volume":7000,"label":" ","price":6.4},{"type":"A","date":"2018-05-04T03:37:28.000Z","volume":3000,"label":" ","price":6.41},{"type":"B","date":"2018-05-04T03:40:10.000Z","volume":5000,"label":" ","price":6.41},{"type":"B","date":"2018-05-04T03:40:12.000Z","volume":2000,"label":" ","price":6.41},{"type":"A","date":"2018-05-04T03:43:04.000Z","volume":8000,"label":" ","price":6.41},{"type":"A","date":"2018-05-04T03:43:54.000Z","volume":7000,"label":" ","price":6.41},{"type":"B","date":"2018-05-04T03:43:54.000Z","volume":2000,"label":" ","price":6.41},{"type":"B","date":"2018-05-04T03:44:02.000Z","volume":7000,"label":" ","price":6.41},{"type":"A","date":"2018-05-04T03:44:17.000Z","volume":2000,"label":" ","price":6.41},{"type":"B","date":"2018-05-04T03:44:27.000Z","volume":2000,"label":" ","price":6.41},{"type":"U","date":"2018-05-04T03:44:39.000Z","volume":1000,"label":"X","price":6.41},{"type":"A","date":"2018-05-04T03:48:06.000Z","volume":50000,"label":" ","price":6.42},{"type":"B","date":"2018-05-04T03:48:22.000Z","volume":1000,"label":" ","price":6.41},{"type":"B","date":"2018-05-04T03:51:17.000Z","volume":2000,"label":" ","price":6.41},{"type":"B","date":"2018-05-04T03:52:37.000Z","volume":3000,"label":" ","price":6.41},{"type":"B","date":"2018-05-04T03:59:24.000Z","volume":1000,"label":" ","price":6.41},{"type":"B","date":"2018-05-04T03:59:24.000Z","volume":1000,"label":" ","price":6.41},{"type":"B","date":"2018-05-04T03:59:32.000Z","volume":3000,"label":" ","price":6.41},{"type":"B","date":"2018-05-04T03:59:33.000Z","volume":4000,"label":" ","price":6.41},{"type":"U","date":"2018-05-04T05:00:12.000Z","volume":1000,"label":"X","price":6.4},{"type":"U","date":"2018-05-04T05:00:13.000Z","volume":1000,"label":"X","price":6.4},{"type":"B","date":"2018-05-04T05:00:26.000Z","volume":7000,"label":" ","price":6.41},{"type":"U","date":"2018-05-04T05:00:34.000Z","volume":1000,"label":"X","price":6.41},{"type":"B","date":"2018-05-04T05:00:40.000Z","volume":29000,"label":" ","price":6.41},{"type":"B","date":"2018-05-04T05:03:57.000Z","volume":2000,"label":" ","price":6.4},{"type":"B","date":"2018-05-04T05:04:10.000Z","volume":1000,"label":" ","price":6.4},{"type":"U","date":"2018-05-04T05:04:10.000Z","volume":5000,"label":"X","price":6.4},{"type":"U","date":"2018-05-04T05:05:02.000Z","volume":4000,"label":"X","price":6.4},{"type":"A","date":"2018-05-04T05:05:13.000Z","volume":38000,"label":" ","price":6.42},{"type":"A","date":"2018-05-04T05:05:13.000Z","volume":21000,"label":" ","price":6.43},{"type":"A","date":"2018-05-04T05:05:13.000Z","volume":68000,"label":" ","price":6.44},{"type":"A","date":"2018-05-04T05:05:13.000Z","volume":28000,"label":" ","price":6.45},{"type":"A","date":"2018-05-04T05:05:13.000Z","volume":5000,"label":" ","price":6.46},{"type":"B","date":"2018-05-04T05:05:13.000Z","volume":2000,"label":" ","price":6.46},{"type":"B","date":"2018-05-04T05:05:13.000Z","volume":5000,"label":" ","price":6.46},{"type":"B","date":"2018-05-04T05:05:13.000Z","volume":73000,"label":" ","price":6.45},{"type":"B","date":"2018-05-04T05:05:16.000Z","volume":284000,"label":" ","price":6.45},{"type":"A","date":"2018-05-04T05:06:25.000Z","volume":5000,"label":" ","price":6.45},{"type":"A","date":"2018-05-04T05:07:26.000Z","volume":6000,"label":" ","price":6.45},{"type":"A","date":"2018-05-04T05:12:42.000Z","volume":19000,"label":" ","price":6.45},{"type":"B","date":"2018-05-04T05:13:49.000Z","volume":15000,"label":" ","price":6.41},{"type":"A","date":"2018-05-04T05:13:49.000Z","volume":8000,"label":" ","price":6.41},{"type":"A","date":"2018-05-04T05:13:52.000Z","volume":24000,"label":" ","price":6.41},{"type":"U","date":"2018-05-04T05:15:11.000Z","volume":215000,"label":"X","price":6.41},{"type":"B","date":"2018-05-04T05:18:56.000Z","volume":2000,"label":" ","price":6.41},{"type":"B","date":"2018-05-04T05:19:07.000Z","volume":3000,"label":" ","price":6.41},{"type":"B","date":"2018-05-04T05:23:08.000Z","volume":2000,"label":" ","price":6.41},{"type":"B","date":"2018-05-04T05:23:53.000Z","volume":17000,"label":" ","price":6.41},{"type":"B","date":"2018-05-04T05:24:08.000Z","volume":2000,"label":" ","price":6.41},{"type":"B","date":"2018-05-04T05:25:08.000Z","volume":2000,"label":" ","price":6.41},{"type":"B","date":"2018-05-04T05:27:08.000Z","volume":2000,"label":" ","price":6.41},{"type":"B","date":"2018-05-04T05:29:55.000Z","volume":37000,"label":" ","price":6.41},{"type":"B","date":"2018-05-04T05:29:55.000Z","volume":8000,"label":" ","price":6.41},{"type":"A","date":"2018-05-04T05:30:54.000Z","volume":9000,"label":" ","price":6.42},{"type":"B","date":"2018-05-04T05:31:38.000Z","volume":2000,"label":" ","price":6.4},{"type":"B","date":"2018-05-04T05:32:48.000Z","volume":4000,"label":" ","price":6.4},{"type":"U","date":"2018-05-04T05:36:42.000Z","volume":1000,"label":"X","price":6.4},{"type":"B","date":"2018-05-04T05:38:22.000Z","volume":2000,"label":" ","price":6.4},{"type":"B","date":"2018-05-04T05:39:43.000Z","volume":2000,"label":" ","price":6.4},{"type":"B","date":"2018-05-04T05:42:12.000Z","volume":1000,"label":" ","price":6.4},{"type":"U","date":"2018-05-04T05:42:12.000Z","volume":3000,"label":"X","price":6.4},{"type":"A","date":"2018-05-04T05:43:02.000Z","volume":3000,"label":" ","price":6.41},{"type":"U","date":"2018-05-04T05:43:13.000Z","volume":1000,"label":"X","price":6.4},{"type":"B","date":"2018-05-04T05:43:53.000Z","volume":35000,"label":" ","price":6.4},{"type":"B","date":"2018-05-04T05:44:39.000Z","volume":2000,"label":" ","price":6.4},{"type":"A","date":"2018-05-04T05:44:39.000Z","volume":12000,"label":" ","price":6.41},{"type":"U","date":"2018-05-04T05:47:07.000Z","volume":1000,"label":"X","price":6.4},{"type":"B","date":"2018-05-04T05:47:07.000Z","volume":40000,"label":" ","price":6.4},{"type":"B","date":"2018-05-04T05:47:08.000Z","volume":1000,"label":" ","price":6.4},{"type":"U","date":"2018-05-04T05:47:22.000Z","volume":1000,"label":"X","price":6.39},{"type":"B","date":"2018-05-04T05:47:53.000Z","volume":3000,"label":" ","price":6.39},{"type":"A","date":"2018-05-04T05:49:06.000Z","volume":6000,"label":"Y","price":6.4},{"type":"A","date":"2018-05-04T05:49:06.000Z","volume":101000,"label":" ","price":6.4},{"type":"A","date":"2018-05-04T05:49:06.000Z","volume":4000,"label":"Y","price":6.41},{"type":"A","date":"2018-05-04T05:49:06.000Z","volume":29000,"label":" ","price":6.41},{"type":"A","date":"2018-05-04T05:49:06.000Z","volume":4000,"label":"Y","price":6.42},{"type":"A","date":"2018-05-04T05:49:06.000Z","volume":56000,"label":" ","price":6.43},{"type":"A","date":"2018-05-04T05:49:06.000Z","volume":1000,"label":" ","price":6.4},{"type":"U","date":"2018-05-04T05:49:07.000Z","volume":3000,"label":"X","price":6.39},{"type":"U","date":"2018-05-04T05:49:07.000Z","volume":1000,"label":"X","price":6.39},{"type":"A","date":"2018-05-04T05:49:08.000Z","volume":15000,"label":" ","price":6.4},{"type":"A","date":"2018-05-04T05:49:10.000Z","volume":1000,"label":"Y","price":6.4},{"type":"A","date":"2018-05-04T05:50:28.000Z","volume":1000,"label":"Y","price":6.4},{"type":"A","date":"2018-05-04T05:50:28.000Z","volume":9000,"label":" ","price":6.4},{"type":"B","date":"2018-05-04T05:51:57.000Z","volume":53000,"label":" ","price":6.39},{"type":"B","date":"2018-05-04T05:53:23.000Z","volume":50000,"label":" ","price":6.38},{"type":"B","date":"2018-05-04T05:53:23.000Z","volume":90000,"label":" ","price":6.37},{"type":"B","date":"2018-05-04T05:55:07.000Z","volume":24000,"label":" ","price":6.37},{"type":"B","date":"2018-05-04T05:55:07.000Z","volume":12000,"label":" ","price":6.37},{"type":"B","date":"2018-05-04T05:57:05.000Z","volume":13000,"label":" ","price":6.36},{"type":"B","date":"2018-05-04T05:57:18.000Z","volume":1000,"label":" ","price":6.36},{"type":"B","date":"2018-05-04T05:57:45.000Z","volume":5000,"label":" ","price":6.36},{"type":"B","date":"2018-05-04T05:58:37.000Z","volume":5000,"label":" ","price":6.36},{"type":"A","date":"2018-05-04T05:58:40.000Z","volume":46000,"label":" ","price":6.37},{"type":"A","date":"2018-05-04T05:58:40.000Z","volume":13000,"label":" ","price":6.38},{"type":"A","date":"2018-05-04T06:01:44.000Z","volume":15000,"label":" ","price":6.39},{"type":"A","date":"2018-05-04T06:04:42.000Z","volume":5000,"label":" ","price":6.39},{"type":"B","date":"2018-05-04T06:05:17.000Z","volume":40000,"label":"Y","price":6.38},{"type":"A","date":"2018-05-04T06:05:18.000Z","volume":3000,"label":" ","price":6.39},{"type":"A","date":"2018-05-04T06:06:00.000Z","volume":14000,"label":" ","price":6.39},{"type":"B","date":"2018-05-04T06:06:00.000Z","volume":2000,"label":" ","price":6.39},{"type":"B","date":"2018-05-04T06:06:04.000Z","volume":5000,"label":" ","price":6.39},{"type":"B","date":"2018-05-04T06:06:10.000Z","volume":9000,"label":" ","price":6.39},{"type":"A","date":"2018-05-04T06:06:12.000Z","volume":3000,"label":" ","price":6.39},{"type":"A","date":"2018-05-04T06:06:12.000Z","volume":37000,"label":" ","price":6.4},{"type":"A","date":"2018-05-04T06:06:12.000Z","volume":1000,"label":" ","price":6.4},{"type":"A","date":"2018-05-04T06:06:12.000Z","volume":1000,"label":" ","price":6.4},{"type":"A","date":"2018-05-04T06:06:12.000Z","volume":1000,"label":" ","price":6.4},{"type":"B","date":"2018-05-04T06:06:21.000Z","volume":7000,"label":" ","price":6.4},{"type":"A","date":"2018-05-04T06:07:17.000Z","volume":6000,"label":" ","price":6.41},{"type":"A","date":"2018-05-04T06:10:43.000Z","volume":23000,"label":" ","price":6.41},{"type":"B","date":"2018-05-04T06:10:43.000Z","volume":4000,"label":" ","price":6.41},{"type":"B","date":"2018-05-04T06:10:43.000Z","volume":7000,"label":" ","price":6.41},{"type":"B","date":"2018-05-04T06:10:46.000Z","volume":16000,"label":" ","price":6.41},{"type":"A","date":"2018-05-04T06:11:49.000Z","volume":52000,"label":" ","price":6.41},{"type":"B","date":"2018-05-04T06:11:49.000Z","volume":8000,"label":" ","price":6.41},{"type":"B","date":"2018-05-04T06:12:01.000Z","volume":40000,"label":" ","price":6.41},{"type":"B","date":"2018-05-04T06:12:50.000Z","volume":29000,"label":" ","price":6.41},{"type":"B","date":"2018-05-04T06:12:52.000Z","volume":19000,"label":" ","price":6.41},{"type":"B","date":"2018-05-04T06:17:33.000Z","volume":24000,"label":" ","price":6.39},{"type":"B","date":"2018-05-04T06:17:44.000Z","volume":2000,"label":" ","price":6.38},{"type":"A","date":"2018-05-04T06:17:45.000Z","volume":23000,"label":" ","price":6.39},{"type":"A","date":"2018-05-04T06:17:45.000Z","volume":22000,"label":" ","price":6.4},{"type":"B","date":"2018-05-04T06:17:45.000Z","volume":8000,"label":" ","price":6.4},{"type":"A","date":"2018-05-04T06:18:46.000Z","volume":14000,"label":" ","price":6.4},{"type":"B","date":"2018-05-04T06:18:51.000Z","volume":10000,"label":" ","price":6.4},{"type":"B","date":"2018-05-04T06:18:51.000Z","volume":3000,"label":" ","price":6.4},{"type":"A","date":"2018-05-04T06:21:59.000Z","volume":2000,"label":" ","price":6.4},{"type":"A","date":"2018-05-04T06:25:24.000Z","volume":26000,"label":" ","price":6.4},{"type":"A","date":"2018-05-04T06:25:24.000Z","volume":2000,"label":" ","price":6.4},{"type":"A","date":"2018-05-04T06:25:24.000Z","volume":1000,"label":" ","price":6.4},{"type":"B","date":"2018-05-04T06:25:31.000Z","volume":11000,"label":" ","price":6.4},{"type":"B","date":"2018-05-04T06:28:25.000Z","volume":24000,"label":" ","price":6.38},{"type":"B","date":"2018-05-04T06:29:03.000Z","volume":32000,"label":" ","price":6.38},{"type":"B","date":"2018-05-04T06:29:22.000Z","volume":13000,"label":" ","price":6.38},{"type":"B","date":"2018-05-04T06:29:24.000Z","volume":19000,"label":" ","price":6.37},{"type":"B","date":"2018-05-04T06:30:08.000Z","volume":50000,"label":" ","price":6.36},{"type":"U","date":"2018-05-04T06:30:08.000Z","volume":1000,"label":"X","price":6.36},{"type":"B","date":"2018-05-04T06:30:25.000Z","volume":1000,"label":" ","price":6.36},{"type":"B","date":"2018-05-04T06:30:58.000Z","volume":1000,"label":" ","price":6.36},{"type":"B","date":"2018-05-04T06:31:08.000Z","volume":2000,"label":" ","price":6.35},{"type":"B","date":"2018-05-04T06:31:43.000Z","volume":1000,"label":" ","price":6.35},{"type":"A","date":"2018-05-04T06:32:16.000Z","volume":3000,"label":" ","price":6.36},{"type":"B","date":"2018-05-04T06:33:11.000Z","volume":8000,"label":" ","price":6.35},{"type":"A","date":"2018-05-04T06:33:29.000Z","volume":4000,"label":" ","price":6.36},{"type":"A","date":"2018-05-04T06:35:18.000Z","volume":15000,"label":" ","price":6.36},{"type":"A","date":"2018-05-04T06:35:23.000Z","volume":20000,"label":" ","price":6.36},{"type":"A","date":"2018-05-04T06:35:23.000Z","volume":3000,"label":" ","price":6.36},{"type":"B","date":"2018-05-04T06:36:24.000Z","volume":9000,"label":" ","price":6.35},{"type":"A","date":"2018-05-04T06:36:28.000Z","volume":16000,"label":" ","price":6.36},{"type":"A","date":"2018-05-04T06:38:23.000Z","volume":6000,"label":" ","price":6.37},{"type":"A","date":"2018-05-04T06:40:51.000Z","volume":2000,"label":" ","price":6.37},{"type":"A","date":"2018-05-04T06:41:34.000Z","volume":27000,"label":" ","price":6.37},{"type":"B","date":"2018-05-04T06:48:17.000Z","volume":20000,"label":" ","price":6.37},{"type":"B","date":"2018-05-04T06:50:08.000Z","volume":2000,"label":" ","price":6.37},{"type":"B","date":"2018-05-04T06:50:44.000Z","volume":9000,"label":" ","price":6.37},{"type":"U","date":"2018-05-04T06:50:44.000Z","volume":1000,"label":"X","price":6.37},{"type":"B","date":"2018-05-04T06:51:09.000Z","volume":1000,"label":" ","price":6.37},{"type":"B","date":"2018-05-04T06:51:43.000Z","volume":10000,"label":" ","price":6.37},{"type":"B","date":"2018-05-04T06:51:59.000Z","volume":2000,"label":" ","price":6.37},{"type":"B","date":"2018-05-04T06:51:59.000Z","volume":1000,"label":"Y","price":6.37},{"type":"B","date":"2018-05-04T06:53:01.000Z","volume":20000,"label":" ","price":6.37},{"type":"B","date":"2018-05-04T06:53:02.000Z","volume":2000,"label":" ","price":6.37},{"type":"B","date":"2018-05-04T06:53:14.000Z","volume":6000,"label":" ","price":6.37},{"type":"B","date":"2018-05-04T06:53:52.000Z","volume":10000,"label":" ","price":6.36},{"type":"B","date":"2018-05-04T06:54:47.000Z","volume":14000,"label":" ","price":6.36},{"type":"B","date":"2018-05-04T06:54:57.000Z","volume":6000,"label":" ","price":6.36},{"type":"B","date":"2018-05-04T06:55:01.000Z","volume":20000,"label":" ","price":6.36},{"type":"B","date":"2018-05-04T06:55:02.000Z","volume":5000,"label":" ","price":6.36},{"type":"B","date":"2018-05-04T06:55:38.000Z","volume":2000,"label":" ","price":6.36},{"type":"B","date":"2018-05-04T06:55:39.000Z","volume":3000,"label":" ","price":6.36},{"type":"U","date":"2018-05-04T06:55:39.000Z","volume":5000,"label":"X","price":6.36},{"type":"B","date":"2018-05-04T06:55:55.000Z","volume":2000,"label":" ","price":6.36},{"type":"B","date":"2018-05-04T06:55:58.000Z","volume":7000,"label":" ","price":6.36},{"type":"B","date":"2018-05-04T06:56:10.000Z","volume":1000,"label":" ","price":6.36},{"type":"U","date":"2018-05-04T06:56:40.000Z","volume":1000,"label":"X","price":6.36},{"type":"B","date":"2018-05-04T06:57:00.000Z","volume":1000,"label":" ","price":6.36},{"type":"B","date":"2018-05-04T06:57:02.000Z","volume":1000,"label":" ","price":6.36},{"type":"B","date":"2018-05-04T06:57:07.000Z","volume":2000,"label":" ","price":6.35},{"type":"A","date":"2018-05-04T06:58:00.000Z","volume":1000,"label":" ","price":6.36},{"type":"B","date":"2018-05-04T06:58:12.000Z","volume":30000,"label":" ","price":6.35},{"type":"A","date":"2018-05-04T06:58:13.000Z","volume":30000,"label":" ","price":6.36},{"type":"A","date":"2018-05-04T06:58:24.000Z","volume":8000,"label":" ","price":6.36},{"type":"A","date":"2018-05-04T06:58:34.000Z","volume":2000,"label":" ","price":6.36},{"type":"A","date":"2018-05-04T06:58:40.000Z","volume":7000,"label":" ","price":6.36},{"type":"A","date":"2018-05-04T06:58:44.000Z","volume":2000,"label":" ","price":6.36},{"type":"B","date":"2018-05-04T07:00:38.000Z","volume":16000,"label":" ","price":6.35},{"type":"A","date":"2018-05-04T07:00:38.000Z","volume":5000,"label":" ","price":6.36},{"type":"A","date":"2018-05-04T07:01:09.000Z","volume":2000,"label":" ","price":6.36},{"type":"A","date":"2018-05-04T07:02:07.000Z","volume":10000,"label":" ","price":6.36},{"type":"A","date":"2018-05-04T07:02:07.000Z","volume":3000,"label":" ","price":6.36},{"type":"A","date":"2018-05-04T07:02:10.000Z","volume":21000,"label":" ","price":6.36},{"type":"B","date":"2018-05-04T07:02:10.000Z","volume":1000,"label":" ","price":6.36},{"type":"B","date":"2018-05-04T07:02:10.000Z","volume":1000,"label":" ","price":6.36},{"type":"B","date":"2018-05-04T07:02:10.000Z","volume":1000,"label":" ","price":6.36},{"type":"A","date":"2018-05-04T07:02:19.000Z","volume":8000,"label":" ","price":6.37},{"type":"A","date":"2018-05-04T07:02:24.000Z","volume":6000,"label":" ","price":6.37},{"type":"A","date":"2018-05-04T07:02:54.000Z","volume":2000,"label":" ","price":6.37},{"type":"A","date":"2018-05-04T07:03:09.000Z","volume":2000,"label":" ","price":6.37},{"type":"B","date":"2018-05-04T07:04:19.000Z","volume":19000,"label":" ","price":6.36},{"type":"A","date":"2018-05-04T07:04:19.000Z","volume":6000,"label":" ","price":6.36},{"type":"A","date":"2018-05-04T07:05:24.000Z","volume":1000,"label":" ","price":6.36},{"type":"A","date":"2018-05-04T07:07:03.000Z","volume":20000,"label":" ","price":6.36},{"type":"B","date":"2018-05-04T07:07:40.000Z","volume":10000,"label":" ","price":6.35},{"type":"A","date":"2018-05-04T07:07:44.000Z","volume":3000,"label":" ","price":6.36},{"type":"B","date":"2018-05-04T07:09:20.000Z","volume":10000,"label":" ","price":6.35},{"type":"A","date":"2018-05-04T07:09:28.000Z","volume":3000,"label":" ","price":6.36},{"type":"B","date":"2018-05-04T07:09:38.000Z","volume":80000,"label":" ","price":6.35},{"type":"A","date":"2018-05-04T07:09:38.000Z","volume":2000,"label":" ","price":6.36},{"type":"B","date":"2018-05-04T07:09:43.000Z","volume":20000,"label":" ","price":6.35},{"type":"A","date":"2018-05-04T07:09:49.000Z","volume":24000,"label":" ","price":6.36},{"type":"A","date":"2018-05-04T07:09:49.000Z","volume":2000,"label":" ","price":6.36},{"type":"A","date":"2018-05-04T07:09:59.000Z","volume":5000,"label":" ","price":6.37},{"type":"B","date":"2018-05-04T07:10:39.000Z","volume":10000,"label":" ","price":6.35},{"type":"B","date":"2018-05-04T07:10:39.000Z","volume":1000,"label":" ","price":6.35},{"type":"A","date":"2018-05-04T07:10:39.000Z","volume":4000,"label":" ","price":6.37},{"type":"A","date":"2018-05-04T07:12:20.000Z","volume":1000,"label":" ","price":6.37},{"type":"A","date":"2018-05-04T07:12:37.000Z","volume":1000,"label":" ","price":6.37},{"type":"B","date":"2018-05-04T07:12:39.000Z","volume":1000,"label":" ","price":6.35},{"type":"B","date":"2018-05-04T07:16:06.000Z","volume":2000,"label":" ","price":6.36},{"type":"A","date":"2018-05-04T07:16:06.000Z","volume":2000,"label":" ","price":6.37},{"type":"B","date":"2018-05-04T07:16:06.000Z","volume":8000,"label":" ","price":6.36},{"type":"B","date":"2018-05-04T07:16:07.000Z","volume":1000,"label":" ","price":6.36},{"type":"B","date":"2018-05-04T07:16:07.000Z","volume":1000,"label":" ","price":6.36},{"type":"B","date":"2018-05-04T07:16:10.000Z","volume":5000,"label":" ","price":6.36},{"type":"A","date":"2018-05-04T07:16:17.000Z","volume":5000,"label":" ","price":6.37},{"type":"B","date":"2018-05-04T07:16:17.000Z","volume":1000,"label":" ","price":6.36},{"type":"B","date":"2018-05-04T07:17:37.000Z","volume":13000,"label":" ","price":6.36},{"type":"B","date":"2018-05-04T07:17:37.000Z","volume":3000,"label":" ","price":6.36},{"type":"B","date":"2018-05-04T07:18:12.000Z","volume":5000,"label":" ","price":6.36},{"type":"B","date":"2018-05-04T07:18:12.000Z","volume":1000,"label":"Y","price":6.36},{"type":"B","date":"2018-05-04T07:18:24.000Z","volume":1000,"label":" ","price":6.36},{"type":"B","date":"2018-05-04T07:18:35.000Z","volume":26000,"label":" ","price":6.36},{"type":"B","date":"2018-05-04T07:18:35.000Z","volume":2000,"label":" ","price":6.36},{"type":"B","date":"2018-05-04T07:20:39.000Z","volume":3000,"label":" ","price":6.36},{"type":"B","date":"2018-05-04T07:20:40.000Z","volume":7000,"label":" ","price":6.36},{"type":"B","date":"2018-05-04T07:20:40.000Z","volume":1000,"label":" ","price":6.36},{"type":"B","date":"2018-05-04T07:20:42.000Z","volume":5000,"label":" ","price":6.36},{"type":"B","date":"2018-05-04T07:20:42.000Z","volume":1000,"label":" ","price":6.36},{"type":"B","date":"2018-05-04T07:20:48.000Z","volume":2000,"label":" ","price":6.36},{"type":"B","date":"2018-05-04T07:20:54.000Z","volume":8000,"label":" ","price":6.36},{"type":"B","date":"2018-05-04T07:20:57.000Z","volume":1000,"label":" ","price":6.36},{"type":"B","date":"2018-05-04T07:20:57.000Z","volume":9000,"label":" ","price":6.36},{"type":"B","date":"2018-05-04T07:20:59.000Z","volume":1000,"label":" ","price":6.36},{"type":"B","date":"2018-05-04T07:21:00.000Z","volume":1000,"label":" ","price":6.36},{"type":"U","date":"2018-05-04T07:21:00.000Z","volume":1000,"label":" ","price":6.36},{"type":"B","date":"2018-05-04T07:21:00.000Z","volume":1000,"label":" ","price":6.35},{"type":"B","date":"2018-05-04T07:24:06.000Z","volume":129000,"label":"Y","price":6.35},{"type":"B","date":"2018-05-04T07:24:06.000Z","volume":10000,"label":" ","price":6.35},{"type":"B","date":"2018-05-04T07:24:06.000Z","volume":6000,"label":" ","price":6.35},{"type":"A","date":"2018-05-04T07:24:06.000Z","volume":5000,"label":" ","price":6.37},{"type":"A","date":"2018-05-04T07:24:14.000Z","volume":13000,"label":" ","price":6.36},{"type":"B","date":"2018-05-04T07:24:14.000Z","volume":22000,"label":" ","price":6.35},{"type":"B","date":"2018-05-04T07:24:15.000Z","volume":2000,"label":" ","price":6.35},{"type":"A","date":"2018-05-04T07:24:19.000Z","volume":16000,"label":" ","price":6.36},{"type":"B","date":"2018-05-04T07:24:19.000Z","volume":1000,"label":" ","price":6.35},{"type":"A","date":"2018-05-04T07:24:24.000Z","volume":14000,"label":" ","price":6.36},{"type":"B","date":"2018-05-04T07:24:25.000Z","volume":2000,"label":" ","price":6.35},{"type":"B","date":"2018-05-04T07:24:30.000Z","volume":3000,"label":" ","price":6.35},{"type":"A","date":"2018-05-04T07:24:31.000Z","volume":2000,"label":" ","price":6.36},{"type":"A","date":"2018-05-04T07:24:59.000Z","volume":2000,"label":" ","price":6.36},{"type":"A","date":"2018-05-04T07:25:18.000Z","volume":8000,"label":" ","price":6.36},{"type":"A","date":"2018-05-04T07:25:18.000Z","volume":6000,"label":" ","price":6.36},{"type":"A","date":"2018-05-04T07:25:18.000Z","volume":2000,"label":" ","price":6.37},{"type":"B","date":"2018-05-04T07:25:18.000Z","volume":1000,"label":" ","price":6.36},{"type":"B","date":"2018-05-04T07:25:18.000Z","volume":1000,"label":" ","price":6.36},{"type":"A","date":"2018-05-04T07:25:19.000Z","volume":16000,"label":" ","price":6.37},{"type":"B","date":"2018-05-04T07:25:19.000Z","volume":2000,"label":" ","price":6.36},{"type":"B","date":"2018-05-04T07:25:31.000Z","volume":2000,"label":" ","price":6.36},{"type":"B","date":"2018-05-04T07:25:31.000Z","volume":1000,"label":" ","price":6.36},{"type":"A","date":"2018-05-04T07:26:09.000Z","volume":2000,"label":" ","price":6.37},{"type":"B","date":"2018-05-04T07:26:37.000Z","volume":19000,"label":" ","price":6.36},{"type":"B","date":"2018-05-04T07:26:38.000Z","volume":2000,"label":" ","price":6.36},{"type":"B","date":"2018-05-04T07:26:47.000Z","volume":2000,"label":" ","price":6.36},{"type":"B","date":"2018-05-04T07:27:03.000Z","volume":1000,"label":" ","price":6.36},{"type":"B","date":"2018-05-04T07:27:05.000Z","volume":2000,"label":" ","price":6.36},{"type":"B","date":"2018-05-04T07:27:17.000Z","volume":2000,"label":" ","price":6.36},{"type":"B","date":"2018-05-04T07:27:42.000Z","volume":16000,"label":" ","price":6.36},{"type":"B","date":"2018-05-04T07:27:48.000Z","volume":2000,"label":" ","price":6.36},{"type":"B","date":"2018-05-04T07:28:09.000Z","volume":1000,"label":"Y","price":6.35},{"type":"B","date":"2018-05-04T07:29:29.000Z","volume":2000,"label":" ","price":6.35},{"type":"B","date":"2018-05-04T07:29:42.000Z","volume":13000,"label":" ","price":6.35},{"type":"B","date":"2018-05-04T07:29:48.000Z","volume":15000,"label":" ","price":6.35},{"type":"B","date":"2018-05-04T07:29:49.000Z","volume":5000,"label":" ","price":6.35},{"type":"A","date":"2018-05-04T07:29:59.000Z","volume":3000,"label":" ","price":6.36},{"type":"B","date":"2018-05-04T07:30:15.000Z","volume":15000,"label":" ","price":6.35},{"type":"B","date":"2018-05-04T07:30:20.000Z","volume":4000,"label":" ","price":6.35},{"type":"A","date":"2018-05-04T07:30:59.000Z","volume":2000,"label":" ","price":6.36},{"type":"A","date":"2018-05-04T07:31:02.000Z","volume":4000,"label":"Y","price":6.36},{"type":"A","date":"2018-05-04T07:31:02.000Z","volume":37000,"label":" ","price":6.36},{"type":"B","date":"2018-05-04T07:31:02.000Z","volume":2000,"label":" ","price":6.36},{"type":"B","date":"2018-05-04T07:31:06.000Z","volume":6000,"label":" ","price":6.36},{"type":"B","date":"2018-05-04T07:31:06.000Z","volume":1000,"label":" ","price":6.36},{"type":"B","date":"2018-05-04T07:31:09.000Z","volume":9000,"label":" ","price":6.36},{"type":"A","date":"2018-05-04T07:31:09.000Z","volume":4000,"label":" ","price":6.36},{"type":"B","date":"2018-05-04T07:31:09.000Z","volume":1000,"label":" ","price":6.36},{"type":"B","date":"2018-05-04T07:32:54.000Z","volume":11000,"label":" ","price":6.36},{"type":"A","date":"2018-05-04T07:32:54.000Z","volume":3000,"label":" ","price":6.36},{"type":"B","date":"2018-05-04T07:33:07.000Z","volume":2000,"label":" ","price":6.35},{"type":"B","date":"2018-05-04T07:34:47.000Z","volume":32000,"label":" ","price":6.35},{"type":"A","date":"2018-05-04T07:34:47.000Z","volume":8000,"label":" ","price":6.35},{"type":"B","date":"2018-05-04T07:34:52.000Z","volume":3000,"label":" ","price":6.34},{"type":"A","date":"2018-05-04T07:35:02.000Z","volume":4000,"label":" ","price":6.34},{"type":"A","date":"2018-05-04T07:35:02.000Z","volume":12000,"label":" ","price":6.34},{"type":"B","date":"2018-05-04T07:37:18.000Z","volume":5000,"label":" ","price":6.34},{"type":"A","date":"2018-05-04T07:37:18.000Z","volume":2000,"label":" ","price":6.35},{"type":"B","date":"2018-05-04T07:37:34.000Z","volume":2000,"label":" ","price":6.34},{"type":"A","date":"2018-05-04T07:37:40.000Z","volume":48000,"label":" ","price":6.35},{"type":"A","date":"2018-05-04T07:37:40.000Z","volume":1000,"label":" ","price":6.36},{"type":"A","date":"2018-05-04T07:37:40.000Z","volume":1000,"label":" ","price":6.36},{"type":"A","date":"2018-05-04T07:37:42.000Z","volume":6000,"label":" ","price":6.37},{"type":"A","date":"2018-05-04T07:37:52.000Z","volume":2000,"label":" ","price":6.38},{"type":"A","date":"2018-05-04T07:38:04.000Z","volume":2000,"label":" ","price":6.38},{"type":"A","date":"2018-05-04T07:38:24.000Z","volume":2000,"label":" ","price":6.38},{"type":"A","date":"2018-05-04T07:38:42.000Z","volume":2000,"label":" ","price":6.38},{"type":"A","date":"2018-05-04T07:40:30.000Z","volume":32000,"label":" ","price":6.38},{"type":"A","date":"2018-05-04T07:40:30.000Z","volume":5000,"label":" ","price":6.38},{"type":"A","date":"2018-05-04T07:40:42.000Z","volume":5000,"label":" ","price":6.38},{"type":"B","date":"2018-05-04T07:42:00.000Z","volume":4000,"label":" ","price":6.37},{"type":"B","date":"2018-05-04T07:42:00.000Z","volume":1000,"label":" ","price":6.37},{"type":"B","date":"2018-05-04T07:42:00.000Z","volume":1000,"label":" ","price":6.37},{"type":"B","date":"2018-05-04T07:42:00.000Z","volume":2000,"label":" ","price":6.37},{"type":"B","date":"2018-05-04T07:42:00.000Z","volume":1000,"label":" ","price":6.37},{"type":"B","date":"2018-05-04T07:42:00.000Z","volume":1000,"label":" ","price":6.37},{"type":"U","date":"2018-05-04T07:42:04.000Z","volume":1000,"label":"X","price":6.37},{"type":"U","date":"2018-05-04T07:42:04.000Z","volume":3000,"label":"X","price":6.37},{"type":"U","date":"2018-05-04T07:42:05.000Z","volume":2000,"label":"X","price":6.37},{"type":"U","date":"2018-05-04T07:42:15.000Z","volume":1000,"label":" ","price":6.37},{"type":"B","date":"2018-05-04T07:42:19.000Z","volume":2000,"label":" ","price":6.37},{"type":"B","date":"2018-05-04T07:42:22.000Z","volume":6000,"label":" ","price":6.37},{"type":"B","date":"2018-05-04T07:42:22.000Z","volume":1000,"label":" ","price":6.37},{"type":"B","date":"2018-05-04T07:42:45.000Z","volume":2000,"label":" ","price":6.36},{"type":"B","date":"2018-05-04T07:42:49.000Z","volume":1000,"label":" ","price":6.36},{"type":"U","date":"2018-05-04T07:42:52.000Z","volume":3000,"label":" ","price":6.36},{"type":"B","date":"2018-05-04T07:43:40.000Z","volume":8000,"label":" ","price":6.35},{"type":"B","date":"2018-05-04T07:43:50.000Z","volume":1000,"label":" ","price":6.35},{"type":"B","date":"2018-05-04T07:47:09.000Z","volume":1000,"label":" ","price":6.35},{"type":"B","date":"2018-05-04T07:48:40.000Z","volume":1000,"label":" ","price":6.35},{"type":"U","date":"2018-05-04T07:49:03.000Z","volume":158,"label":"D","price":6.29},{"type":"B","date":"2018-05-04T07:49:20.000Z","volume":30000,"label":" ","price":6.35},{"type":"A","date":"2018-05-04T07:49:20.000Z","volume":4000,"label":" ","price":6.36},{"type":"A","date":"2018-05-04T07:49:23.000Z","volume":3000,"label":" ","price":6.36},{"type":"A","date":"2018-05-04T07:49:29.000Z","volume":2000,"label":" ","price":6.36},{"type":"A","date":"2018-05-04T07:49:30.000Z","volume":2000,"label":" ","price":6.36},{"type":"A","date":"2018-05-04T07:49:58.000Z","volume":3000,"label":" ","price":6.36},{"type":"A","date":"2018-05-04T07:51:21.000Z","volume":1000,"label":" ","price":6.36},{"type":"A","date":"2018-05-04T07:51:51.000Z","volume":4000,"label":" ","price":6.36},{"type":"A","date":"2018-05-04T07:51:51.000Z","volume":2000,"label":" ","price":6.36},{"type":"A","date":"2018-05-04T07:52:03.000Z","volume":4000,"label":" ","price":6.36},{"type":"A","date":"2018-05-04T07:52:09.000Z","volume":2000,"label":" ","price":6.36},{"type":"B","date":"2018-05-04T07:52:25.000Z","volume":1000,"label":" ","price":6.35},{"type":"B","date":"2018-05-04T07:53:03.000Z","volume":2000,"label":" ","price":6.35},{"type":"B","date":"2018-05-04T07:55:42.000Z","volume":29000,"label":" ","price":6.35},{"type":"A","date":"2018-05-04T07:55:42.000Z","volume":9000,"label":" ","price":6.36},{"type":"A","date":"2018-05-04T07:55:54.000Z","volume":2000,"label":" ","price":6.36},{"type":"B","date":"2018-05-04T07:56:02.000Z","volume":2000,"label":" ","price":6.35},{"type":"B","date":"2018-05-04T07:56:04.000Z","volume":4000,"label":" ","price":6.35},{"type":"B","date":"2018-05-04T07:56:08.000Z","volume":1000,"label":" ","price":6.35},{"type":"A","date":"2018-05-04T07:56:14.000Z","volume":2000,"label":" ","price":6.36},{"type":"B","date":"2018-05-04T07:57:04.000Z","volume":1000,"label":" ","price":6.35},{"type":"B","date":"2018-05-04T07:57:13.000Z","volume":2000,"label":" ","price":6.35},{"type":"B","date":"2018-05-04T07:57:35.000Z","volume":1000,"label":" ","price":6.35},{"type":"B","date":"2018-05-04T07:58:06.000Z","volume":143000,"label":" ","price":6.35},{"type":"B","date":"2018-05-04T07:58:23.000Z","volume":10000,"label":" ","price":6.35},{"type":"B","date":"2018-05-04T07:58:25.000Z","volume":2000,"label":" ","price":6.35},{"type":"B","date":"2018-05-04T07:58:25.000Z","volume":8000,"label":" ","price":6.35},{"type":"A","date":"2018-05-04T07:58:33.000Z","volume":2000,"label":" ","price":6.36},{"type":"B","date":"2018-05-04T07:58:34.000Z","volume":3000,"label":" ","price":6.35},{"type":"A","date":"2018-05-04T07:58:46.000Z","volume":10000,"label":" ","price":6.36},{"type":"A","date":"2018-05-04T07:58:52.000Z","volume":8000,"label":" ","price":6.36},{"type":"A","date":"2018-05-04T07:59:00.000Z","volume":1000,"label":" ","price":6.36},{"type":"A","date":"2018-05-04T07:59:01.000Z","volume":2000,"label":" ","price":6.36},{"type":"B","date":"2018-05-04T07:59:01.000Z","volume":1000,"label":" ","price":6.35},{"type":"B","date":"2018-05-04T07:59:01.000Z","volume":1000,"label":" ","price":6.35},{"type":"A","date":"2018-05-04T07:59:03.000Z","volume":2000,"label":" ","price":6.36},{"type":"B","date":"2018-05-04T07:59:04.000Z","volume":1000,"label":" ","price":6.35},{"type":"B","date":"2018-05-04T07:59:04.000Z","volume":1000,"label":" ","price":6.35},{"type":"B","date":"2018-05-04T07:59:05.000Z","volume":1000,"label":" ","price":6.35},{"type":"B","date":"2018-05-04T07:59:08.000Z","volume":1000,"label":" ","price":6.35},{"type":"A","date":"2018-05-04T07:59:13.000Z","volume":3000,"label":" ","price":6.36},{"type":"B","date":"2018-05-04T07:59:16.000Z","volume":1000,"label":" ","price":6.35},{"type":"B","date":"2018-05-04T07:59:17.000Z","volume":1000,"label":" ","price":6.35},{"type":"B","date":"2018-05-04T07:59:21.000Z","volume":1000,"label":" ","price":6.35},{"type":"B","date":"2018-05-04T07:59:22.000Z","volume":1000,"label":" ","price":6.35},{"type":"B","date":"2018-05-04T07:59:30.000Z","volume":5000,"label":" ","price":6.35},{"type":"B","date":"2018-05-04T07:59:30.000Z","volume":3000,"label":" ","price":6.35},{"type":"B","date":"2018-05-04T07:59:30.000Z","volume":1000,"label":" ","price":6.35},{"type":"A","date":"2018-05-04T07:59:31.000Z","volume":2000,"label":" ","price":6.36},{"type":"A","date":"2018-05-04T07:59:41.000Z","volume":2000,"label":" ","price":6.36},{"type":"U","date":"2018-05-04T08:08:57.000Z","volume":227000,"label":"U","price":6.35}]