[{"type":"A","date":"2018-03-16T07:59:55.000Z","volume":876000,"price":1.13,"category":"ubbull"},{"type":"A","date":"2018-03-16T07:59:46.000Z","volume":110000,"price":1.14,"category":"ubbull"},{"type":"A","date":"2018-03-16T07:59:45.000Z","volume":92000,"price":1.14,"category":"ubbull"},{"type":"A","date":"2018-03-16T07:59:00.000Z","volume":100000,"price":1.14,"category":"ubbull"},{"type":"A","date":"2018-03-16T07:58:56.000Z","volume":207000,"price":1.14,"category":"ubbull"},{"type":"A","date":"2018-03-16T07:58:26.000Z","volume":100000,"price":1.14,"category":"ubbull"},{"type":"A","date":"2018-03-16T07:56:40.000Z","volume":100000,"price":1.14,"category":"ubbull"},{"type":"A","date":"2018-03-16T07:56:06.000Z","volume":100000,"price":1.14,"category":"ubbull"},{"type":"A","date":"2018-03-16T07:55:06.000Z","volume":100000,"price":1.14,"category":"ubbull"},{"type":"A","date":"2018-03-16T07:54:55.000Z","volume":200000,"price":1.14,"category":"ubbull"},{"type":"A","date":"2018-03-16T07:53:53.000Z","volume":100000,"price":1.14,"category":"ubbull"},{"type":"A","date":"2018-03-16T07:53:36.000Z","volume":351000,"price":1.14,"category":"ubbull"},{"type":"A","date":"2018-03-16T07:51:50.000Z","volume":250000,"price":1.14,"category":"ubbull"},{"type":"A","date":"2018-03-16T07:51:38.000Z","volume":770000,"price":1.14,"category":"ubbull"},{"type":"A","date":"2018-03-16T07:51:35.000Z","volume":87000,"price":1.14,"category":"ubbull"},{"type":"A","date":"2018-03-16T07:51:32.000Z","volume":86000,"price":1.15,"category":"ubbull"},{"type":"A","date":"2018-03-16T07:51:26.000Z","volume":92000,"price":1.15,"category":"ubbull"},{"type":"A","date":"2018-03-16T07:51:26.000Z","volume":127000,"price":1.15,"category":"ubbull"},{"type":"A","date":"2018-03-16T07:50:26.000Z","volume":96000,"price":1.15,"category":"ubbull"},{"type":"A","date":"2018-03-16T07:50:21.000Z","volume":230000,"price":1.15,"category":"ubbull"},{"type":"A","date":"2018-03-16T07:48:49.000Z","volume":126000,"price":1.15,"category":"ubbull"},{"type":"A","date":"2018-03-16T07:46:08.000Z","volume":100000,"price":1.15,"category":"ubbull"},{"type":"A","date":"2018-03-16T07:43:06.000Z","volume":100000,"price":1.15,"category":"ubbull"},{"type":"A","date":"2018-03-16T07:37:18.000Z","volume":200000,"price":1.15,"category":"ubbull"},{"type":"A","date":"2018-03-16T07:34:53.000Z","volume":131000,"price":1.14,"category":"ubbull"},{"type":"A","date":"2018-03-16T07:34:53.000Z","volume":596000,"price":1.14,"category":"ubbull"},{"type":"A","date":"2018-03-16T07:34:52.000Z","volume":500000,"price":1.14,"category":"ubbull"},{"type":"A","date":"2018-03-16T07:34:50.000Z","volume":226000,"price":1.14,"category":"ubbull"},{"type":"A","date":"2018-03-16T07:34:50.000Z","volume":1154000,"price":1.14,"category":"ubbull"},{"type":"A","date":"2018-03-16T07:34:50.000Z","volume":586000,"price":1.14,"category":"ubbull"},{"type":"A","date":"2018-03-16T07:34:50.000Z","volume":100000,"price":1.14,"category":"ubbull"},{"type":"A","date":"2018-03-16T07:34:50.000Z","volume":242000,"price":1.14,"category":"ubbull"},{"type":"A","date":"2018-03-16T07:34:17.000Z","volume":509000,"price":1.14,"category":"ubbull"},{"type":"A","date":"2018-03-16T07:34:08.000Z","volume":1000000,"price":1.14,"category":"ubbull"},{"type":"A","date":"2018-03-16T07:32:01.000Z","volume":170000,"price":1.14,"category":"ubbull"},{"type":"A","date":"2018-03-16T07:30:59.000Z","volume":1000000,"price":1.14,"category":"ubbull"},{"type":"A","date":"2018-03-16T07:30:53.000Z","volume":100000,"price":1.14,"category":"ubbull"},{"type":"A","date":"2018-03-16T07:30:50.000Z","volume":120000,"price":1.14,"category":"ubbull"},{"type":"A","date":"2018-03-16T07:26:58.000Z","volume":100000,"price":1.14,"category":"ubbull"},{"type":"A","date":"2018-03-16T07:26:51.000Z","volume":700000,"price":1.14,"category":"ubbull"},{"type":"A","date":"2018-03-16T07:22:38.000Z","volume":100000,"price":1.14,"category":"ubbull"},{"type":"A","date":"2018-03-16T07:18:58.000Z","volume":100000,"price":1.14,"category":"ubbull"},{"type":"A","date":"2018-03-16T07:12:21.000Z","volume":1000000,"price":1.14,"category":"ubbull"},{"type":"A","date":"2018-03-16T07:08:49.000Z","volume":84000,"price":1.14,"category":"ubbull"},{"type":"A","date":"2018-03-16T07:08:12.000Z","volume":394000,"price":1.14,"category":"ubbull"},{"type":"A","date":"2018-03-16T07:08:09.000Z","volume":220000,"price":1.14,"category":"ubbull"},{"type":"A","date":"2018-03-16T07:01:15.000Z","volume":135000,"price":1.15,"category":"ubbull"},{"type":"A","date":"2018-03-16T06:59:38.000Z","volume":729000,"price":1.14,"category":"ubbull"},{"type":"A","date":"2018-03-16T06:59:38.000Z","volume":400000,"price":1.14,"category":"ubbull"},{"type":"A","date":"2018-03-16T06:59:30.000Z","volume":500000,"price":1.14,"category":"ubbull"},{"type":"A","date":"2018-03-16T06:59:29.000Z","volume":2958000,"price":1.14,"category":"ubbull"},{"type":"A","date":"2018-03-16T06:59:29.000Z","volume":1000000,"price":1.14,"category":"ubbull"},{"type":"A","date":"2018-03-16T06:59:22.000Z","volume":1000000,"price":1.14,"category":"ubbull"},{"type":"A","date":"2018-03-16T06:59:15.000Z","volume":1000000,"price":1.14,"category":"ubbull"},{"type":"A","date":"2018-03-16T06:59:09.000Z","volume":243000,"price":1.14,"category":"ubbull"},{"type":"A","date":"2018-03-16T06:53:26.000Z","volume":973000,"price":1.14,"category":"ubbull"},{"type":"A","date":"2018-03-16T06:53:24.000Z","volume":1809000,"price":1.14,"category":"ubbull"},{"type":"A","date":"2018-03-16T06:53:19.000Z","volume":511000,"price":1.14,"category":"ubbull"},{"type":"A","date":"2018-03-16T06:52:33.000Z","volume":2000000,"price":1.15,"category":"ubbull"},{"type":"A","date":"2018-03-16T06:51:27.000Z","volume":500000,"price":1.15,"category":"ubbull"},{"type":"A","date":"2018-03-16T06:49:48.000Z","volume":120000,"price":1.15,"category":"ubbull"},{"type":"A","date":"2018-03-16T06:48:41.000Z","volume":1000000,"price":1.15,"category":"ubbull"},{"type":"A","date":"2018-03-16T06:48:13.000Z","volume":94000,"price":1.15,"category":"ubbull"},{"type":"A","date":"2018-03-16T06:46:39.000Z","volume":500000,"price":1.15,"category":"ubbull"},{"type":"A","date":"2018-03-16T06:40:48.000Z","volume":264000,"price":1.15,"category":"ubbull"},{"type":"A","date":"2018-03-16T06:39:03.000Z","volume":100000,"price":1.15,"category":"ubbull"},{"type":"A","date":"2018-03-16T06:33:47.000Z","volume":213000,"price":1.15,"category":"ubbull"},{"type":"A","date":"2018-03-16T06:33:44.000Z","volume":300000,"price":1.15,"category":"ubbull"},{"type":"A","date":"2018-03-16T06:31:33.000Z","volume":126000,"price":1.15,"category":"ubbull"},{"type":"A","date":"2018-03-16T06:24:30.000Z","volume":175000,"price":1.15,"category":"ubbull"},{"type":"A","date":"2018-03-16T06:24:17.000Z","volume":338000,"price":1.15,"category":"ubbull"},{"type":"A","date":"2018-03-16T06:19:03.000Z","volume":350000,"price":1.15,"category":"ubbull"},{"type":"A","date":"2018-03-16T06:16:18.000Z","volume":200000,"price":1.15,"category":"ubbull"},{"type":"A","date":"2018-03-16T06:15:45.000Z","volume":200000,"price":1.15,"category":"ubbull"},{"type":"A","date":"2018-03-16T06:14:11.000Z","volume":325000,"price":1.15,"category":"ubbull"},{"type":"A","date":"2018-03-16T06:13:26.000Z","volume":698000,"price":1.14,"category":"ubbull"},{"type":"A","date":"2018-03-16T06:13:26.000Z","volume":352000,"price":1.14,"category":"ubbull"},{"type":"A","date":"2018-03-16T06:11:54.000Z","volume":159000,"price":1.14,"category":"ubbull"},{"type":"A","date":"2018-03-16T06:10:04.000Z","volume":90000,"price":1.14,"category":"ubbull"},{"type":"A","date":"2018-03-16T06:05:16.000Z","volume":92000,"price":1.14,"category":"ubbull"},{"type":"A","date":"2018-03-16T06:04:08.000Z","volume":90000,"price":1.14,"category":"ubbull"},{"type":"A","date":"2018-03-16T06:03:45.000Z","volume":100000,"price":1.14,"category":"ubbull"},{"type":"A","date":"2018-03-16T06:03:38.000Z","volume":113000,"price":1.14,"category":"ubbull"},{"type":"A","date":"2018-03-16T06:03:21.000Z","volume":200000,"price":1.14,"category":"ubbull"},{"type":"A","date":"2018-03-16T06:02:46.000Z","volume":101000,"price":1.14,"category":"ubbull"},{"type":"A","date":"2018-03-16T06:01:05.000Z","volume":100000,"price":1.14,"category":"ubbull"},{"type":"A","date":"2018-03-16T06:01:03.000Z","volume":1000000,"price":1.14,"category":"ubbull"},{"type":"A","date":"2018-03-16T06:00:08.000Z","volume":100000,"price":1.14,"category":"ubbull"},{"type":"A","date":"2018-03-16T05:59:51.000Z","volume":300000,"price":1.14,"category":"ubbull"},{"type":"A","date":"2018-03-16T05:59:48.000Z","volume":1000000,"price":1.14,"category":"ubbull"},{"type":"A","date":"2018-03-16T05:59:46.000Z","volume":296000,"price":1.14,"category":"ubbull"},{"type":"A","date":"2018-03-16T05:59:27.000Z","volume":100000,"price":1.14,"category":"ubbull"},{"type":"A","date":"2018-03-16T05:58:29.000Z","volume":100000,"price":1.14,"category":"ubbull"},{"type":"A","date":"2018-03-16T05:58:20.000Z","volume":100000,"price":1.14,"category":"ubbull"},{"type":"A","date":"2018-03-16T05:58:16.000Z","volume":126000,"price":1.14,"category":"ubbull"},{"type":"A","date":"2018-03-16T05:57:58.000Z","volume":1000000,"price":1.14,"category":"ubbull"},{"type":"A","date":"2018-03-16T05:57:42.000Z","volume":800000,"price":1.14,"category":"ubbull"},{"type":"A","date":"2018-03-16T05:57:42.000Z","volume":200000,"price":1.14,"category":"ubbull"},{"type":"A","date":"2018-03-16T05:57:35.000Z","volume":1000000,"price":1.14,"category":"ubbull"},{"type":"A","date":"2018-03-16T05:52:16.000Z","volume":95000,"price":1.14,"category":"ubbull"},{"type":"A","date":"2018-03-16T05:52:16.000Z","volume":112000,"price":1.14,"category":"ubbull"},{"type":"A","date":"2018-03-16T05:48:37.000Z","volume":180000,"price":1.14,"category":"ubbull"},{"type":"A","date":"2018-03-16T05:48:16.000Z","volume":86000,"price":1.14,"category":"ubbull"},{"type":"A","date":"2018-03-16T05:43:15.000Z","volume":100000,"price":1.14,"category":"ubbull"},{"type":"A","date":"2018-03-16T05:41:49.000Z","volume":100000,"price":1.14,"category":"ubbull"},{"type":"A","date":"2018-03-16T05:40:05.000Z","volume":500000,"price":1.14,"category":"ubbull"},{"type":"A","date":"2018-03-16T05:39:45.000Z","volume":275000,"price":1.14,"category":"ubbull"},{"type":"A","date":"2018-03-16T05:38:17.000Z","volume":149000,"price":1.14,"category":"ubbull"},{"type":"A","date":"2018-03-16T05:36:37.000Z","volume":88000,"price":1.14,"category":"ubbull"},{"type":"A","date":"2018-03-16T05:36:08.000Z","volume":157000,"price":1.14,"category":"ubbull"},{"type":"A","date":"2018-03-16T05:35:45.000Z","volume":126000,"price":1.14,"category":"ubbull"},{"type":"A","date":"2018-03-16T05:35:26.000Z","volume":87000,"price":1.14,"category":"ubbull"},{"type":"A","date":"2018-03-16T05:34:53.000Z","volume":1411000,"price":1.13,"category":"ubbull"},{"type":"A","date":"2018-03-16T05:34:53.000Z","volume":200000,"price":1.13,"category":"ubbull"},{"type":"A","date":"2018-03-16T05:34:52.000Z","volume":400000,"price":1.13,"category":"ubbull"},{"type":"A","date":"2018-03-16T05:34:52.000Z","volume":500000,"price":1.13,"category":"ubbull"},{"type":"A","date":"2018-03-16T05:34:52.000Z","volume":518000,"price":1.13,"category":"ubbull"},{"type":"A","date":"2018-03-16T05:34:52.000Z","volume":182000,"price":1.13,"category":"ubbull"},{"type":"A","date":"2018-03-16T05:34:51.000Z","volume":92000,"price":1.13,"category":"ubbull"},{"type":"A","date":"2018-03-16T05:34:51.000Z","volume":1000000,"price":1.13,"category":"ubbull"},{"type":"A","date":"2018-03-16T05:34:48.000Z","volume":400000,"price":1.13,"category":"ubbull"},{"type":"A","date":"2018-03-16T05:34:34.000Z","volume":100000,"price":1.13,"category":"ubbull"},{"type":"A","date":"2018-03-16T05:34:23.000Z","volume":100000,"price":1.13,"category":"ubbull"},{"type":"A","date":"2018-03-16T05:34:14.000Z","volume":300000,"price":1.13,"category":"ubbull"},{"type":"A","date":"2018-03-16T05:33:45.000Z","volume":100000,"price":1.13,"category":"ubbull"},{"type":"A","date":"2018-03-16T05:33:43.000Z","volume":200000,"price":1.13,"category":"ubbull"},{"type":"A","date":"2018-03-16T05:33:27.000Z","volume":152000,"price":1.13,"category":"ubbull"},{"type":"A","date":"2018-03-16T05:31:00.000Z","volume":100000,"price":1.13,"category":"ubbull"},{"type":"A","date":"2018-03-16T05:29:57.000Z","volume":95000,"price":1.13,"category":"ubbull"},{"type":"A","date":"2018-03-16T05:29:48.000Z","volume":100000,"price":1.13,"category":"ubbull"},{"type":"A","date":"2018-03-16T05:29:15.000Z","volume":207000,"price":1.13,"category":"ubbull"},{"type":"A","date":"2018-03-16T05:27:48.000Z","volume":100000,"price":1.13,"category":"ubbull"},{"type":"A","date":"2018-03-16T05:25:19.000Z","volume":100000,"price":1.12,"category":"ubbull"},{"type":"A","date":"2018-03-16T05:25:19.000Z","volume":570000,"price":1.12,"category":"ubbull"},{"type":"A","date":"2018-03-16T05:25:19.000Z","volume":96000,"price":1.12,"category":"ubbull"},{"type":"A","date":"2018-03-16T05:25:19.000Z","volume":485000,"price":1.12,"category":"ubbull"},{"type":"A","date":"2018-03-16T05:25:19.000Z","volume":1622000,"price":1.12,"category":"ubbull"},{"type":"A","date":"2018-03-16T05:25:19.000Z","volume":170000,"price":1.12,"category":"ubbull"},{"type":"A","date":"2018-03-16T05:25:19.000Z","volume":2903000,"price":1.12,"category":"ubbull"},{"type":"A","date":"2018-03-16T05:25:19.000Z","volume":116000,"price":1.12,"category":"ubbull"},{"type":"A","date":"2018-03-16T05:25:19.000Z","volume":1000000,"price":1.12,"category":"ubbull"},{"type":"A","date":"2018-03-16T05:25:12.000Z","volume":1000000,"price":1.12,"category":"ubbull"},{"type":"A","date":"2018-03-16T05:25:06.000Z","volume":1000000,"price":1.12,"category":"ubbull"},{"type":"A","date":"2018-03-16T05:25:00.000Z","volume":1000000,"price":1.12,"category":"ubbull"},{"type":"A","date":"2018-03-16T05:21:15.000Z","volume":275000,"price":1.12,"category":"ubbull"},{"type":"A","date":"2018-03-16T05:20:54.000Z","volume":100000,"price":1.12,"category":"ubbull"},{"type":"A","date":"2018-03-16T05:20:26.000Z","volume":160000,"price":1.12,"category":"ubbull"},{"type":"A","date":"2018-03-16T05:19:36.000Z","volume":100000,"price":1.12,"category":"ubbull"},{"type":"A","date":"2018-03-16T05:18:39.000Z","volume":200000,"price":1.12,"category":"ubbull"},{"type":"A","date":"2018-03-16T05:10:00.000Z","volume":100000,"price":1.12,"category":"ubbull"},{"type":"A","date":"2018-03-16T05:08:01.000Z","volume":250000,"price":1.12,"category":"ubbull"},{"type":"A","date":"2018-03-16T05:06:02.000Z","volume":190000,"price":1.12,"category":"ubbull"},{"type":"A","date":"2018-03-16T05:01:43.000Z","volume":206000,"price":1.12,"category":"ubbull"},{"type":"A","date":"2018-03-16T05:00:06.000Z","volume":500000,"price":1.12,"category":"ubbull"},{"type":"A","date":"2018-03-16T05:00:01.000Z","volume":100000,"price":1.12,"category":"ubbull"},{"type":"A","date":"2018-03-16T05:00:01.000Z","volume":200000,"price":1.12,"category":"ubbull"},{"type":"A","date":"2018-03-16T03:57:33.000Z","volume":275000,"price":1.11,"category":"ubbull"},{"type":"A","date":"2018-03-16T03:57:24.000Z","volume":100000,"price":1.11,"category":"ubbull"},{"type":"A","date":"2018-03-16T03:57:22.000Z","volume":100000,"price":1.11,"category":"ubbull"},{"type":"A","date":"2018-03-16T03:57:19.000Z","volume":100000,"price":1.11,"category":"ubbull"},{"type":"A","date":"2018-03-16T03:57:08.000Z","volume":241000,"price":1.11,"category":"ubbull"},{"type":"A","date":"2018-03-16T03:57:08.000Z","volume":586000,"price":1.11,"category":"ubbull"},{"type":"A","date":"2018-03-16T03:57:08.000Z","volume":1250000,"price":1.11,"category":"ubbull"},{"type":"A","date":"2018-03-16T03:57:08.000Z","volume":100000,"price":1.11,"category":"ubbull"},{"type":"A","date":"2018-03-16T03:57:08.000Z","volume":184000,"price":1.11,"category":"ubbull"},{"type":"A","date":"2018-03-16T03:57:05.000Z","volume":100000,"price":1.11,"category":"ubbull"},{"type":"A","date":"2018-03-16T03:57:03.000Z","volume":100000,"price":1.11,"category":"ubbull"},{"type":"A","date":"2018-03-16T03:56:44.000Z","volume":100000,"price":1.11,"category":"ubbull"},{"type":"A","date":"2018-03-16T03:56:38.000Z","volume":100000,"price":1.11,"category":"ubbull"},{"type":"A","date":"2018-03-16T03:56:19.000Z","volume":100000,"price":1.11,"category":"ubbull"},{"type":"A","date":"2018-03-16T03:56:02.000Z","volume":100000,"price":1.11,"category":"ubbull"},{"type":"A","date":"2018-03-16T03:55:53.000Z","volume":100000,"price":1.11,"category":"ubbull"},{"type":"A","date":"2018-03-16T03:55:43.000Z","volume":100000,"price":1.11,"category":"ubbull"},{"type":"A","date":"2018-03-16T03:55:29.000Z","volume":100000,"price":1.11,"category":"ubbull"},{"type":"A","date":"2018-03-16T03:53:19.000Z","volume":111000,"price":1.11,"category":"ubbull"},{"type":"A","date":"2018-03-16T03:44:04.000Z","volume":1121000,"price":1.11,"category":"ubbull"},{"type":"A","date":"2018-03-16T03:44:04.000Z","volume":451000,"price":1.11,"category":"ubbull"},{"type":"A","date":"2018-03-16T03:44:04.000Z","volume":200000,"price":1.11,"category":"ubbull"},{"type":"A","date":"2018-03-16T03:43:57.000Z","volume":100000,"price":1.11,"category":"ubbull"},{"type":"A","date":"2018-03-16T03:42:48.000Z","volume":134000,"price":1.11,"category":"ubbull"},{"type":"A","date":"2018-03-16T03:42:41.000Z","volume":100000,"price":1.11,"category":"ubbull"},{"type":"A","date":"2018-03-16T03:42:15.000Z","volume":399000,"price":1.11,"category":"ubbull"},{"type":"A","date":"2018-03-16T03:38:52.000Z","volume":100000,"price":1.11,"category":"ubbull"},{"type":"A","date":"2018-03-16T03:35:24.000Z","volume":100000,"price":1.11,"category":"ubbull"},{"type":"A","date":"2018-03-16T03:35:00.000Z","volume":165000,"price":1.11,"category":"ubbull"},{"type":"A","date":"2018-03-16T03:34:07.000Z","volume":89000,"price":1.11,"category":"ubbull"},{"type":"A","date":"2018-03-16T03:31:42.000Z","volume":100000,"price":1.11,"category":"ubbull"},{"type":"A","date":"2018-03-16T03:31:06.000Z","volume":286000,"price":1.11,"category":"ubbull"},{"type":"A","date":"2018-03-16T03:30:56.000Z","volume":100000,"price":1.11,"category":"ubbull"},{"type":"A","date":"2018-03-16T03:30:29.000Z","volume":89000,"price":1.12,"category":"ubbull"},{"type":"A","date":"2018-03-16T03:30:15.000Z","volume":200000,"price":1.12,"category":"ubbull"},{"type":"A","date":"2018-03-16T03:27:08.000Z","volume":100000,"price":1.12,"category":"ubbull"},{"type":"A","date":"2018-03-16T03:23:18.000Z","volume":93000,"price":1.12,"category":"ubbull"},{"type":"A","date":"2018-03-16T03:21:06.000Z","volume":310000,"price":1.12,"category":"ubbull"},{"type":"A","date":"2018-03-16T03:20:58.000Z","volume":200000,"price":1.12,"category":"ubbull"},{"type":"A","date":"2018-03-16T03:20:49.000Z","volume":182000,"price":1.12,"category":"ubbull"},{"type":"A","date":"2018-03-16T03:18:58.000Z","volume":200000,"price":1.12,"category":"ubbull"},{"type":"A","date":"2018-03-16T03:15:47.000Z","volume":140000,"price":1.12,"category":"ubbull"},{"type":"A","date":"2018-03-16T03:13:55.000Z","volume":155000,"price":1.12,"category":"ubbull"},{"type":"A","date":"2018-03-16T03:12:58.000Z","volume":100000,"price":1.12,"category":"ubbull"},{"type":"A","date":"2018-03-16T03:12:22.000Z","volume":113000,"price":1.12,"category":"ubbull"},{"type":"A","date":"2018-03-16T03:10:56.000Z","volume":400000,"price":1.12,"category":"ubbull"},{"type":"A","date":"2018-03-16T03:09:26.000Z","volume":140000,"price":1.12,"category":"ubbull"},{"type":"A","date":"2018-03-16T03:09:03.000Z","volume":1497000,"price":1.11,"category":"ubbull"},{"type":"A","date":"2018-03-16T03:09:03.000Z","volume":3000000,"price":1.11,"category":"ubbull"},{"type":"A","date":"2018-03-16T03:09:03.000Z","volume":3000000,"price":1.11,"category":"ubbull"},{"type":"A","date":"2018-03-16T03:09:03.000Z","volume":1500000,"price":1.11,"category":"ubbull"},{"type":"A","date":"2018-03-16T03:09:03.000Z","volume":3000000,"price":1.11,"category":"ubbull"},{"type":"A","date":"2018-03-16T03:08:34.000Z","volume":120000,"price":1.11,"category":"ubbull"},{"type":"A","date":"2018-03-16T03:06:32.000Z","volume":163000,"price":1.11,"category":"ubbull"},{"type":"A","date":"2018-03-16T03:04:27.000Z","volume":200000,"price":1.11,"category":"ubbull"},{"type":"A","date":"2018-03-16T03:01:28.000Z","volume":100000,"price":1.11,"category":"ubbull"},{"type":"A","date":"2018-03-16T02:57:52.000Z","volume":400000,"price":1.11,"category":"ubbull"},{"type":"A","date":"2018-03-16T02:57:52.000Z","volume":100000,"price":1.11,"category":"ubbull"},{"type":"A","date":"2018-03-16T02:55:44.000Z","volume":89000,"price":1.11,"category":"ubbull"},{"type":"A","date":"2018-03-16T02:54:14.000Z","volume":220000,"price":1.11,"category":"ubbull"},{"type":"A","date":"2018-03-16T02:53:52.000Z","volume":100000,"price":1.11,"category":"ubbull"},{"type":"A","date":"2018-03-16T02:53:25.000Z","volume":100000,"price":1.11,"category":"ubbull"},{"type":"A","date":"2018-03-16T02:53:06.000Z","volume":108000,"price":1.11,"category":"ubbull"},{"type":"A","date":"2018-03-16T02:51:51.000Z","volume":100000,"price":1.11,"category":"ubbull"},{"type":"A","date":"2018-03-16T02:51:50.000Z","volume":200000,"price":1.11,"category":"ubbull"},{"type":"A","date":"2018-03-16T02:50:13.000Z","volume":88000,"price":1.11,"category":"ubbull"},{"type":"A","date":"2018-03-16T02:47:15.000Z","volume":300000,"price":1.11,"category":"ubbull"},{"type":"A","date":"2018-03-16T02:45:47.000Z","volume":100000,"price":1.11,"category":"ubbull"},{"type":"A","date":"2018-03-16T02:44:55.000Z","volume":100000,"price":1.11,"category":"ubbull"},{"type":"A","date":"2018-03-16T02:44:47.000Z","volume":99000,"price":1.11,"category":"ubbull"},{"type":"A","date":"2018-03-16T02:43:13.000Z","volume":90000,"price":1.11,"category":"ubbull"},{"type":"A","date":"2018-03-16T02:42:20.000Z","volume":100000,"price":1.11,"category":"ubbull"},{"type":"A","date":"2018-03-16T02:42:01.000Z","volume":200000,"price":1.11,"category":"ubbull"},{"type":"A","date":"2018-03-16T02:41:06.000Z","volume":88000,"price":1.11,"category":"ubbull"},{"type":"A","date":"2018-03-16T02:38:04.000Z","volume":100000,"price":1.11,"category":"ubbull"},{"type":"A","date":"2018-03-16T02:37:45.000Z","volume":100000,"price":1.11,"category":"ubbull"},{"type":"A","date":"2018-03-16T02:37:29.000Z","volume":200000,"price":1.11,"category":"ubbull"},{"type":"A","date":"2018-03-16T02:37:26.000Z","volume":113000,"price":1.11,"category":"ubbull"},{"type":"A","date":"2018-03-16T02:33:25.000Z","volume":700000,"price":1.11,"category":"ubbull"},{"type":"A","date":"2018-03-16T02:28:06.000Z","volume":130000,"price":1.11,"category":"ubbull"},{"type":"A","date":"2018-03-16T02:25:58.000Z","volume":500000,"price":1.11,"category":"ubbull"},{"type":"A","date":"2018-03-16T02:23:06.000Z","volume":100000,"price":1.11,"category":"ubbull"},{"type":"A","date":"2018-03-16T02:22:35.000Z","volume":350000,"price":1.11,"category":"ubbull"},{"type":"A","date":"2018-03-16T02:22:35.000Z","volume":150000,"price":1.11,"category":"ubbull"},{"type":"A","date":"2018-03-16T02:22:25.000Z","volume":120000,"price":1.11,"category":"ubbull"},{"type":"A","date":"2018-03-16T02:21:51.000Z","volume":100000,"price":1.11,"category":"ubbull"},{"type":"A","date":"2018-03-16T02:20:31.000Z","volume":197000,"price":1.11,"category":"ubbull"},{"type":"A","date":"2018-03-16T02:20:28.000Z","volume":100000,"price":1.11,"category":"ubbull"},{"type":"A","date":"2018-03-16T02:17:24.000Z","volume":138000,"price":1.11,"category":"ubbull"},{"type":"A","date":"2018-03-16T02:14:26.000Z","volume":100000,"price":1.11,"category":"ubbull"},{"type":"A","date":"2018-03-16T02:09:54.000Z","volume":200000,"price":1.11,"category":"ubbull"},{"type":"A","date":"2018-03-16T02:07:24.000Z","volume":146000,"price":1.12,"category":"ubbull"},{"type":"A","date":"2018-03-16T02:05:18.000Z","volume":769000,"price":1.12,"category":"ubbull"},{"type":"A","date":"2018-03-16T02:04:57.000Z","volume":100000,"price":1.12,"category":"ubbull"},{"type":"A","date":"2018-03-16T02:02:15.000Z","volume":316000,"price":1.12,"category":"ubbull"},{"type":"A","date":"2018-03-16T01:57:11.000Z","volume":100000,"price":1.12,"category":"ubbull"},{"type":"A","date":"2018-03-16T01:57:05.000Z","volume":2000000,"price":1.12,"category":"ubbull"},{"type":"A","date":"2018-03-16T01:56:46.000Z","volume":200000,"price":1.12,"category":"ubbull"},{"type":"A","date":"2018-03-16T01:56:37.000Z","volume":96000,"price":1.12,"category":"ubbull"},{"type":"A","date":"2018-03-16T01:56:18.000Z","volume":200000,"price":1.12,"category":"ubbull"},{"type":"A","date":"2018-03-16T01:55:42.000Z","volume":100000,"price":1.12,"category":"ubbull"},{"type":"A","date":"2018-03-16T01:54:43.000Z","volume":97000,"price":1.12,"category":"ubbull"},{"type":"A","date":"2018-03-16T01:54:16.000Z","volume":100000,"price":1.12,"category":"ubbull"},{"type":"A","date":"2018-03-16T01:53:47.000Z","volume":88000,"price":1.12,"category":"ubbull"},{"type":"A","date":"2018-03-16T01:53:29.000Z","volume":100000,"price":1.12,"category":"ubbull"},{"type":"A","date":"2018-03-16T01:51:50.000Z","volume":100000,"price":1.12,"category":"ubbull"},{"type":"A","date":"2018-03-16T01:51:20.000Z","volume":144000,"price":1.12,"category":"ubbull"},{"type":"A","date":"2018-03-16T01:49:22.000Z","volume":85000,"price":1.12,"category":"ubbull"},{"type":"A","date":"2018-03-16T01:48:23.000Z","volume":190000,"price":1.12,"category":"ubbull"},{"type":"A","date":"2018-03-16T01:47:15.000Z","volume":166000,"price":1.12,"category":"ubbull"},{"type":"A","date":"2018-03-16T01:46:58.000Z","volume":100000,"price":1.12,"category":"ubbull"},{"type":"A","date":"2018-03-16T01:46:13.000Z","volume":100000,"price":1.12,"category":"ubbull"},{"type":"A","date":"2018-03-16T01:45:39.000Z","volume":400000,"price":1.12,"category":"ubbull"},{"type":"A","date":"2018-03-16T01:44:13.000Z","volume":200000,"price":1.12,"category":"ubbull"},{"type":"A","date":"2018-03-16T01:44:04.000Z","volume":150000,"price":1.12,"category":"ubbull"},{"type":"A","date":"2018-03-16T01:43:36.000Z","volume":147000,"price":1.12,"category":"ubbull"},{"type":"A","date":"2018-03-16T01:43:25.000Z","volume":100000,"price":1.12,"category":"ubbull"},{"type":"A","date":"2018-03-16T01:43:24.000Z","volume":400000,"price":1.12,"category":"ubbull"},{"type":"A","date":"2018-03-16T01:42:47.000Z","volume":138000,"price":1.12,"category":"ubbull"},{"type":"A","date":"2018-03-16T01:42:26.000Z","volume":100000,"price":1.12,"category":"ubbull"},{"type":"A","date":"2018-03-16T01:42:26.000Z","volume":100000,"price":1.12,"category":"ubbull"},{"type":"A","date":"2018-03-16T01:42:17.000Z","volume":200000,"price":1.12,"category":"ubbull"},{"type":"A","date":"2018-03-16T01:41:40.000Z","volume":100000,"price":1.12,"category":"ubbull"},{"type":"A","date":"2018-03-16T01:41:37.000Z","volume":94000,"price":1.12,"category":"ubbull"},{"type":"A","date":"2018-03-16T01:41:22.000Z","volume":100000,"price":1.12,"category":"ubbull"},{"type":"A","date":"2018-03-16T01:40:57.000Z","volume":313000,"price":1.12,"category":"ubbull"},{"type":"A","date":"2018-03-16T01:40:51.000Z","volume":87000,"price":1.12,"category":"ubbull"},{"type":"A","date":"2018-03-16T01:40:16.000Z","volume":1743000,"price":1.11,"category":"ubbull"},{"type":"A","date":"2018-03-16T01:40:07.000Z","volume":100000,"price":1.11,"category":"ubbull"},{"type":"A","date":"2018-03-16T01:40:02.000Z","volume":300000,"price":1.11,"category":"ubbull"},{"type":"A","date":"2018-03-16T01:40:00.000Z","volume":130000,"price":1.11,"category":"ubbull"},{"type":"A","date":"2018-03-16T01:39:59.000Z","volume":100000,"price":1.11,"category":"ubbull"},{"type":"A","date":"2018-03-16T01:39:49.000Z","volume":100000,"price":1.11,"category":"ubbull"},{"type":"A","date":"2018-03-16T01:39:41.000Z","volume":200000,"price":1.11,"category":"ubbull"},{"type":"A","date":"2018-03-16T01:39:37.000Z","volume":99000,"price":1.11,"category":"ubbull"},{"type":"A","date":"2018-03-16T01:39:19.000Z","volume":200000,"price":1.11,"category":"ubbull"},{"type":"A","date":"2018-03-16T01:39:14.000Z","volume":200000,"price":1.11,"category":"ubbull"},{"type":"A","date":"2018-03-16T01:39:07.000Z","volume":541000,"price":1.11,"category":"ubbull"},{"type":"A","date":"2018-03-16T01:38:51.000Z","volume":2620000,"price":1.11,"category":"ubbull"},{"type":"A","date":"2018-03-16T01:38:51.000Z","volume":3000000,"price":1.11,"category":"ubbull"},{"type":"A","date":"2018-03-16T01:38:37.000Z","volume":423000,"price":1.11,"category":"ubbull"},{"type":"A","date":"2018-03-16T01:38:28.000Z","volume":90000,"price":1.11,"category":"ubbull"},{"type":"A","date":"2018-03-16T01:38:14.000Z","volume":200000,"price":1.11,"category":"ubbull"},{"type":"A","date":"2018-03-16T01:37:32.000Z","volume":274000,"price":1.1,"category":"ubbull"},{"type":"A","date":"2018-03-16T01:37:32.000Z","volume":2785000,"price":1.1,"category":"ubbull"},{"type":"A","date":"2018-03-16T01:37:32.000Z","volume":2000000,"price":1.1,"category":"ubbull"},{"type":"A","date":"2018-03-16T01:37:31.000Z","volume":200000,"price":1.1,"category":"ubbull"},{"type":"A","date":"2018-03-16T01:37:27.000Z","volume":100000,"price":1.1,"category":"ubbull"},{"type":"A","date":"2018-03-16T01:37:18.000Z","volume":100000,"price":1.1,"category":"ubbull"},{"type":"A","date":"2018-03-16T01:37:00.000Z","volume":200000,"price":1.1,"category":"ubbull"},{"type":"A","date":"2018-03-16T01:36:49.000Z","volume":878000,"price":1.1,"category":"ubbull"},{"type":"A","date":"2018-03-16T01:36:25.000Z","volume":100000,"price":1.1,"category":"ubbull"},{"type":"A","date":"2018-03-16T01:36:17.000Z","volume":1000000,"price":1.1,"category":"ubbull"},{"type":"A","date":"2018-03-16T01:35:40.000Z","volume":90000,"price":1.1,"category":"ubbull"},{"type":"A","date":"2018-03-16T01:35:22.000Z","volume":191000,"price":1.1,"category":"ubbull"},{"type":"A","date":"2018-03-16T01:35:02.000Z","volume":2677000,"price":1.09,"category":"ubbull"},{"type":"A","date":"2018-03-16T01:35:01.000Z","volume":500000,"price":1.09,"category":"ubbull"},{"type":"A","date":"2018-03-16T01:34:58.000Z","volume":500000,"price":1.09,"category":"ubbull"},{"type":"A","date":"2018-03-16T01:34:58.000Z","volume":100000,"price":1.09,"category":"ubbull"},{"type":"A","date":"2018-03-16T01:34:19.000Z","volume":100000,"price":1.09,"category":"ubbull"},{"type":"A","date":"2018-03-16T01:34:15.000Z","volume":100000,"price":1.09,"category":"ubbull"},{"type":"A","date":"2018-03-16T01:33:54.000Z","volume":100000,"price":1.1,"category":"ubbull"},{"type":"A","date":"2018-03-16T01:33:33.000Z","volume":256000,"price":1.1,"category":"ubbull"},{"type":"A","date":"2018-03-16T01:33:28.000Z","volume":100000,"price":1.1,"category":"ubbull"},{"type":"A","date":"2018-03-16T01:32:50.000Z","volume":300000,"price":1.11,"category":"ubbull"},{"type":"A","date":"2018-03-16T01:32:15.000Z","volume":100000,"price":1.11,"category":"ubbull"},{"type":"A","date":"2018-03-16T01:32:11.000Z","volume":100000,"price":1.11,"category":"ubbull"},{"type":"A","date":"2018-03-16T01:32:06.000Z","volume":200000,"price":1.11,"category":"ubbull"},{"type":"A","date":"2018-03-16T01:31:53.000Z","volume":100000,"price":1.12,"category":"ubbull"},{"type":"A","date":"2018-03-16T01:31:34.000Z","volume":120000,"price":1.12,"category":"ubbull"},{"type":"A","date":"2018-03-16T01:31:18.000Z","volume":100000,"price":1.13,"category":"ubbull"},{"type":"A","date":"2018-03-16T01:31:15.000Z","volume":200000,"price":1.13,"category":"ubbull"},{"type":"A","date":"2018-03-16T01:30:40.000Z","volume":100000,"price":1.13,"category":"ubbull"},{"type":"A","date":"2018-03-16T01:30:38.000Z","volume":250000,"price":1.13,"category":"ubbull"},{"type":"A","date":"2018-03-16T01:30:34.000Z","volume":100000,"price":1.13,"category":"ubbull"},{"type":"A","date":"2018-03-16T01:30:32.000Z","volume":229000,"price":1.13,"category":"ubbull"},{"type":"A","date":"2018-03-16T01:30:32.000Z","volume":200000,"price":1.13,"category":"ubbull"},{"type":"A","date":"2018-03-16T01:30:21.000Z","volume":100000,"price":1.13,"category":"ubbull"},{"type":"A","date":"2018-03-16T01:30:20.000Z","volume":100000,"price":1.13,"category":"ubbull"},{"type":"A","date":"2018-03-16T01:30:15.000Z","volume":170000,"price":1.13,"category":"ubbull"},{"type":"A","date":"2018-03-16T01:30:14.000Z","volume":500000,"price":1.13,"category":"ubbull"},{"type":"A","date":"2018-03-16T01:30:07.000Z","volume":100000,"price":1.13,"category":"ubbull"},{"type":"A","date":"2018-03-16T01:30:06.000Z","volume":216000,"price":1.13,"category":"ubbull"},{"type":"A","date":"2018-03-16T01:30:02.000Z","volume":100000,"price":1.14,"category":"ubbull"},{"type":"A","date":"2018-03-16T01:30:02.000Z","volume":223000,"price":1.14,"category":"ubbull"},{"type":"A","date":"2018-03-16T01:30:01.000Z","volume":925000,"price":1.13,"category":"ubbull"},{"type":"A","date":"2018-03-16T01:30:00.000Z","volume":200000,"price":1.13,"category":"ubbull"},{"type":"A","date":"2018-03-16T01:30:00.000Z","volume":200000,"price":1.13,"category":"ubbull"},{"type":"A","date":"2018-03-16T07:59:46.000Z","volume":45000,"price":1.14,"category":"bbull"},{"type":"A","date":"2018-03-16T07:59:07.000Z","volume":50000,"price":1.14,"category":"bbull"},{"type":"A","date":"2018-03-16T07:59:04.000Z","volume":33000,"price":1.14,"category":"bbull"},{"type":"A","date":"2018-03-16T07:58:32.000Z","volume":35000,"price":1.14,"category":"bbull"},{"type":"A","date":"2018-03-16T07:58:32.000Z","volume":30000,"price":1.14,"category":"bbull"},{"type":"A","date":"2018-03-16T07:57:59.000Z","volume":58000,"price":1.14,"category":"bbull"},{"type":"A","date":"2018-03-16T07:57:33.000Z","volume":26000,"price":1.14,"category":"bbull"},{"type":"A","date":"2018-03-16T07:57:17.000Z","volume":30000,"price":1.14,"category":"bbull"},{"type":"A","date":"2018-03-16T07:55:56.000Z","volume":79000,"price":1.14,"category":"bbull"},{"type":"A","date":"2018-03-16T07:54:54.000Z","volume":50000,"price":1.14,"category":"bbull"},{"type":"A","date":"2018-03-16T07:53:43.000Z","volume":38000,"price":1.14,"category":"bbull"},{"type":"A","date":"2018-03-16T07:52:05.000Z","volume":37000,"price":1.14,"category":"bbull"},{"type":"A","date":"2018-03-16T07:51:58.000Z","volume":50000,"price":1.14,"category":"bbull"},{"type":"A","date":"2018-03-16T07:51:18.000Z","volume":40000,"price":1.15,"category":"bbull"},{"type":"A","date":"2018-03-16T07:50:56.000Z","volume":66000,"price":1.15,"category":"bbull"},{"type":"A","date":"2018-03-16T07:50:54.000Z","volume":30000,"price":1.15,"category":"bbull"},{"type":"A","date":"2018-03-16T07:50:48.000Z","volume":36000,"price":1.15,"category":"bbull"},{"type":"A","date":"2018-03-16T07:50:27.000Z","volume":55000,"price":1.15,"category":"bbull"},{"type":"A","date":"2018-03-16T07:49:56.000Z","volume":69000,"price":1.15,"category":"bbull"},{"type":"A","date":"2018-03-16T07:49:48.000Z","volume":50000,"price":1.15,"category":"bbull"},{"type":"A","date":"2018-03-16T07:49:45.000Z","volume":50000,"price":1.15,"category":"bbull"},{"type":"A","date":"2018-03-16T07:49:29.000Z","volume":79000,"price":1.15,"category":"bbull"},{"type":"A","date":"2018-03-16T07:49:26.000Z","volume":60000,"price":1.15,"category":"bbull"},{"type":"A","date":"2018-03-16T07:48:56.000Z","volume":26000,"price":1.15,"category":"bbull"},{"type":"A","date":"2018-03-16T07:47:29.000Z","volume":79000,"price":1.15,"category":"bbull"},{"type":"A","date":"2018-03-16T07:45:35.000Z","volume":26000,"price":1.15,"category":"bbull"},{"type":"A","date":"2018-03-16T07:45:33.000Z","volume":45000,"price":1.15,"category":"bbull"},{"type":"A","date":"2018-03-16T07:45:29.000Z","volume":78000,"price":1.15,"category":"bbull"},{"type":"A","date":"2018-03-16T07:42:29.000Z","volume":79000,"price":1.15,"category":"bbull"},{"type":"A","date":"2018-03-16T07:41:12.000Z","volume":40000,"price":1.15,"category":"bbull"},{"type":"A","date":"2018-03-16T07:39:29.000Z","volume":78000,"price":1.15,"category":"bbull"},{"type":"A","date":"2018-03-16T07:37:56.000Z","volume":42000,"price":1.15,"category":"bbull"},{"type":"A","date":"2018-03-16T07:36:56.000Z","volume":46000,"price":1.15,"category":"bbull"},{"type":"A","date":"2018-03-16T07:36:29.000Z","volume":26000,"price":1.15,"category":"bbull"},{"type":"A","date":"2018-03-16T07:36:29.000Z","volume":50000,"price":1.15,"category":"bbull"},{"type":"A","date":"2018-03-16T07:36:26.000Z","volume":42000,"price":1.15,"category":"bbull"},{"type":"A","date":"2018-03-16T07:35:56.000Z","volume":36000,"price":1.15,"category":"bbull"},{"type":"A","date":"2018-03-16T07:35:26.000Z","volume":44000,"price":1.15,"category":"bbull"},{"type":"A","date":"2018-03-16T07:35:25.000Z","volume":65000,"price":1.15,"category":"bbull"},{"type":"A","date":"2018-03-16T07:34:50.000Z","volume":60000,"price":1.14,"category":"bbull"},{"type":"A","date":"2018-03-16T07:34:26.000Z","volume":48000,"price":1.14,"category":"bbull"},{"type":"A","date":"2018-03-16T07:33:25.000Z","volume":46000,"price":1.14,"category":"bbull"},{"type":"A","date":"2018-03-16T07:33:10.000Z","volume":50000,"price":1.14,"category":"bbull"},{"type":"A","date":"2018-03-16T07:32:55.000Z","volume":38000,"price":1.14,"category":"bbull"},{"type":"A","date":"2018-03-16T07:31:25.000Z","volume":42000,"price":1.14,"category":"bbull"},{"type":"A","date":"2018-03-16T07:31:05.000Z","volume":30000,"price":1.14,"category":"bbull"},{"type":"A","date":"2018-03-16T07:30:55.000Z","volume":46000,"price":1.14,"category":"bbull"},{"type":"A","date":"2018-03-16T07:29:55.000Z","volume":48000,"price":1.14,"category":"bbull"},{"type":"A","date":"2018-03-16T07:28:55.000Z","volume":50000,"price":1.14,"category":"bbull"},{"type":"A","date":"2018-03-16T07:27:17.000Z","volume":55000,"price":1.14,"category":"bbull"},{"type":"A","date":"2018-03-16T07:27:00.000Z","volume":35000,"price":1.14,"category":"bbull"},{"type":"A","date":"2018-03-16T07:26:41.000Z","volume":50000,"price":1.14,"category":"bbull"},{"type":"A","date":"2018-03-16T07:26:33.000Z","volume":30000,"price":1.14,"category":"bbull"},{"type":"A","date":"2018-03-16T07:25:47.000Z","volume":26000,"price":1.14,"category":"bbull"},{"type":"A","date":"2018-03-16T07:23:41.000Z","volume":30000,"price":1.14,"category":"bbull"},{"type":"A","date":"2018-03-16T07:23:34.000Z","volume":40000,"price":1.14,"category":"bbull"},{"type":"A","date":"2018-03-16T07:21:20.000Z","volume":30000,"price":1.14,"category":"bbull"},{"type":"A","date":"2018-03-16T07:18:23.000Z","volume":34000,"price":1.14,"category":"bbull"},{"type":"A","date":"2018-03-16T07:17:59.000Z","volume":30000,"price":1.14,"category":"bbull"},{"type":"A","date":"2018-03-16T07:16:51.000Z","volume":50000,"price":1.14,"category":"bbull"},{"type":"A","date":"2018-03-16T07:13:21.000Z","volume":40000,"price":1.14,"category":"bbull"},{"type":"A","date":"2018-03-16T07:10:49.000Z","volume":72000,"price":1.14,"category":"bbull"},{"type":"A","date":"2018-03-16T07:10:16.000Z","volume":42000,"price":1.14,"category":"bbull"},{"type":"A","date":"2018-03-16T07:09:56.000Z","volume":50000,"price":1.14,"category":"bbull"},{"type":"A","date":"2018-03-16T07:08:16.000Z","volume":35000,"price":1.14,"category":"bbull"},{"type":"A","date":"2018-03-16T07:07:51.000Z","volume":50000,"price":1.14,"category":"bbull"},{"type":"A","date":"2018-03-16T07:07:40.000Z","volume":40000,"price":1.14,"category":"bbull"},{"type":"A","date":"2018-03-16T07:07:34.000Z","volume":30000,"price":1.14,"category":"bbull"},{"type":"A","date":"2018-03-16T07:06:49.000Z","volume":38000,"price":1.14,"category":"bbull"},{"type":"A","date":"2018-03-16T06:59:33.000Z","volume":58000,"price":1.14,"category":"bbull"},{"type":"A","date":"2018-03-16T06:59:29.000Z","volume":60000,"price":1.14,"category":"bbull"},{"type":"A","date":"2018-03-16T06:56:40.000Z","volume":50000,"price":1.14,"category":"bbull"},{"type":"A","date":"2018-03-16T06:56:00.000Z","volume":36000,"price":1.14,"category":"bbull"},{"type":"A","date":"2018-03-16T06:55:43.000Z","volume":50000,"price":1.14,"category":"bbull"},{"type":"A","date":"2018-03-16T06:55:31.000Z","volume":30000,"price":1.14,"category":"bbull"},{"type":"A","date":"2018-03-16T06:52:46.000Z","volume":26000,"price":1.15,"category":"bbull"},{"type":"A","date":"2018-03-16T06:47:48.000Z","volume":80000,"price":1.15,"category":"bbull"},{"type":"A","date":"2018-03-16T06:47:45.000Z","volume":26000,"price":1.15,"category":"bbull"},{"type":"A","date":"2018-03-16T06:46:01.000Z","volume":64000,"price":1.15,"category":"bbull"},{"type":"A","date":"2018-03-16T06:45:08.000Z","volume":50000,"price":1.15,"category":"bbull"},{"type":"A","date":"2018-03-16T06:42:32.000Z","volume":26000,"price":1.15,"category":"bbull"},{"type":"A","date":"2018-03-16T06:37:15.000Z","volume":27000,"price":1.15,"category":"bbull"},{"type":"A","date":"2018-03-16T06:36:34.000Z","volume":50000,"price":1.15,"category":"bbull"},{"type":"A","date":"2018-03-16T06:34:53.000Z","volume":26000,"price":1.15,"category":"bbull"},{"type":"A","date":"2018-03-16T06:34:16.000Z","volume":26000,"price":1.15,"category":"bbull"},{"type":"A","date":"2018-03-16T06:33:47.000Z","volume":51000,"price":1.15,"category":"bbull"},{"type":"A","date":"2018-03-16T06:33:37.000Z","volume":26000,"price":1.15,"category":"bbull"},{"type":"A","date":"2018-03-16T06:32:59.000Z","volume":28000,"price":1.15,"category":"bbull"},{"type":"A","date":"2018-03-16T06:32:22.000Z","volume":40000,"price":1.15,"category":"bbull"},{"type":"A","date":"2018-03-16T06:32:17.000Z","volume":32000,"price":1.15,"category":"bbull"},{"type":"A","date":"2018-03-16T06:32:17.000Z","volume":29000,"price":1.15,"category":"bbull"},{"type":"A","date":"2018-03-16T06:32:10.000Z","volume":70000,"price":1.15,"category":"bbull"},{"type":"A","date":"2018-03-16T06:31:01.000Z","volume":30000,"price":1.15,"category":"bbull"},{"type":"A","date":"2018-03-16T06:29:35.000Z","volume":26000,"price":1.15,"category":"bbull"},{"type":"A","date":"2018-03-16T06:28:38.000Z","volume":40000,"price":1.15,"category":"bbull"},{"type":"A","date":"2018-03-16T06:27:49.000Z","volume":35000,"price":1.15,"category":"bbull"},{"type":"A","date":"2018-03-16T06:27:21.000Z","volume":30000,"price":1.15,"category":"bbull"},{"type":"A","date":"2018-03-16T06:27:18.000Z","volume":36000,"price":1.15,"category":"bbull"},{"type":"A","date":"2018-03-16T06:26:05.000Z","volume":50000,"price":1.15,"category":"bbull"},{"type":"A","date":"2018-03-16T06:25:59.000Z","volume":50000,"price":1.15,"category":"bbull"},{"type":"A","date":"2018-03-16T06:24:57.000Z","volume":32000,"price":1.15,"category":"bbull"},{"type":"A","date":"2018-03-16T06:24:45.000Z","volume":26000,"price":1.15,"category":"bbull"},{"type":"A","date":"2018-03-16T06:19:04.000Z","volume":30000,"price":1.15,"category":"bbull"},{"type":"A","date":"2018-03-16T06:18:45.000Z","volume":30000,"price":1.15,"category":"bbull"},{"type":"A","date":"2018-03-16T06:18:13.000Z","volume":60000,"price":1.15,"category":"bbull"},{"type":"A","date":"2018-03-16T06:17:04.000Z","volume":30000,"price":1.15,"category":"bbull"},{"type":"A","date":"2018-03-16T06:16:14.000Z","volume":50000,"price":1.15,"category":"bbull"},{"type":"A","date":"2018-03-16T06:16:13.000Z","volume":30000,"price":1.15,"category":"bbull"},{"type":"A","date":"2018-03-16T06:13:00.000Z","volume":36000,"price":1.14,"category":"bbull"},{"type":"A","date":"2018-03-16T06:11:54.000Z","volume":41000,"price":1.14,"category":"bbull"},{"type":"A","date":"2018-03-16T06:11:47.000Z","volume":74000,"price":1.14,"category":"bbull"},{"type":"A","date":"2018-03-16T06:11:14.000Z","volume":56000,"price":1.14,"category":"bbull"},{"type":"A","date":"2018-03-16T06:10:18.000Z","volume":38000,"price":1.14,"category":"bbull"},{"type":"A","date":"2018-03-16T06:09:46.000Z","volume":75000,"price":1.14,"category":"bbull"},{"type":"A","date":"2018-03-16T06:09:14.000Z","volume":78000,"price":1.14,"category":"bbull"},{"type":"A","date":"2018-03-16T06:08:03.000Z","volume":28000,"price":1.14,"category":"bbull"},{"type":"A","date":"2018-03-16T06:07:44.000Z","volume":40000,"price":1.14,"category":"bbull"},{"type":"A","date":"2018-03-16T06:07:39.000Z","volume":30000,"price":1.14,"category":"bbull"},{"type":"A","date":"2018-03-16T06:07:16.000Z","volume":74000,"price":1.14,"category":"bbull"},{"type":"A","date":"2018-03-16T06:06:49.000Z","volume":55000,"price":1.14,"category":"bbull"},{"type":"A","date":"2018-03-16T06:06:32.000Z","volume":70000,"price":1.14,"category":"bbull"},{"type":"A","date":"2018-03-16T06:06:32.000Z","volume":30000,"price":1.14,"category":"bbull"},{"type":"A","date":"2018-03-16T06:05:19.000Z","volume":50000,"price":1.14,"category":"bbull"},{"type":"A","date":"2018-03-16T06:04:44.000Z","volume":39000,"price":1.14,"category":"bbull"},{"type":"A","date":"2018-03-16T06:03:10.000Z","volume":30000,"price":1.14,"category":"bbull"},{"type":"A","date":"2018-03-16T06:02:13.000Z","volume":38000,"price":1.14,"category":"bbull"},{"type":"A","date":"2018-03-16T06:01:18.000Z","volume":50000,"price":1.14,"category":"bbull"},{"type":"A","date":"2018-03-16T06:01:13.000Z","volume":50000,"price":1.14,"category":"bbull"},{"type":"A","date":"2018-03-16T06:01:05.000Z","volume":45000,"price":1.14,"category":"bbull"},{"type":"A","date":"2018-03-16T06:00:33.000Z","volume":40000,"price":1.14,"category":"bbull"},{"type":"A","date":"2018-03-16T05:59:50.000Z","volume":50000,"price":1.14,"category":"bbull"},{"type":"A","date":"2018-03-16T05:59:49.000Z","volume":60000,"price":1.14,"category":"bbull"},{"type":"A","date":"2018-03-16T05:59:46.000Z","volume":78000,"price":1.14,"category":"bbull"},{"type":"A","date":"2018-03-16T05:59:23.000Z","volume":48000,"price":1.14,"category":"bbull"},{"type":"A","date":"2018-03-16T05:58:59.000Z","volume":76000,"price":1.14,"category":"bbull"},{"type":"A","date":"2018-03-16T05:58:13.000Z","volume":49000,"price":1.14,"category":"bbull"},{"type":"A","date":"2018-03-16T05:58:12.000Z","volume":33000,"price":1.14,"category":"bbull"},{"type":"A","date":"2018-03-16T05:57:58.000Z","volume":35000,"price":1.14,"category":"bbull"},{"type":"A","date":"2018-03-16T05:53:52.000Z","volume":30000,"price":1.14,"category":"bbull"},{"type":"A","date":"2018-03-16T05:53:23.000Z","volume":43000,"price":1.14,"category":"bbull"},{"type":"A","date":"2018-03-16T05:53:04.000Z","volume":38000,"price":1.14,"category":"bbull"},{"type":"A","date":"2018-03-16T05:52:19.000Z","volume":30000,"price":1.14,"category":"bbull"},{"type":"A","date":"2018-03-16T05:51:08.000Z","volume":80000,"price":1.14,"category":"bbull"},{"type":"A","date":"2018-03-16T05:50:21.000Z","volume":26000,"price":1.14,"category":"bbull"},{"type":"A","date":"2018-03-16T05:49:03.000Z","volume":50000,"price":1.14,"category":"bbull"},{"type":"A","date":"2018-03-16T05:48:21.000Z","volume":48000,"price":1.14,"category":"bbull"},{"type":"A","date":"2018-03-16T05:48:16.000Z","volume":61000,"price":1.14,"category":"bbull"},{"type":"A","date":"2018-03-16T05:47:59.000Z","volume":27000,"price":1.14,"category":"bbull"},{"type":"A","date":"2018-03-16T05:47:14.000Z","volume":30000,"price":1.14,"category":"bbull"},{"type":"A","date":"2018-03-16T05:46:51.000Z","volume":26000,"price":1.14,"category":"bbull"},{"type":"A","date":"2018-03-16T05:46:47.000Z","volume":50000,"price":1.14,"category":"bbull"},{"type":"A","date":"2018-03-16T05:46:27.000Z","volume":27000,"price":1.14,"category":"bbull"},{"type":"A","date":"2018-03-16T05:43:55.000Z","volume":43000,"price":1.14,"category":"bbull"},{"type":"A","date":"2018-03-16T05:43:43.000Z","volume":50000,"price":1.14,"category":"bbull"},{"type":"A","date":"2018-03-16T05:43:11.000Z","volume":42000,"price":1.14,"category":"bbull"},{"type":"A","date":"2018-03-16T05:42:27.000Z","volume":80000,"price":1.14,"category":"bbull"},{"type":"A","date":"2018-03-16T05:41:49.000Z","volume":50000,"price":1.14,"category":"bbull"},{"type":"A","date":"2018-03-16T05:40:46.000Z","volume":27000,"price":1.14,"category":"bbull"},{"type":"A","date":"2018-03-16T05:39:05.000Z","volume":30000,"price":1.14,"category":"bbull"},{"type":"A","date":"2018-03-16T05:36:47.000Z","volume":30000,"price":1.14,"category":"bbull"},{"type":"A","date":"2018-03-16T05:36:35.000Z","volume":70000,"price":1.14,"category":"bbull"},{"type":"A","date":"2018-03-16T05:35:48.000Z","volume":50000,"price":1.14,"category":"bbull"},{"type":"A","date":"2018-03-16T05:35:39.000Z","volume":50000,"price":1.14,"category":"bbull"},{"type":"A","date":"2018-03-16T05:34:52.000Z","volume":60000,"price":1.13,"category":"bbull"},{"type":"A","date":"2018-03-16T05:28:52.000Z","volume":36000,"price":1.13,"category":"bbull"},{"type":"A","date":"2018-03-16T05:27:29.000Z","volume":50000,"price":1.13,"category":"bbull"},{"type":"A","date":"2018-03-16T05:26:45.000Z","volume":50000,"price":1.13,"category":"bbull"},{"type":"A","date":"2018-03-16T05:26:07.000Z","volume":41000,"price":1.13,"category":"bbull"},{"type":"A","date":"2018-03-16T05:25:19.000Z","volume":53000,"price":1.12,"category":"bbull"},{"type":"A","date":"2018-03-16T05:25:14.000Z","volume":50000,"price":1.12,"category":"bbull"},{"type":"A","date":"2018-03-16T05:24:48.000Z","volume":34000,"price":1.12,"category":"bbull"},{"type":"A","date":"2018-03-16T05:24:01.000Z","volume":29000,"price":1.12,"category":"bbull"},{"type":"A","date":"2018-03-16T05:23:23.000Z","volume":52000,"price":1.12,"category":"bbull"},{"type":"A","date":"2018-03-16T05:22:41.000Z","volume":50000,"price":1.12,"category":"bbull"},{"type":"A","date":"2018-03-16T05:22:13.000Z","volume":29000,"price":1.12,"category":"bbull"},{"type":"A","date":"2018-03-16T05:20:01.000Z","volume":30000,"price":1.12,"category":"bbull"},{"type":"A","date":"2018-03-16T05:16:49.000Z","volume":78000,"price":1.12,"category":"bbull"},{"type":"A","date":"2018-03-16T05:15:19.000Z","volume":40000,"price":1.12,"category":"bbull"},{"type":"A","date":"2018-03-16T05:11:47.000Z","volume":50000,"price":1.12,"category":"bbull"},{"type":"A","date":"2018-03-16T05:11:16.000Z","volume":50000,"price":1.12,"category":"bbull"},{"type":"A","date":"2018-03-16T05:09:12.000Z","volume":50000,"price":1.12,"category":"bbull"},{"type":"A","date":"2018-03-16T05:06:35.000Z","volume":35000,"price":1.12,"category":"bbull"},{"type":"A","date":"2018-03-16T05:04:11.000Z","volume":30000,"price":1.12,"category":"bbull"},{"type":"A","date":"2018-03-16T05:03:13.000Z","volume":30000,"price":1.12,"category":"bbull"},{"type":"A","date":"2018-03-16T05:01:34.000Z","volume":50000,"price":1.12,"category":"bbull"},{"type":"A","date":"2018-03-16T05:00:12.000Z","volume":40000,"price":1.12,"category":"bbull"},{"type":"A","date":"2018-03-16T05:00:12.000Z","volume":50000,"price":1.12,"category":"bbull"},{"type":"A","date":"2018-03-16T05:00:12.000Z","volume":55000,"price":1.12,"category":"bbull"},{"type":"A","date":"2018-03-16T05:00:08.000Z","volume":40000,"price":1.12,"category":"bbull"},{"type":"A","date":"2018-03-16T05:00:04.000Z","volume":50000,"price":1.12,"category":"bbull"},{"type":"A","date":"2018-03-16T05:00:01.000Z","volume":50000,"price":1.12,"category":"bbull"},{"type":"A","date":"2018-03-16T05:00:00.000Z","volume":30000,"price":1.12,"category":"bbull"},{"type":"A","date":"2018-03-16T05:00:00.000Z","volume":50000,"price":1.12,"category":"bbull"},{"type":"A","date":"2018-03-16T05:00:00.000Z","volume":50000,"price":1.12,"category":"bbull"},{"type":"A","date":"2018-03-16T03:57:08.000Z","volume":60000,"price":1.11,"category":"bbull"},{"type":"A","date":"2018-03-16T03:54:29.000Z","volume":30000,"price":1.11,"category":"bbull"},{"type":"A","date":"2018-03-16T03:50:45.000Z","volume":50000,"price":1.12,"category":"bbull"},{"type":"A","date":"2018-03-16T03:49:34.000Z","volume":30000,"price":1.12,"category":"bbull"},{"type":"A","date":"2018-03-16T03:41:23.000Z","volume":30000,"price":1.11,"category":"bbull"},{"type":"A","date":"2018-03-16T03:40:11.000Z","volume":50000,"price":1.11,"category":"bbull"},{"type":"A","date":"2018-03-16T03:40:07.000Z","volume":30000,"price":1.11,"category":"bbull"},{"type":"A","date":"2018-03-16T03:40:00.000Z","volume":26000,"price":1.11,"category":"bbull"},{"type":"A","date":"2018-03-16T03:39:52.000Z","volume":50000,"price":1.11,"category":"bbull"},{"type":"A","date":"2018-03-16T03:39:06.000Z","volume":30000,"price":1.11,"category":"bbull"},{"type":"A","date":"2018-03-16T03:38:04.000Z","volume":50000,"price":1.11,"category":"bbull"},{"type":"A","date":"2018-03-16T03:37:14.000Z","volume":45000,"price":1.11,"category":"bbull"},{"type":"A","date":"2018-03-16T03:34:30.000Z","volume":30000,"price":1.11,"category":"bbull"},{"type":"A","date":"2018-03-16T03:34:11.000Z","volume":40000,"price":1.11,"category":"bbull"},{"type":"A","date":"2018-03-16T03:33:01.000Z","volume":40000,"price":1.11,"category":"bbull"},{"type":"A","date":"2018-03-16T03:32:37.000Z","volume":42000,"price":1.11,"category":"bbull"},{"type":"A","date":"2018-03-16T03:32:00.000Z","volume":30000,"price":1.11,"category":"bbull"},{"type":"A","date":"2018-03-16T03:31:37.000Z","volume":46000,"price":1.11,"category":"bbull"},{"type":"A","date":"2018-03-16T03:31:37.000Z","volume":61000,"price":1.11,"category":"bbull"},{"type":"A","date":"2018-03-16T03:26:06.000Z","volume":26000,"price":1.12,"category":"bbull"},{"type":"A","date":"2018-03-16T03:23:36.000Z","volume":26000,"price":1.12,"category":"bbull"},{"type":"A","date":"2018-03-16T03:23:31.000Z","volume":43000,"price":1.12,"category":"bbull"},{"type":"A","date":"2018-03-16T03:21:40.000Z","volume":30000,"price":1.12,"category":"bbull"},{"type":"A","date":"2018-03-16T03:21:37.000Z","volume":81000,"price":1.12,"category":"bbull"},{"type":"A","date":"2018-03-16T03:21:13.000Z","volume":74000,"price":1.12,"category":"bbull"},{"type":"A","date":"2018-03-16T03:21:05.000Z","volume":46000,"price":1.12,"category":"bbull"},{"type":"A","date":"2018-03-16T03:20:17.000Z","volume":40000,"price":1.12,"category":"bbull"},{"type":"A","date":"2018-03-16T03:17:33.000Z","volume":47000,"price":1.12,"category":"bbull"},{"type":"A","date":"2018-03-16T03:14:47.000Z","volume":50000,"price":1.12,"category":"bbull"},{"type":"A","date":"2018-03-16T03:13:29.000Z","volume":50000,"price":1.12,"category":"bbull"},{"type":"A","date":"2018-03-16T03:13:12.000Z","volume":50000,"price":1.12,"category":"bbull"},{"type":"A","date":"2018-03-16T03:12:26.000Z","volume":40000,"price":1.12,"category":"bbull"},{"type":"A","date":"2018-03-16T03:10:30.000Z","volume":46000,"price":1.12,"category":"bbull"},{"type":"A","date":"2018-03-16T03:10:13.000Z","volume":50000,"price":1.12,"category":"bbull"},{"type":"A","date":"2018-03-16T03:09:03.000Z","volume":52000,"price":1.11,"category":"bbull"},{"type":"A","date":"2018-03-16T03:08:27.000Z","volume":80000,"price":1.11,"category":"bbull"},{"type":"A","date":"2018-03-16T03:08:23.000Z","volume":30000,"price":1.11,"category":"bbull"},{"type":"A","date":"2018-03-16T03:08:15.000Z","volume":40000,"price":1.11,"category":"bbull"},{"type":"A","date":"2018-03-16T03:06:57.000Z","volume":76000,"price":1.11,"category":"bbull"},{"type":"A","date":"2018-03-16T03:05:15.000Z","volume":30000,"price":1.11,"category":"bbull"},{"type":"A","date":"2018-03-16T03:04:50.000Z","volume":40000,"price":1.11,"category":"bbull"},{"type":"A","date":"2018-03-16T03:04:43.000Z","volume":30000,"price":1.11,"category":"bbull"},{"type":"A","date":"2018-03-16T03:04:21.000Z","volume":50000,"price":1.11,"category":"bbull"},{"type":"A","date":"2018-03-16T03:04:15.000Z","volume":80000,"price":1.11,"category":"bbull"},{"type":"A","date":"2018-03-16T03:03:07.000Z","volume":60000,"price":1.11,"category":"bbull"},{"type":"A","date":"2018-03-16T03:02:00.000Z","volume":50000,"price":1.11,"category":"bbull"},{"type":"A","date":"2018-03-16T03:01:22.000Z","volume":70000,"price":1.11,"category":"bbull"},{"type":"A","date":"2018-03-16T03:01:19.000Z","volume":81000,"price":1.11,"category":"bbull"},{"type":"A","date":"2018-03-16T03:01:19.000Z","volume":50000,"price":1.11,"category":"bbull"},{"type":"A","date":"2018-03-16T03:00:41.000Z","volume":50000,"price":1.11,"category":"bbull"},{"type":"A","date":"2018-03-16T03:00:35.000Z","volume":26000,"price":1.11,"category":"bbull"},{"type":"A","date":"2018-03-16T03:00:27.000Z","volume":40000,"price":1.11,"category":"bbull"},{"type":"A","date":"2018-03-16T02:59:05.000Z","volume":30000,"price":1.11,"category":"bbull"},{"type":"A","date":"2018-03-16T02:58:29.000Z","volume":79000,"price":1.11,"category":"bbull"},{"type":"A","date":"2018-03-16T02:57:36.000Z","volume":38000,"price":1.11,"category":"bbull"},{"type":"A","date":"2018-03-16T02:56:35.000Z","volume":26000,"price":1.11,"category":"bbull"},{"type":"A","date":"2018-03-16T02:55:49.000Z","volume":26000,"price":1.11,"category":"bbull"},{"type":"A","date":"2018-03-16T02:55:11.000Z","volume":50000,"price":1.11,"category":"bbull"},{"type":"A","date":"2018-03-16T02:54:58.000Z","volume":30000,"price":1.11,"category":"bbull"},{"type":"A","date":"2018-03-16T02:54:49.000Z","volume":26000,"price":1.11,"category":"bbull"},{"type":"A","date":"2018-03-16T02:54:40.000Z","volume":40000,"price":1.11,"category":"bbull"},{"type":"A","date":"2018-03-16T02:53:53.000Z","volume":70000,"price":1.11,"category":"bbull"},{"type":"A","date":"2018-03-16T02:53:29.000Z","volume":40000,"price":1.11,"category":"bbull"},{"type":"A","date":"2018-03-16T02:52:49.000Z","volume":79000,"price":1.11,"category":"bbull"},{"type":"A","date":"2018-03-16T02:51:05.000Z","volume":26000,"price":1.11,"category":"bbull"},{"type":"A","date":"2018-03-16T02:50:19.000Z","volume":26000,"price":1.11,"category":"bbull"},{"type":"A","date":"2018-03-16T02:49:35.000Z","volume":26000,"price":1.11,"category":"bbull"},{"type":"A","date":"2018-03-16T02:48:33.000Z","volume":50000,"price":1.11,"category":"bbull"},{"type":"A","date":"2018-03-16T02:48:19.000Z","volume":26000,"price":1.11,"category":"bbull"},{"type":"A","date":"2018-03-16T02:47:22.000Z","volume":45000,"price":1.11,"category":"bbull"},{"type":"A","date":"2018-03-16T02:47:16.000Z","volume":77000,"price":1.11,"category":"bbull"},{"type":"A","date":"2018-03-16T02:46:18.000Z","volume":40000,"price":1.11,"category":"bbull"},{"type":"A","date":"2018-03-16T02:44:36.000Z","volume":50000,"price":1.11,"category":"bbull"},{"type":"A","date":"2018-03-16T02:43:36.000Z","volume":40000,"price":1.11,"category":"bbull"},{"type":"A","date":"2018-03-16T02:43:28.000Z","volume":50000,"price":1.11,"category":"bbull"},{"type":"A","date":"2018-03-16T02:43:08.000Z","volume":30000,"price":1.11,"category":"bbull"},{"type":"A","date":"2018-03-16T02:42:53.000Z","volume":30000,"price":1.11,"category":"bbull"},{"type":"A","date":"2018-03-16T02:41:54.000Z","volume":52000,"price":1.11,"category":"bbull"},{"type":"A","date":"2018-03-16T02:41:49.000Z","volume":27000,"price":1.11,"category":"bbull"},{"type":"A","date":"2018-03-16T02:41:38.000Z","volume":30000,"price":1.11,"category":"bbull"},{"type":"A","date":"2018-03-16T02:41:35.000Z","volume":30000,"price":1.11,"category":"bbull"},{"type":"A","date":"2018-03-16T02:41:18.000Z","volume":40000,"price":1.11,"category":"bbull"},{"type":"A","date":"2018-03-16T02:40:49.000Z","volume":26000,"price":1.11,"category":"bbull"},{"type":"A","date":"2018-03-16T02:40:26.000Z","volume":27000,"price":1.11,"category":"bbull"},{"type":"A","date":"2018-03-16T02:40:05.000Z","volume":26000,"price":1.11,"category":"bbull"},{"type":"A","date":"2018-03-16T02:39:21.000Z","volume":40000,"price":1.11,"category":"bbull"},{"type":"A","date":"2018-03-16T02:38:18.000Z","volume":40000,"price":1.11,"category":"bbull"},{"type":"A","date":"2018-03-16T02:37:54.000Z","volume":30000,"price":1.11,"category":"bbull"},{"type":"A","date":"2018-03-16T02:34:27.000Z","volume":30000,"price":1.11,"category":"bbull"},{"type":"A","date":"2018-03-16T02:34:21.000Z","volume":30000,"price":1.11,"category":"bbull"},{"type":"A","date":"2018-03-16T02:33:48.000Z","volume":50000,"price":1.11,"category":"bbull"},{"type":"A","date":"2018-03-16T02:33:21.000Z","volume":40000,"price":1.11,"category":"bbull"},{"type":"A","date":"2018-03-16T02:30:00.000Z","volume":35000,"price":1.11,"category":"bbull"},{"type":"A","date":"2018-03-16T02:29:33.000Z","volume":70000,"price":1.11,"category":"bbull"},{"type":"A","date":"2018-03-16T02:29:25.000Z","volume":38000,"price":1.11,"category":"bbull"},{"type":"A","date":"2018-03-16T02:29:22.000Z","volume":50000,"price":1.11,"category":"bbull"},{"type":"A","date":"2018-03-16T02:28:54.000Z","volume":50000,"price":1.11,"category":"bbull"},{"type":"A","date":"2018-03-16T02:28:17.000Z","volume":79000,"price":1.11,"category":"bbull"},{"type":"A","date":"2018-03-16T02:27:47.000Z","volume":60000,"price":1.11,"category":"bbull"},{"type":"A","date":"2018-03-16T02:26:30.000Z","volume":40000,"price":1.11,"category":"bbull"},{"type":"A","date":"2018-03-16T02:25:47.000Z","volume":40000,"price":1.11,"category":"bbull"},{"type":"A","date":"2018-03-16T02:25:38.000Z","volume":30000,"price":1.11,"category":"bbull"},{"type":"A","date":"2018-03-16T02:24:57.000Z","volume":30000,"price":1.11,"category":"bbull"},{"type":"A","date":"2018-03-16T02:24:20.000Z","volume":52000,"price":1.11,"category":"bbull"},{"type":"A","date":"2018-03-16T02:24:07.000Z","volume":50000,"price":1.11,"category":"bbull"},{"type":"A","date":"2018-03-16T02:23:47.000Z","volume":80000,"price":1.11,"category":"bbull"},{"type":"A","date":"2018-03-16T02:22:12.000Z","volume":50000,"price":1.11,"category":"bbull"},{"type":"A","date":"2018-03-16T02:20:46.000Z","volume":40000,"price":1.11,"category":"bbull"},{"type":"A","date":"2018-03-16T02:20:33.000Z","volume":30000,"price":1.11,"category":"bbull"},{"type":"A","date":"2018-03-16T02:19:44.000Z","volume":30000,"price":1.11,"category":"bbull"},{"type":"A","date":"2018-03-16T02:18:16.000Z","volume":47000,"price":1.11,"category":"bbull"},{"type":"A","date":"2018-03-16T02:18:11.000Z","volume":30000,"price":1.11,"category":"bbull"},{"type":"A","date":"2018-03-16T02:17:02.000Z","volume":50000,"price":1.11,"category":"bbull"},{"type":"A","date":"2018-03-16T02:16:53.000Z","volume":30000,"price":1.11,"category":"bbull"},{"type":"A","date":"2018-03-16T02:10:03.000Z","volume":50000,"price":1.11,"category":"bbull"},{"type":"A","date":"2018-03-16T02:07:52.000Z","volume":30000,"price":1.12,"category":"bbull"},{"type":"A","date":"2018-03-16T02:06:52.000Z","volume":40000,"price":1.12,"category":"bbull"},{"type":"A","date":"2018-03-16T02:03:43.000Z","volume":30000,"price":1.12,"category":"bbull"},{"type":"A","date":"2018-03-16T02:01:20.000Z","volume":30000,"price":1.12,"category":"bbull"},{"type":"A","date":"2018-03-16T01:59:48.000Z","volume":40000,"price":1.12,"category":"bbull"},{"type":"A","date":"2018-03-16T01:58:06.000Z","volume":50000,"price":1.12,"category":"bbull"},{"type":"A","date":"2018-03-16T01:58:04.000Z","volume":50000,"price":1.12,"category":"bbull"},{"type":"A","date":"2018-03-16T01:56:58.000Z","volume":34000,"price":1.12,"category":"bbull"},{"type":"A","date":"2018-03-16T01:56:46.000Z","volume":40000,"price":1.12,"category":"bbull"},{"type":"A","date":"2018-03-16T01:55:55.000Z","volume":40000,"price":1.12,"category":"bbull"},{"type":"A","date":"2018-03-16T01:55:38.000Z","volume":38000,"price":1.12,"category":"bbull"},{"type":"A","date":"2018-03-16T01:55:38.000Z","volume":50000,"price":1.12,"category":"bbull"},{"type":"A","date":"2018-03-16T01:55:14.000Z","volume":53000,"price":1.12,"category":"bbull"},{"type":"A","date":"2018-03-16T01:55:01.000Z","volume":30000,"price":1.12,"category":"bbull"},{"type":"A","date":"2018-03-16T01:54:46.000Z","volume":30000,"price":1.12,"category":"bbull"},{"type":"A","date":"2018-03-16T01:54:31.000Z","volume":30000,"price":1.12,"category":"bbull"},{"type":"A","date":"2018-03-16T01:54:21.000Z","volume":30000,"price":1.12,"category":"bbull"},{"type":"A","date":"2018-03-16T01:54:02.000Z","volume":50000,"price":1.12,"category":"bbull"},{"type":"A","date":"2018-03-16T01:53:46.000Z","volume":57000,"price":1.12,"category":"bbull"},{"type":"A","date":"2018-03-16T01:53:45.000Z","volume":50000,"price":1.12,"category":"bbull"},{"type":"A","date":"2018-03-16T01:53:34.000Z","volume":30000,"price":1.12,"category":"bbull"},{"type":"A","date":"2018-03-16T01:53:13.000Z","volume":47000,"price":1.12,"category":"bbull"},{"type":"A","date":"2018-03-16T01:52:50.000Z","volume":39000,"price":1.12,"category":"bbull"},{"type":"A","date":"2018-03-16T01:52:47.000Z","volume":59000,"price":1.12,"category":"bbull"},{"type":"A","date":"2018-03-16T01:52:47.000Z","volume":41000,"price":1.12,"category":"bbull"},{"type":"A","date":"2018-03-16T01:52:46.000Z","volume":42000,"price":1.12,"category":"bbull"},{"type":"A","date":"2018-03-16T01:52:26.000Z","volume":60000,"price":1.12,"category":"bbull"},{"type":"A","date":"2018-03-16T01:52:21.000Z","volume":47000,"price":1.12,"category":"bbull"},{"type":"A","date":"2018-03-16T01:52:10.000Z","volume":30000,"price":1.12,"category":"bbull"},{"type":"A","date":"2018-03-16T01:51:54.000Z","volume":57000,"price":1.12,"category":"bbull"},{"type":"A","date":"2018-03-16T01:51:43.000Z","volume":44000,"price":1.12,"category":"bbull"},{"type":"A","date":"2018-03-16T01:50:21.000Z","volume":34000,"price":1.12,"category":"bbull"},{"type":"A","date":"2018-03-16T01:49:55.000Z","volume":43000,"price":1.12,"category":"bbull"},{"type":"A","date":"2018-03-16T01:49:46.000Z","volume":60000,"price":1.12,"category":"bbull"},{"type":"A","date":"2018-03-16T01:49:04.000Z","volume":50000,"price":1.12,"category":"bbull"},{"type":"A","date":"2018-03-16T01:46:45.000Z","volume":40000,"price":1.12,"category":"bbull"},{"type":"A","date":"2018-03-16T01:45:02.000Z","volume":30000,"price":1.12,"category":"bbull"},{"type":"A","date":"2018-03-16T01:44:59.000Z","volume":50000,"price":1.12,"category":"bbull"},{"type":"A","date":"2018-03-16T01:44:23.000Z","volume":40000,"price":1.12,"category":"bbull"},{"type":"A","date":"2018-03-16T01:44:19.000Z","volume":50000,"price":1.12,"category":"bbull"},{"type":"A","date":"2018-03-16T01:43:18.000Z","volume":44000,"price":1.12,"category":"bbull"},{"type":"A","date":"2018-03-16T01:43:17.000Z","volume":80000,"price":1.12,"category":"bbull"},{"type":"A","date":"2018-03-16T01:43:14.000Z","volume":30000,"price":1.12,"category":"bbull"},{"type":"A","date":"2018-03-16T01:42:32.000Z","volume":30000,"price":1.12,"category":"bbull"},{"type":"A","date":"2018-03-16T01:42:03.000Z","volume":30000,"price":1.12,"category":"bbull"},{"type":"A","date":"2018-03-16T01:41:57.000Z","volume":52000,"price":1.12,"category":"bbull"},{"type":"A","date":"2018-03-16T01:41:44.000Z","volume":40000,"price":1.12,"category":"bbull"},{"type":"A","date":"2018-03-16T01:41:00.000Z","volume":79000,"price":1.12,"category":"bbull"},{"type":"A","date":"2018-03-16T01:40:46.000Z","volume":40000,"price":1.12,"category":"bbull"},{"type":"A","date":"2018-03-16T01:40:02.000Z","volume":39000,"price":1.11,"category":"bbull"},{"type":"A","date":"2018-03-16T01:39:55.000Z","volume":30000,"price":1.11,"category":"bbull"},{"type":"A","date":"2018-03-16T01:39:54.000Z","volume":50000,"price":1.11,"category":"bbull"},{"type":"A","date":"2018-03-16T01:39:34.000Z","volume":40000,"price":1.11,"category":"bbull"},{"type":"A","date":"2018-03-16T01:39:15.000Z","volume":50000,"price":1.11,"category":"bbull"},{"type":"A","date":"2018-03-16T01:39:14.000Z","volume":50000,"price":1.11,"category":"bbull"},{"type":"A","date":"2018-03-16T01:39:05.000Z","volume":38000,"price":1.11,"category":"bbull"},{"type":"A","date":"2018-03-16T01:39:05.000Z","volume":30000,"price":1.11,"category":"bbull"},{"type":"A","date":"2018-03-16T01:38:51.000Z","volume":34000,"price":1.11,"category":"bbull"},{"type":"A","date":"2018-03-16T01:38:50.000Z","volume":49000,"price":1.11,"category":"bbull"},{"type":"A","date":"2018-03-16T01:38:32.000Z","volume":44000,"price":1.11,"category":"bbull"},{"type":"A","date":"2018-03-16T01:37:36.000Z","volume":75000,"price":1.11,"category":"bbull"},{"type":"A","date":"2018-03-16T01:37:36.000Z","volume":50000,"price":1.11,"category":"bbull"},{"type":"A","date":"2018-03-16T01:37:30.000Z","volume":30000,"price":1.1,"category":"bbull"},{"type":"A","date":"2018-03-16T01:37:28.000Z","volume":50000,"price":1.1,"category":"bbull"},{"type":"A","date":"2018-03-16T01:37:12.000Z","volume":40000,"price":1.1,"category":"bbull"},{"type":"A","date":"2018-03-16T01:37:08.000Z","volume":50000,"price":1.1,"category":"bbull"},{"type":"A","date":"2018-03-16T01:36:56.000Z","volume":30000,"price":1.1,"category":"bbull"},{"type":"A","date":"2018-03-16T01:36:55.000Z","volume":30000,"price":1.1,"category":"bbull"},{"type":"A","date":"2018-03-16T01:36:51.000Z","volume":50000,"price":1.1,"category":"bbull"},{"type":"A","date":"2018-03-16T01:36:47.000Z","volume":50000,"price":1.1,"category":"bbull"},{"type":"A","date":"2018-03-16T01:36:34.000Z","volume":30000,"price":1.1,"category":"bbull"},{"type":"A","date":"2018-03-16T01:36:33.000Z","volume":40000,"price":1.1,"category":"bbull"},{"type":"A","date":"2018-03-16T01:36:14.000Z","volume":66000,"price":1.1,"category":"bbull"},{"type":"A","date":"2018-03-16T01:36:09.000Z","volume":40000,"price":1.1,"category":"bbull"},{"type":"A","date":"2018-03-16T01:36:04.000Z","volume":50000,"price":1.1,"category":"bbull"},{"type":"A","date":"2018-03-16T01:35:54.000Z","volume":30000,"price":1.1,"category":"bbull"},{"type":"A","date":"2018-03-16T01:35:41.000Z","volume":40000,"price":1.1,"category":"bbull"},{"type":"A","date":"2018-03-16T01:35:20.000Z","volume":50000,"price":1.1,"category":"bbull"},{"type":"A","date":"2018-03-16T01:35:18.000Z","volume":50000,"price":1.1,"category":"bbull"},{"type":"A","date":"2018-03-16T01:35:01.000Z","volume":40000,"price":1.09,"category":"bbull"},{"type":"A","date":"2018-03-16T01:34:59.000Z","volume":30000,"price":1.09,"category":"bbull"},{"type":"A","date":"2018-03-16T01:34:54.000Z","volume":50000,"price":1.09,"category":"bbull"},{"type":"A","date":"2018-03-16T01:34:44.000Z","volume":40000,"price":1.09,"category":"bbull"},{"type":"A","date":"2018-03-16T01:34:38.000Z","volume":38000,"price":1.09,"category":"bbull"},{"type":"A","date":"2018-03-16T01:34:36.000Z","volume":30000,"price":1.09,"category":"bbull"},{"type":"A","date":"2018-03-16T01:34:16.000Z","volume":30000,"price":1.09,"category":"bbull"},{"type":"A","date":"2018-03-16T01:33:43.000Z","volume":30000,"price":1.1,"category":"bbull"},{"type":"A","date":"2018-03-16T01:33:37.000Z","volume":30000,"price":1.1,"category":"bbull"},{"type":"A","date":"2018-03-16T01:33:36.000Z","volume":40000,"price":1.1,"category":"bbull"},{"type":"A","date":"2018-03-16T01:33:23.000Z","volume":40000,"price":1.1,"category":"bbull"},{"type":"A","date":"2018-03-16T01:33:18.000Z","volume":50000,"price":1.1,"category":"bbull"},{"type":"A","date":"2018-03-16T01:33:18.000Z","volume":27000,"price":1.1,"category":"bbull"},{"type":"A","date":"2018-03-16T01:33:07.000Z","volume":60000,"price":1.11,"category":"bbull"},{"type":"A","date":"2018-03-16T01:32:56.000Z","volume":30000,"price":1.11,"category":"bbull"},{"type":"A","date":"2018-03-16T01:32:38.000Z","volume":30000,"price":1.11,"category":"bbull"},{"type":"A","date":"2018-03-16T01:32:34.000Z","volume":30000,"price":1.11,"category":"bbull"},{"type":"A","date":"2018-03-16T01:32:28.000Z","volume":50000,"price":1.11,"category":"bbull"},{"type":"A","date":"2018-03-16T01:32:23.000Z","volume":50000,"price":1.11,"category":"bbull"},{"type":"A","date":"2018-03-16T01:32:10.000Z","volume":30000,"price":1.11,"category":"bbull"},{"type":"A","date":"2018-03-16T01:32:07.000Z","volume":50000,"price":1.11,"category":"bbull"},{"type":"A","date":"2018-03-16T01:32:06.000Z","volume":30000,"price":1.11,"category":"bbull"},{"type":"A","date":"2018-03-16T01:31:55.000Z","volume":30000,"price":1.12,"category":"bbull"},{"type":"A","date":"2018-03-16T01:31:50.000Z","volume":44000,"price":1.12,"category":"bbull"},{"type":"A","date":"2018-03-16T01:31:41.000Z","volume":32000,"price":1.12,"category":"bbull"},{"type":"A","date":"2018-03-16T01:31:34.000Z","volume":50000,"price":1.12,"category":"bbull"},{"type":"A","date":"2018-03-16T01:31:32.000Z","volume":50000,"price":1.12,"category":"bbull"},{"type":"A","date":"2018-03-16T01:31:21.000Z","volume":40000,"price":1.13,"category":"bbull"},{"type":"A","date":"2018-03-16T01:31:17.000Z","volume":50000,"price":1.13,"category":"bbull"},{"type":"A","date":"2018-03-16T01:31:06.000Z","volume":30000,"price":1.13,"category":"bbull"},{"type":"A","date":"2018-03-16T01:31:03.000Z","volume":29000,"price":1.13,"category":"bbull"},{"type":"A","date":"2018-03-16T01:30:52.000Z","volume":50000,"price":1.13,"category":"bbull"},{"type":"A","date":"2018-03-16T01:30:46.000Z","volume":50000,"price":1.13,"category":"bbull"},{"type":"A","date":"2018-03-16T01:30:43.000Z","volume":30000,"price":1.13,"category":"bbull"},{"type":"A","date":"2018-03-16T01:30:37.000Z","volume":50000,"price":1.13,"category":"bbull"},{"type":"A","date":"2018-03-16T01:30:36.000Z","volume":50000,"price":1.13,"category":"bbull"},{"type":"A","date":"2018-03-16T01:30:35.000Z","volume":50000,"price":1.13,"category":"bbull"},{"type":"A","date":"2018-03-16T01:30:33.000Z","volume":80000,"price":1.13,"category":"bbull"},{"type":"A","date":"2018-03-16T01:30:31.000Z","volume":30000,"price":1.13,"category":"bbull"},{"type":"A","date":"2018-03-16T01:30:31.000Z","volume":37000,"price":1.13,"category":"bbull"},{"type":"A","date":"2018-03-16T01:30:31.000Z","volume":50000,"price":1.13,"category":"bbull"},{"type":"A","date":"2018-03-16T01:30:30.000Z","volume":30000,"price":1.13,"category":"bbull"},{"type":"A","date":"2018-03-16T01:30:30.000Z","volume":30000,"price":1.13,"category":"bbull"},{"type":"A","date":"2018-03-16T01:30:26.000Z","volume":30000,"price":1.13,"category":"bbull"},{"type":"A","date":"2018-03-16T01:30:25.000Z","volume":30000,"price":1.13,"category":"bbull"},{"type":"A","date":"2018-03-16T01:30:23.000Z","volume":40000,"price":1.13,"category":"bbull"},{"type":"A","date":"2018-03-16T01:30:20.000Z","volume":50000,"price":1.13,"category":"bbull"},{"type":"A","date":"2018-03-16T01:30:19.000Z","volume":30000,"price":1.13,"category":"bbull"},{"type":"A","date":"2018-03-16T01:30:15.000Z","volume":30000,"price":1.13,"category":"bbull"},{"type":"A","date":"2018-03-16T01:30:14.000Z","volume":50000,"price":1.13,"category":"bbull"},{"type":"A","date":"2018-03-16T01:30:13.000Z","volume":50000,"price":1.13,"category":"bbull"},{"type":"A","date":"2018-03-16T01:30:12.000Z","volume":50000,"price":1.13,"category":"bbull"},{"type":"A","date":"2018-03-16T01:30:12.000Z","volume":50000,"price":1.13,"category":"bbull"},{"type":"A","date":"2018-03-16T01:30:11.000Z","volume":30000,"price":1.13,"category":"bbull"},{"type":"A","date":"2018-03-16T01:30:11.000Z","volume":30000,"price":1.13,"category":"bbull"},{"type":"A","date":"2018-03-16T01:30:08.000Z","volume":30000,"price":1.13,"category":"bbull"},{"type":"A","date":"2018-03-16T01:30:07.000Z","volume":30000,"price":1.13,"category":"bbull"},{"type":"A","date":"2018-03-16T01:30:06.000Z","volume":40000,"price":1.13,"category":"bbull"},{"type":"A","date":"2018-03-16T01:30:05.000Z","volume":50000,"price":1.14,"category":"bbull"},{"type":"A","date":"2018-03-16T01:30:03.000Z","volume":61000,"price":1.13,"category":"bbull"},{"type":"A","date":"2018-03-16T01:30:03.000Z","volume":27000,"price":1.13,"category":"bbull"},{"type":"A","date":"2018-03-16T01:30:03.000Z","volume":30000,"price":1.13,"category":"bbull"},{"type":"A","date":"2018-03-16T01:30:01.000Z","volume":30000,"price":1.14,"category":"bbull"},{"type":"A","date":"2018-03-16T01:30:00.000Z","volume":35000,"price":1.13,"category":"bbull"},{"type":"A","date":"2018-03-16T01:30:00.000Z","volume":30000,"price":1.13,"category":"bbull"},{"type":"A","date":"2018-03-16T07:59:50.000Z","volume":1000,"price":1.13,"category":"rbull"},{"type":"A","date":"2018-03-16T07:59:43.000Z","volume":1000,"price":1.14,"category":"rbull"},{"type":"A","date":"2018-03-16T07:59:43.000Z","volume":1000,"price":1.14,"category":"rbull"},{"type":"A","date":"2018-03-16T07:59:37.000Z","volume":1000,"price":1.14,"category":"rbull"},{"type":"A","date":"2018-03-16T07:59:33.000Z","volume":2000,"price":1.14,"category":"rbull"},{"type":"A","date":"2018-03-16T07:59:28.000Z","volume":2000,"price":1.14,"category":"rbull"},{"type":"A","date":"2018-03-16T07:59:24.000Z","volume":1000,"price":1.14,"category":"rbull"},{"type":"A","date":"2018-03-16T07:59:24.000Z","volume":1000,"price":1.14,"category":"rbull"},{"type":"A","date":"2018-03-16T07:59:21.000Z","volume":1000,"price":1.14,"category":"rbull"},{"type":"A","date":"2018-03-16T07:59:13.000Z","volume":2000,"price":1.14,"category":"rbull"},{"type":"A","date":"2018-03-16T07:59:04.000Z","volume":2000,"price":1.14,"category":"rbull"},{"type":"A","date":"2018-03-16T07:58:56.000Z","volume":1000,"price":1.14,"category":"rbull"},{"type":"A","date":"2018-03-16T07:58:53.000Z","volume":1000,"price":1.14,"category":"rbull"},{"type":"A","date":"2018-03-16T07:58:52.000Z","volume":2000,"price":1.14,"category":"rbull"},{"type":"A","date":"2018-03-16T07:58:52.000Z","volume":1000,"price":1.14,"category":"rbull"},{"type":"A","date":"2018-03-16T07:58:46.000Z","volume":1000,"price":1.14,"category":"rbull"},{"type":"A","date":"2018-03-16T07:58:43.000Z","volume":1000,"price":1.14,"category":"rbull"},{"type":"A","date":"2018-03-16T07:58:43.000Z","volume":1000,"price":1.14,"category":"rbull"},{"type":"A","date":"2018-03-16T07:58:42.000Z","volume":2000,"price":1.14,"category":"rbull"},{"type":"A","date":"2018-03-16T07:58:38.000Z","volume":1000,"price":1.14,"category":"rbull"},{"type":"A","date":"2018-03-16T07:58:37.000Z","volume":1000,"price":1.14,"category":"rbull"},{"type":"A","date":"2018-03-16T07:58:37.000Z","volume":2000,"price":1.14,"category":"rbull"},{"type":"A","date":"2018-03-16T07:58:36.000Z","volume":1000,"price":1.14,"category":"rbull"},{"type":"A","date":"2018-03-16T07:58:33.000Z","volume":1000,"price":1.14,"category":"rbull"},{"type":"A","date":"2018-03-16T07:58:33.000Z","volume":1000,"price":1.14,"category":"rbull"},{"type":"A","date":"2018-03-16T07:58:33.000Z","volume":1000,"price":1.14,"category":"rbull"},{"type":"A","date":"2018-03-16T07:58:32.000Z","volume":1000,"price":1.14,"category":"rbull"},{"type":"A","date":"2018-03-16T07:58:29.000Z","volume":1000,"price":1.14,"category":"rbull"},{"type":"A","date":"2018-03-16T07:58:26.000Z","volume":1000,"price":1.14,"category":"rbull"},{"type":"A","date":"2018-03-16T07:58:23.000Z","volume":1000,"price":1.14,"category":"rbull"},{"type":"A","date":"2018-03-16T07:58:23.000Z","volume":1000,"price":1.14,"category":"rbull"},{"type":"A","date":"2018-03-16T07:58:20.000Z","volume":2000,"price":1.14,"category":"rbull"},{"type":"A","date":"2018-03-16T07:58:20.000Z","volume":1000,"price":1.14,"category":"rbull"},{"type":"A","date":"2018-03-16T07:58:16.000Z","volume":1000,"price":1.14,"category":"rbull"},{"type":"A","date":"2018-03-16T07:58:12.000Z","volume":1000,"price":1.14,"category":"rbull"},{"type":"A","date":"2018-03-16T07:58:12.000Z","volume":1000,"price":1.14,"category":"rbull"},{"type":"A","date":"2018-03-16T07:58:12.000Z","volume":1000,"price":1.14,"category":"rbull"},{"type":"A","date":"2018-03-16T07:58:10.000Z","volume":2000,"price":1.14,"category":"rbull"},{"type":"A","date":"2018-03-16T07:58:06.000Z","volume":1000,"price":1.14,"category":"rbull"},{"type":"A","date":"2018-03-16T07:58:00.000Z","volume":1000,"price":1.14,"category":"rbull"},{"type":"A","date":"2018-03-16T07:58:00.000Z","volume":1000,"price":1.14,"category":"rbull"},{"type":"A","date":"2018-03-16T07:57:57.000Z","volume":2000,"price":1.14,"category":"rbull"},{"type":"A","date":"2018-03-16T07:57:56.000Z","volume":1000,"price":1.14,"category":"rbull"},{"type":"A","date":"2018-03-16T07:57:55.000Z","volume":1000,"price":1.14,"category":"rbull"},{"type":"A","date":"2018-03-16T07:57:49.000Z","volume":1000,"price":1.14,"category":"rbull"},{"type":"A","date":"2018-03-16T07:57:49.000Z","volume":1000,"price":1.14,"category":"rbull"},{"type":"A","date":"2018-03-16T07:57:45.000Z","volume":1000,"price":1.14,"category":"rbull"},{"type":"A","date":"2018-03-16T07:57:44.000Z","volume":1000,"price":1.14,"category":"rbull"},{"type":"A","date":"2018-03-16T07:57:39.000Z","volume":1000,"price":1.14,"category":"rbull"},{"type":"A","date":"2018-03-16T07:57:39.000Z","volume":1000,"price":1.14,"category":"rbull"},{"type":"A","date":"2018-03-16T07:57:34.000Z","volume":1000,"price":1.14,"category":"rbull"},{"type":"A","date":"2018-03-16T07:57:33.000Z","volume":1000,"price":1.14,"category":"rbull"},{"type":"A","date":"2018-03-16T07:57:29.000Z","volume":1000,"price":1.14,"category":"rbull"},{"type":"A","date":"2018-03-16T07:57:29.000Z","volume":1000,"price":1.14,"category":"rbull"},{"type":"A","date":"2018-03-16T07:57:27.000Z","volume":2000,"price":1.14,"category":"rbull"},{"type":"A","date":"2018-03-16T07:57:24.000Z","volume":1000,"price":1.14,"category":"rbull"},{"type":"A","date":"2018-03-16T07:57:22.000Z","volume":1000,"price":1.14,"category":"rbull"},{"type":"A","date":"2018-03-16T07:57:19.000Z","volume":1000,"price":1.14,"category":"rbull"},{"type":"A","date":"2018-03-16T07:57:19.000Z","volume":1000,"price":1.14,"category":"rbull"},{"type":"A","date":"2018-03-16T07:57:18.000Z","volume":1000,"price":1.14,"category":"rbull"},{"type":"A","date":"2018-03-16T07:57:14.000Z","volume":1000,"price":1.14,"category":"rbull"},{"type":"A","date":"2018-03-16T07:57:12.000Z","volume":1000,"price":1.14,"category":"rbull"},{"type":"A","date":"2018-03-16T07:57:08.000Z","volume":1000,"price":1.14,"category":"rbull"},{"type":"A","date":"2018-03-16T07:57:08.000Z","volume":1000,"price":1.14,"category":"rbull"},{"type":"A","date":"2018-03-16T07:57:03.000Z","volume":2000,"price":1.14,"category":"rbull"},{"type":"A","date":"2018-03-16T07:57:03.000Z","volume":1000,"price":1.14,"category":"rbull"},{"type":"A","date":"2018-03-16T07:56:58.000Z","volume":1000,"price":1.14,"category":"rbull"},{"type":"A","date":"2018-03-16T07:56:52.000Z","volume":2000,"price":1.14,"category":"rbull"},{"type":"A","date":"2018-03-16T07:56:52.000Z","volume":1000,"price":1.14,"category":"rbull"},{"type":"A","date":"2018-03-16T07:56:48.000Z","volume":2000,"price":1.14,"category":"rbull"},{"type":"A","date":"2018-03-16T07:56:48.000Z","volume":1000,"price":1.14,"category":"rbull"},{"type":"A","date":"2018-03-16T07:56:48.000Z","volume":1000,"price":1.14,"category":"rbull"},{"type":"A","date":"2018-03-16T07:56:38.000Z","volume":1000,"price":1.14,"category":"rbull"},{"type":"A","date":"2018-03-16T07:56:38.000Z","volume":1000,"price":1.14,"category":"rbull"},{"type":"A","date":"2018-03-16T07:56:32.000Z","volume":2000,"price":1.14,"category":"rbull"},{"type":"A","date":"2018-03-16T07:56:31.000Z","volume":1000,"price":1.14,"category":"rbull"},{"type":"A","date":"2018-03-16T07:56:28.000Z","volume":1000,"price":1.14,"category":"rbull"},{"type":"A","date":"2018-03-16T07:56:21.000Z","volume":1000,"price":1.14,"category":"rbull"},{"type":"A","date":"2018-03-16T07:56:18.000Z","volume":2000,"price":1.14,"category":"rbull"},{"type":"A","date":"2018-03-16T07:56:14.000Z","volume":2000,"price":1.14,"category":"rbull"},{"type":"A","date":"2018-03-16T07:56:11.000Z","volume":1000,"price":1.14,"category":"rbull"},{"type":"A","date":"2018-03-16T07:56:08.000Z","volume":2000,"price":1.14,"category":"rbull"},{"type":"A","date":"2018-03-16T07:56:01.000Z","volume":1000,"price":1.14,"category":"rbull"},{"type":"A","date":"2018-03-16T07:55:58.000Z","volume":1000,"price":1.14,"category":"rbull"},{"type":"A","date":"2018-03-16T07:55:50.000Z","volume":1000,"price":1.14,"category":"rbull"},{"type":"A","date":"2018-03-16T07:55:48.000Z","volume":2000,"price":1.14,"category":"rbull"},{"type":"A","date":"2018-03-16T07:55:38.000Z","volume":1000,"price":1.14,"category":"rbull"},{"type":"A","date":"2018-03-16T07:55:30.000Z","volume":1000,"price":1.14,"category":"rbull"},{"type":"A","date":"2018-03-16T07:55:28.000Z","volume":2000,"price":1.14,"category":"rbull"},{"type":"A","date":"2018-03-16T07:55:20.000Z","volume":1000,"price":1.14,"category":"rbull"},{"type":"A","date":"2018-03-16T07:55:18.000Z","volume":2000,"price":1.14,"category":"rbull"},{"type":"A","date":"2018-03-16T07:55:10.000Z","volume":1000,"price":1.14,"category":"rbull"},{"type":"A","date":"2018-03-16T07:55:09.000Z","volume":1000,"price":1.14,"category":"rbull"},{"type":"A","date":"2018-03-16T07:55:08.000Z","volume":1000,"price":1.14,"category":"rbull"},{"type":"A","date":"2018-03-16T07:54:59.000Z","volume":1000,"price":1.14,"category":"rbull"},{"type":"A","date":"2018-03-16T07:54:57.000Z","volume":2000,"price":1.14,"category":"rbull"},{"type":"A","date":"2018-03-16T07:54:49.000Z","volume":1000,"price":1.14,"category":"rbull"},{"type":"A","date":"2018-03-16T07:54:47.000Z","volume":2000,"price":1.14,"category":"rbull"},{"type":"A","date":"2018-03-16T07:54:28.000Z","volume":1000,"price":1.14,"category":"rbull"},{"type":"A","date":"2018-03-16T07:54:18.000Z","volume":1000,"price":1.14,"category":"rbull"},{"type":"A","date":"2018-03-16T07:54:16.000Z","volume":1000,"price":1.14,"category":"rbull"},{"type":"A","date":"2018-03-16T07:54:06.000Z","volume":1000,"price":1.14,"category":"rbull"},{"type":"A","date":"2018-03-16T07:54:01.000Z","volume":1000,"price":1.14,"category":"rbull"},{"type":"A","date":"2018-03-16T07:53:58.000Z","volume":1000,"price":1.14,"category":"rbull"},{"type":"A","date":"2018-03-16T07:53:55.000Z","volume":2000,"price":1.14,"category":"rbull"},{"type":"A","date":"2018-03-16T07:53:48.000Z","volume":1000,"price":1.14,"category":"rbull"},{"type":"A","date":"2018-03-16T07:53:45.000Z","volume":1000,"price":1.14,"category":"rbull"},{"type":"A","date":"2018-03-16T07:53:38.000Z","volume":1000,"price":1.14,"category":"rbull"},{"type":"A","date":"2018-03-16T07:53:35.000Z","volume":2000,"price":1.14,"category":"rbull"},{"type":"A","date":"2018-03-16T07:53:25.000Z","volume":1000,"price":1.14,"category":"rbull"},{"type":"A","date":"2018-03-16T07:53:18.000Z","volume":1000,"price":1.14,"category":"rbull"},{"type":"A","date":"2018-03-16T07:53:15.000Z","volume":2000,"price":1.14,"category":"rbull"},{"type":"A","date":"2018-03-16T07:53:07.000Z","volume":1000,"price":1.14,"category":"rbull"},{"type":"A","date":"2018-03-16T07:53:04.000Z","volume":1000,"price":1.14,"category":"rbull"},{"type":"A","date":"2018-03-16T07:52:56.000Z","volume":1000,"price":1.14,"category":"rbull"},{"type":"A","date":"2018-03-16T07:52:54.000Z","volume":1000,"price":1.14,"category":"rbull"},{"type":"A","date":"2018-03-16T07:52:44.000Z","volume":2000,"price":1.14,"category":"rbull"},{"type":"A","date":"2018-03-16T07:52:36.000Z","volume":1000,"price":1.14,"category":"rbull"},{"type":"A","date":"2018-03-16T07:52:34.000Z","volume":1000,"price":1.14,"category":"rbull"},{"type":"A","date":"2018-03-16T07:52:26.000Z","volume":1000,"price":1.14,"category":"rbull"},{"type":"A","date":"2018-03-16T07:52:24.000Z","volume":1000,"price":1.14,"category":"rbull"},{"type":"A","date":"2018-03-16T07:52:06.000Z","volume":1000,"price":1.14,"category":"rbull"},{"type":"A","date":"2018-03-16T07:51:26.000Z","volume":1000,"price":1.15,"category":"rbull"},{"type":"A","date":"2018-03-16T07:51:24.000Z","volume":1000,"price":1.15,"category":"rbull"},{"type":"A","date":"2018-03-16T07:51:23.000Z","volume":1000,"price":1.15,"category":"rbull"},{"type":"A","date":"2018-03-16T07:51:13.000Z","volume":2000,"price":1.15,"category":"rbull"},{"type":"A","date":"2018-03-16T07:51:06.000Z","volume":1000,"price":1.15,"category":"rbull"},{"type":"A","date":"2018-03-16T07:51:03.000Z","volume":1000,"price":1.15,"category":"rbull"},{"type":"A","date":"2018-03-16T07:50:56.000Z","volume":1000,"price":1.15,"category":"rbull"},{"type":"A","date":"2018-03-16T07:50:53.000Z","volume":1000,"price":1.15,"category":"rbull"},{"type":"A","date":"2018-03-16T07:50:43.000Z","volume":2000,"price":1.15,"category":"rbull"},{"type":"A","date":"2018-03-16T07:50:35.000Z","volume":1000,"price":1.15,"category":"rbull"},{"type":"A","date":"2018-03-16T07:50:31.000Z","volume":1000,"price":1.15,"category":"rbull"},{"type":"A","date":"2018-03-16T07:50:25.000Z","volume":1000,"price":1.15,"category":"rbull"},{"type":"A","date":"2018-03-16T07:50:21.000Z","volume":1000,"price":1.15,"category":"rbull"},{"type":"A","date":"2018-03-16T07:50:11.000Z","volume":1000,"price":1.15,"category":"rbull"},{"type":"A","date":"2018-03-16T07:50:05.000Z","volume":1000,"price":1.15,"category":"rbull"},{"type":"A","date":"2018-03-16T07:50:01.000Z","volume":2000,"price":1.15,"category":"rbull"},{"type":"A","date":"2018-03-16T07:49:51.000Z","volume":1000,"price":1.15,"category":"rbull"},{"type":"A","date":"2018-03-16T07:49:45.000Z","volume":1000,"price":1.15,"category":"rbull"},{"type":"A","date":"2018-03-16T07:49:40.000Z","volume":1000,"price":1.15,"category":"rbull"},{"type":"A","date":"2018-03-16T07:49:35.000Z","volume":1000,"price":1.15,"category":"rbull"},{"type":"A","date":"2018-03-16T07:49:30.000Z","volume":1000,"price":1.15,"category":"rbull"},{"type":"A","date":"2018-03-16T07:49:30.000Z","volume":2000,"price":1.15,"category":"rbull"},{"type":"A","date":"2018-03-16T07:49:14.000Z","volume":1000,"price":1.15,"category":"rbull"},{"type":"A","date":"2018-03-16T07:48:59.000Z","volume":1000,"price":1.15,"category":"rbull"},{"type":"A","date":"2018-03-16T07:48:54.000Z","volume":1000,"price":1.15,"category":"rbull"},{"type":"A","date":"2018-03-16T07:48:49.000Z","volume":1000,"price":1.15,"category":"rbull"},{"type":"A","date":"2018-03-16T07:48:43.000Z","volume":1000,"price":1.15,"category":"rbull"},{"type":"A","date":"2018-03-16T07:48:39.000Z","volume":1000,"price":1.15,"category":"rbull"},{"type":"A","date":"2018-03-16T07:48:28.000Z","volume":2000,"price":1.15,"category":"rbull"},{"type":"A","date":"2018-03-16T07:48:23.000Z","volume":1000,"price":1.15,"category":"rbull"},{"type":"A","date":"2018-03-16T07:48:17.000Z","volume":1000,"price":1.15,"category":"rbull"},{"type":"A","date":"2018-03-16T07:48:07.000Z","volume":1000,"price":1.15,"category":"rbull"},{"type":"A","date":"2018-03-16T07:48:04.000Z","volume":2000,"price":1.15,"category":"rbull"},{"type":"A","date":"2018-03-16T07:48:03.000Z","volume":1000,"price":1.15,"category":"rbull"},{"type":"A","date":"2018-03-16T07:47:57.000Z","volume":1000,"price":1.15,"category":"rbull"},{"type":"A","date":"2018-03-16T07:47:53.000Z","volume":1000,"price":1.15,"category":"rbull"},{"type":"A","date":"2018-03-16T07:47:50.000Z","volume":1000,"price":1.15,"category":"rbull"},{"type":"A","date":"2018-03-16T07:47:47.000Z","volume":1000,"price":1.15,"category":"rbull"},{"type":"A","date":"2018-03-16T07:47:37.000Z","volume":2000,"price":1.15,"category":"rbull"},{"type":"A","date":"2018-03-16T07:47:33.000Z","volume":1000,"price":1.15,"category":"rbull"},{"type":"A","date":"2018-03-16T07:47:13.000Z","volume":1000,"price":1.15,"category":"rbull"},{"type":"A","date":"2018-03-16T07:47:06.000Z","volume":1000,"price":1.15,"category":"rbull"},{"type":"A","date":"2018-03-16T07:46:56.000Z","volume":1000,"price":1.15,"category":"rbull"},{"type":"A","date":"2018-03-16T07:46:53.000Z","volume":1000,"price":1.15,"category":"rbull"},{"type":"A","date":"2018-03-16T07:46:46.000Z","volume":1000,"price":1.15,"category":"rbull"},{"type":"A","date":"2018-03-16T07:46:42.000Z","volume":1000,"price":1.15,"category":"rbull"},{"type":"A","date":"2018-03-16T07:46:36.000Z","volume":1000,"price":1.15,"category":"rbull"},{"type":"A","date":"2018-03-16T07:46:22.000Z","volume":1000,"price":1.15,"category":"rbull"},{"type":"A","date":"2018-03-16T07:46:15.000Z","volume":1000,"price":1.15,"category":"rbull"},{"type":"A","date":"2018-03-16T07:46:05.000Z","volume":1000,"price":1.15,"category":"rbull"},{"type":"A","date":"2018-03-16T07:46:02.000Z","volume":1000,"price":1.15,"category":"rbull"},{"type":"A","date":"2018-03-16T07:45:55.000Z","volume":1000,"price":1.15,"category":"rbull"},{"type":"A","date":"2018-03-16T07:45:44.000Z","volume":1000,"price":1.15,"category":"rbull"},{"type":"A","date":"2018-03-16T07:45:42.000Z","volume":1000,"price":1.15,"category":"rbull"},{"type":"A","date":"2018-03-16T07:45:34.000Z","volume":1000,"price":1.15,"category":"rbull"},{"type":"A","date":"2018-03-16T07:45:32.000Z","volume":1000,"price":1.15,"category":"rbull"},{"type":"A","date":"2018-03-16T07:45:23.000Z","volume":1000,"price":1.15,"category":"rbull"},{"type":"A","date":"2018-03-16T07:45:13.000Z","volume":1000,"price":1.15,"category":"rbull"},{"type":"A","date":"2018-03-16T07:45:12.000Z","volume":1000,"price":1.15,"category":"rbull"},{"type":"A","date":"2018-03-16T07:45:03.000Z","volume":1000,"price":1.15,"category":"rbull"},{"type":"A","date":"2018-03-16T07:44:53.000Z","volume":1000,"price":1.15,"category":"rbull"},{"type":"A","date":"2018-03-16T07:44:52.000Z","volume":1000,"price":1.15,"category":"rbull"},{"type":"A","date":"2018-03-16T07:44:43.000Z","volume":2000,"price":1.15,"category":"rbull"},{"type":"A","date":"2018-03-16T07:44:33.000Z","volume":1000,"price":1.15,"category":"rbull"},{"type":"A","date":"2018-03-16T07:44:32.000Z","volume":1000,"price":1.15,"category":"rbull"},{"type":"A","date":"2018-03-16T07:44:23.000Z","volume":1000,"price":1.15,"category":"rbull"},{"type":"A","date":"2018-03-16T07:44:13.000Z","volume":1000,"price":1.15,"category":"rbull"},{"type":"A","date":"2018-03-16T07:44:12.000Z","volume":1000,"price":1.15,"category":"rbull"},{"type":"A","date":"2018-03-16T07:44:03.000Z","volume":1000,"price":1.15,"category":"rbull"},{"type":"A","date":"2018-03-16T07:43:53.000Z","volume":1000,"price":1.15,"category":"rbull"},{"type":"A","date":"2018-03-16T07:43:52.000Z","volume":1000,"price":1.15,"category":"rbull"},{"type":"A","date":"2018-03-16T07:43:43.000Z","volume":1000,"price":1.15,"category":"rbull"},{"type":"A","date":"2018-03-16T07:43:42.000Z","volume":1000,"price":1.15,"category":"rbull"},{"type":"A","date":"2018-03-16T07:43:33.000Z","volume":1000,"price":1.15,"category":"rbull"},{"type":"A","date":"2018-03-16T07:43:23.000Z","volume":2000,"price":1.15,"category":"rbull"},{"type":"A","date":"2018-03-16T07:43:22.000Z","volume":1000,"price":1.15,"category":"rbull"},{"type":"A","date":"2018-03-16T07:43:03.000Z","volume":1000,"price":1.15,"category":"rbull"},{"type":"A","date":"2018-03-16T07:43:02.000Z","volume":1000,"price":1.15,"category":"rbull"},{"type":"A","date":"2018-03-16T07:42:52.000Z","volume":1000,"price":1.15,"category":"rbull"},{"type":"A","date":"2018-03-16T07:42:42.000Z","volume":1000,"price":1.15,"category":"rbull"},{"type":"A","date":"2018-03-16T07:42:41.000Z","volume":1000,"price":1.15,"category":"rbull"},{"type":"A","date":"2018-03-16T07:42:32.000Z","volume":1000,"price":1.15,"category":"rbull"},{"type":"A","date":"2018-03-16T07:42:25.000Z","volume":1000,"price":1.15,"category":"rbull"},{"type":"A","date":"2018-03-16T07:42:22.000Z","volume":1000,"price":1.15,"category":"rbull"},{"type":"A","date":"2018-03-16T07:42:21.000Z","volume":1000,"price":1.15,"category":"rbull"},{"type":"A","date":"2018-03-16T07:42:11.000Z","volume":1000,"price":1.15,"category":"rbull"},{"type":"A","date":"2018-03-16T07:42:01.000Z","volume":1000,"price":1.15,"category":"rbull"},{"type":"A","date":"2018-03-16T07:42:00.000Z","volume":1000,"price":1.15,"category":"rbull"},{"type":"A","date":"2018-03-16T07:41:40.000Z","volume":1000,"price":1.15,"category":"rbull"},{"type":"A","date":"2018-03-16T07:41:31.000Z","volume":1000,"price":1.15,"category":"rbull"},{"type":"A","date":"2018-03-16T07:41:22.000Z","volume":1000,"price":1.15,"category":"rbull"},{"type":"A","date":"2018-03-16T07:41:21.000Z","volume":1000,"price":1.15,"category":"rbull"},{"type":"A","date":"2018-03-16T07:41:20.000Z","volume":1000,"price":1.15,"category":"rbull"},{"type":"A","date":"2018-03-16T07:41:11.000Z","volume":1000,"price":1.15,"category":"rbull"},{"type":"A","date":"2018-03-16T07:41:01.000Z","volume":1000,"price":1.15,"category":"rbull"},{"type":"A","date":"2018-03-16T07:41:00.000Z","volume":1000,"price":1.15,"category":"rbull"},{"type":"A","date":"2018-03-16T07:40:52.000Z","volume":1000,"price":1.15,"category":"rbull"},{"type":"A","date":"2018-03-16T07:40:51.000Z","volume":1000,"price":1.15,"category":"rbull"},{"type":"A","date":"2018-03-16T07:40:50.000Z","volume":1000,"price":1.15,"category":"rbull"},{"type":"A","date":"2018-03-16T07:40:49.000Z","volume":2000,"price":1.15,"category":"rbull"},{"type":"A","date":"2018-03-16T07:40:41.000Z","volume":1000,"price":1.15,"category":"rbull"},{"type":"A","date":"2018-03-16T07:40:31.000Z","volume":1000,"price":1.15,"category":"rbull"},{"type":"A","date":"2018-03-16T07:40:29.000Z","volume":1000,"price":1.15,"category":"rbull"},{"type":"A","date":"2018-03-16T07:40:21.000Z","volume":1000,"price":1.15,"category":"rbull"},{"type":"A","date":"2018-03-16T07:40:11.000Z","volume":1000,"price":1.15,"category":"rbull"},{"type":"A","date":"2018-03-16T07:40:09.000Z","volume":1000,"price":1.15,"category":"rbull"},{"type":"A","date":"2018-03-16T07:40:01.000Z","volume":1000,"price":1.15,"category":"rbull"},{"type":"A","date":"2018-03-16T07:39:51.000Z","volume":1000,"price":1.15,"category":"rbull"},{"type":"A","date":"2018-03-16T07:39:49.000Z","volume":1000,"price":1.15,"category":"rbull"},{"type":"A","date":"2018-03-16T07:39:40.000Z","volume":1000,"price":1.15,"category":"rbull"},{"type":"A","date":"2018-03-16T07:39:30.000Z","volume":1000,"price":1.15,"category":"rbull"},{"type":"A","date":"2018-03-16T07:39:27.000Z","volume":1000,"price":1.15,"category":"rbull"},{"type":"A","date":"2018-03-16T07:39:20.000Z","volume":1000,"price":1.15,"category":"rbull"},{"type":"A","date":"2018-03-16T07:39:14.000Z","volume":1000,"price":1.15,"category":"rbull"},{"type":"A","date":"2018-03-16T07:39:10.000Z","volume":1000,"price":1.15,"category":"rbull"},{"type":"A","date":"2018-03-16T07:39:04.000Z","volume":2000,"price":1.15,"category":"rbull"},{"type":"A","date":"2018-03-16T07:39:00.000Z","volume":1000,"price":1.15,"category":"rbull"},{"type":"A","date":"2018-03-16T07:38:50.000Z","volume":1000,"price":1.15,"category":"rbull"},{"type":"A","date":"2018-03-16T07:38:47.000Z","volume":1000,"price":1.15,"category":"rbull"},{"type":"A","date":"2018-03-16T07:38:40.000Z","volume":1000,"price":1.15,"category":"rbull"},{"type":"A","date":"2018-03-16T07:38:30.000Z","volume":1000,"price":1.15,"category":"rbull"},{"type":"A","date":"2018-03-16T07:38:27.000Z","volume":1000,"price":1.15,"category":"rbull"},{"type":"A","date":"2018-03-16T07:38:20.000Z","volume":1000,"price":1.15,"category":"rbull"},{"type":"A","date":"2018-03-16T07:38:12.000Z","volume":1000,"price":1.15,"category":"rbull"},{"type":"A","date":"2018-03-16T07:38:09.000Z","volume":1000,"price":1.15,"category":"rbull"},{"type":"A","date":"2018-03-16T07:38:07.000Z","volume":1000,"price":1.15,"category":"rbull"},{"type":"A","date":"2018-03-16T07:37:59.000Z","volume":1000,"price":1.15,"category":"rbull"},{"type":"A","date":"2018-03-16T07:37:59.000Z","volume":1000,"price":1.15,"category":"rbull"},{"type":"A","date":"2018-03-16T07:37:49.000Z","volume":2000,"price":1.15,"category":"rbull"},{"type":"A","date":"2018-03-16T07:37:48.000Z","volume":1000,"price":1.15,"category":"rbull"},{"type":"A","date":"2018-03-16T07:37:47.000Z","volume":1000,"price":1.15,"category":"rbull"},{"type":"A","date":"2018-03-16T07:37:47.000Z","volume":1000,"price":1.15,"category":"rbull"},{"type":"A","date":"2018-03-16T07:37:29.000Z","volume":1000,"price":1.15,"category":"rbull"},{"type":"A","date":"2018-03-16T07:37:27.000Z","volume":1000,"price":1.15,"category":"rbull"},{"type":"A","date":"2018-03-16T07:37:27.000Z","volume":1000,"price":1.15,"category":"rbull"},{"type":"A","date":"2018-03-16T07:37:19.000Z","volume":1000,"price":1.15,"category":"rbull"},{"type":"A","date":"2018-03-16T07:37:18.000Z","volume":1000,"price":1.15,"category":"rbull"},{"type":"A","date":"2018-03-16T07:37:08.000Z","volume":1000,"price":1.15,"category":"rbull"},{"type":"A","date":"2018-03-16T07:37:07.000Z","volume":1000,"price":1.15,"category":"rbull"},{"type":"A","date":"2018-03-16T07:37:04.000Z","volume":1000,"price":1.15,"category":"rbull"}