[{"type":"A","date":"2018-03-19T07:46:51.000Z","volume":500000,"price":0.335,"category":"ubbull"},{"type":"A","date":"2018-03-19T07:32:02.000Z","volume":1500000,"price":0.33,"category":"ubbull"},{"type":"A","date":"2018-03-19T07:30:50.000Z","volume":1365000,"price":0.33,"category":"ubbull"},{"type":"A","date":"2018-03-19T07:30:14.000Z","volume":1980000,"price":0.33,"category":"ubbull"},{"type":"A","date":"2018-03-19T07:27:36.000Z","volume":2500000,"price":0.33,"category":"ubbull"},{"type":"A","date":"2018-03-19T07:04:21.000Z","volume":2000000,"price":0.33,"category":"ubbull"},{"type":"A","date":"2018-03-19T07:04:00.000Z","volume":2470000,"price":0.33,"category":"ubbull"},{"type":"A","date":"2018-03-19T05:56:32.000Z","volume":1000000,"price":0.325,"category":"ubbull"},{"type":"A","date":"2018-03-19T05:33:54.000Z","volume":1000000,"price":0.325,"category":"ubbull"},{"type":"A","date":"2018-03-19T05:23:36.000Z","volume":1980000,"price":0.33,"category":"ubbull"},{"type":"A","date":"2018-03-19T05:23:36.000Z","volume":520000,"price":0.325,"category":"ubbull"},{"type":"A","date":"2018-03-19T05:20:41.000Z","volume":2600000,"price":0.32,"category":"ubbull"},{"type":"A","date":"2018-03-19T03:01:35.000Z","volume":1100000,"price":0.33,"category":"ubbull"},{"type":"A","date":"2018-03-19T02:59:14.000Z","volume":1950000,"price":0.33,"category":"ubbull"},{"type":"A","date":"2018-03-19T02:57:27.000Z","volume":595000,"price":0.33,"category":"ubbull"},{"type":"A","date":"2018-03-19T02:40:58.000Z","volume":920000,"price":0.325,"category":"ubbull"},{"type":"A","date":"2018-03-19T02:37:20.000Z","volume":1400000,"price":0.325,"category":"ubbull"},{"type":"A","date":"2018-03-19T02:17:30.000Z","volume":1000000,"price":0.32,"category":"ubbull"},{"type":"A","date":"2018-03-19T02:11:45.000Z","volume":985000,"price":0.315,"category":"ubbull"},{"type":"A","date":"2018-03-19T02:04:07.000Z","volume":1695000,"price":0.31,"category":"ubbull"},{"type":"A","date":"2018-03-19T07:44:09.000Z","volume":300000,"price":0.335,"category":"bbull"},{"type":"A","date":"2018-03-19T07:39:05.000Z","volume":430000,"price":0.33,"category":"bbull"},{"type":"A","date":"2018-03-19T07:13:07.000Z","volume":380000,"price":0.33,"category":"bbull"},{"type":"A","date":"2018-03-19T07:04:13.000Z","volume":250000,"price":0.33,"category":"bbull"},{"type":"A","date":"2018-03-19T06:52:59.000Z","volume":250000,"price":0.325,"category":"bbull"},{"type":"A","date":"2018-03-19T05:00:00.000Z","volume":290000,"price":0.32,"category":"bbull"},{"type":"A","date":"2018-03-19T03:16:56.000Z","volume":200000,"price":0.32,"category":"bbull"},{"type":"A","date":"2018-03-19T03:01:35.000Z","volume":400000,"price":0.33,"category":"bbull"},{"type":"A","date":"2018-03-19T02:57:06.000Z","volume":345000,"price":0.325,"category":"bbull"},{"type":"A","date":"2018-03-19T02:55:04.000Z","volume":230000,"price":0.325,"category":"bbull"},{"type":"A","date":"2018-03-19T02:55:04.000Z","volume":270000,"price":0.32,"category":"bbull"},{"type":"A","date":"2018-03-19T02:50:40.000Z","volume":400000,"price":0.32,"category":"bbull"},{"type":"A","date":"2018-03-19T02:37:20.000Z","volume":320000,"price":0.325,"category":"bbull"},{"type":"A","date":"2018-03-19T02:37:20.000Z","volume":280000,"price":0.32,"category":"bbull"},{"type":"A","date":"2018-03-19T02:36:25.000Z","volume":400000,"price":0.32,"category":"bbull"},{"type":"A","date":"2018-03-19T02:32:49.000Z","volume":300000,"price":0.32,"category":"bbull"},{"type":"A","date":"2018-03-19T02:31:42.000Z","volume":300000,"price":0.32,"category":"bbull"},{"type":"A","date":"2018-03-19T02:28:09.000Z","volume":300000,"price":0.32,"category":"bbull"},{"type":"A","date":"2018-03-19T02:20:25.000Z","volume":240000,"price":0.32,"category":"bbull"},{"type":"A","date":"2018-03-19T02:10:31.000Z","volume":300000,"price":0.31,"category":"bbull"},{"type":"A","date":"2018-03-19T02:06:32.000Z","volume":200000,"price":0.31,"category":"bbull"},{"type":"A","date":"2018-03-19T02:04:07.000Z","volume":215000,"price":0.31,"category":"bbull"},{"type":"A","date":"2018-03-19T01:41:05.000Z","volume":390000,"price":0.305,"category":"bbull"},{"type":"A","date":"2018-03-19T07:59:08.000Z","volume":5000,"price":0.335,"category":"rbull"},{"type":"A","date":"2018-03-19T07:57:32.000Z","volume":5000,"price":0.335,"category":"rbull"},{"type":"A","date":"2018-03-19T07:47:27.000Z","volume":10000,"price":0.335,"category":"rbull"},{"type":"A","date":"2018-03-19T07:45:15.000Z","volume":10000,"price":0.335,"category":"rbull"},{"type":"A","date":"2018-03-19T07:33:48.000Z","volume":5000,"price":0.33,"category":"rbull"},{"type":"A","date":"2018-03-19T07:30:18.000Z","volume":10000,"price":0.33,"category":"rbull"},{"type":"A","date":"2018-03-19T07:15:38.000Z","volume":10000,"price":0.335,"category":"rbull"},{"type":"A","date":"2018-03-19T05:34:08.000Z","volume":15000,"price":0.325,"category":"rbull"},{"type":"A","date":"2018-03-19T03:03:31.000Z","volume":10000,"price":0.33,"category":"rbull"},{"type":"A","date":"2018-03-19T02:53:01.000Z","volume":10000,"price":0.32,"category":"rbull"},{"type":"A","date":"2018-03-19T02:51:56.000Z","volume":10000,"price":0.32,"category":"rbull"},{"type":"A","date":"2018-03-19T02:31:17.000Z","volume":5000,"price":0.32,"category":"rbull"},{"type":"A","date":"2018-03-19T02:11:45.000Z","volume":15000,"price":0.31,"category":"rbull"},{"type":"A","date":"2018-03-19T01:54:22.000Z","volume":15000,"price":0.305,"category":"rbull"},{"type":"A","date":"2018-03-19T01:37:49.000Z","volume":10000,"price":0.295,"category":"rbull"},{"type":"B","date":"2018-03-19T07:50:36.000Z","volume":10000,"price":0.33,"category":"rbear"},{"type":"B","date":"2018-03-19T07:41:16.000Z","volume":10000,"price":0.33,"category":"rbear"},{"type":"B","date":"2018-03-19T07:33:55.000Z","volume":15000,"price":0.33,"category":"rbear"},{"type":"B","date":"2018-03-19T07:10:00.000Z","volume":15000,"price":0.33,"category":"rbear"},{"type":"B","date":"2018-03-19T07:01:42.000Z","volume":5000,"price":0.325,"category":"rbear"},{"type":"B","date":"2018-03-19T06:27:04.000Z","volume":5000,"price":0.325,"category":"rbear"},{"type":"B","date":"2018-03-19T05:57:16.000Z","volume":10000,"price":0.32,"category":"rbear"},{"type":"B","date":"2018-03-19T03:03:39.000Z","volume":15000,"price":0.325,"category":"rbear"},{"type":"B","date":"2018-03-19T02:44:55.000Z","volume":10000,"price":0.32,"category":"rbear"},{"type":"B","date":"2018-03-19T02:33:17.000Z","volume":10000,"price":0.32,"category":"rbear"},{"type":"B","date":"2018-03-19T02:21:34.000Z","volume":5000,"price":0.32,"category":"rbear"},{"type":"B","date":"2018-03-19T01:46:01.000Z","volume":5000,"price":0.305,"category":"rbear"},{"type":"B","date":"2018-03-19T01:42:35.000Z","volume":10000,"price":0.305,"category":"rbear"},{"type":"B","date":"2018-03-19T07:59:43.000Z","volume":200000,"price":0.33,"category":"bbear"},{"type":"B","date":"2018-03-19T07:58:08.000Z","volume":200000,"price":0.33,"category":"bbear"},{"type":"B","date":"2018-03-19T07:15:41.000Z","volume":210000,"price":0.33,"category":"bbear"},{"type":"B","date":"2018-03-19T05:31:12.000Z","volume":300000,"price":0.32,"category":"bbear"},{"type":"B","date":"2018-03-19T05:25:24.000Z","volume":260000,"price":0.32,"category":"bbear"},{"type":"B","date":"2018-03-19T05:20:13.000Z","volume":200000,"price":0.32,"category":"bbear"},{"type":"B","date":"2018-03-19T05:11:10.000Z","volume":200000,"price":0.32,"category":"bbear"},{"type":"B","date":"2018-03-19T03:18:01.000Z","volume":270000,"price":0.32,"category":"bbear"},{"type":"B","date":"2018-03-19T03:03:39.000Z","volume":420000,"price":0.32,"category":"bbear"},{"type":"B","date":"2018-03-19T07:51:23.000Z","volume":500000,"price":0.33,"category":"ubbear"},{"type":"B","date":"2018-03-19T07:47:07.000Z","volume":600000,"price":0.33,"category":"ubbear"},{"type":"B","date":"2018-03-19T07:10:03.000Z","volume":580000,"price":0.33,"category":"ubbear"},{"type":"B","date":"2018-03-19T07:05:25.000Z","volume":870000,"price":0.33,"category":"ubbear"},{"type":"B","date":"2018-03-19T07:04:49.000Z","volume":525000,"price":0.325,"category":"ubbear"},{"type":"B","date":"2018-03-19T03:03:39.000Z","volume":525000,"price":0.32,"category":"ubbear"}]