[{"type":"A","date":"2018-04-10T01:30:02.000Z","volume":22000,"label":" ","price":6.5},{"type":"A","date":"2018-04-10T01:30:03.000Z","volume":8000,"label":" ","price":6.5},{"type":"A","date":"2018-04-10T01:30:03.000Z","volume":5000,"label":" ","price":6.5},{"type":"A","date":"2018-04-10T02:00:22.000Z","volume":4000,"label":" ","price":6.52},{"type":"A","date":"2018-04-10T02:00:23.000Z","volume":18000,"label":" ","price":6.52},{"type":"A","date":"2018-04-10T02:03:14.000Z","volume":12000,"label":" ","price":6.5},{"type":"A","date":"2018-04-10T02:05:20.000Z","volume":10000,"label":" ","price":6.48},{"type":"A","date":"2018-04-10T02:10:20.000Z","volume":22000,"label":" ","price":6.5},{"type":"A","date":"2018-04-10T02:11:04.000Z","volume":3000,"label":" ","price":6.5},{"type":"A","date":"2018-04-10T02:25:47.000Z","volume":22000,"label":" ","price":6.48},{"type":"A","date":"2018-04-10T02:48:56.000Z","volume":13000,"label":" ","price":6.49},{"type":"A","date":"2018-04-10T03:05:31.000Z","volume":10000,"label":" ","price":6.49},{"type":"A","date":"2018-04-10T03:48:27.000Z","volume":7000,"label":" ","price":6.48},{"type":"A","date":"2018-04-10T05:08:00.000Z","volume":12000,"label":" ","price":6.51},{"type":"A","date":"2018-04-10T05:26:32.000Z","volume":4000,"label":" ","price":6.48},{"type":"A","date":"2018-04-10T05:26:48.000Z","volume":7000,"label":" ","price":6.48},{"type":"B","date":"2018-04-10T05:26:50.000Z","volume":1000,"label":" ","price":6.4},{"type":"B","date":"2018-04-10T05:27:51.000Z","volume":1000,"label":" ","price":6.38},{"type":"B","date":"2018-04-10T05:29:08.000Z","volume":1000,"label":" ","price":6.34},{"type":"A","date":"2018-04-10T05:37:19.000Z","volume":6000,"label":" ","price":6.46},{"type":"A","date":"2018-04-10T06:13:11.000Z","volume":12000,"label":" ","price":6.46},{"type":"A","date":"2018-04-10T06:13:22.000Z","volume":10000,"label":" ","price":6.46},{"type":"A","date":"2018-04-10T06:29:35.000Z","volume":22000,"label":" ","price":6.43},{"type":"U","date":"2018-04-10T06:29:48.000Z","volume":1000,"label":" ","price":6.43},{"type":"A","date":"2018-04-10T06:42:16.000Z","volume":1000,"label":" ","price":6.4},{"type":"A","date":"2018-04-10T07:37:25.000Z","volume":16000,"label":" ","price":6.4},{"type":"A","date":"2018-04-10T07:37:52.000Z","volume":21000,"label":" ","price":6.4}]