[{"type":"U","date":"2018-03-26T01:20:00.000Z","volume":112000,"label":"U","price":6.78},{"type":"B","date":"2018-03-26T01:30:05.000Z","volume":2000,"label":" ","price":6.82},{"type":"B","date":"2018-03-26T01:30:07.000Z","volume":10000,"label":" ","price":6.82},{"type":"B","date":"2018-03-26T01:30:07.000Z","volume":3000,"label":" ","price":6.82},{"type":"A","date":"2018-03-26T01:30:19.000Z","volume":20000,"label":" ","price":6.84},{"type":"A","date":"2018-03-26T01:30:19.000Z","volume":12000,"label":" ","price":6.84},{"type":"A","date":"2018-03-26T01:30:20.000Z","volume":61000,"label":" ","price":6.85},{"type":"B","date":"2018-03-26T01:30:20.000Z","volume":10000,"label":" ","price":6.83},{"type":"A","date":"2018-03-26T01:30:20.000Z","volume":1000,"label":" ","price":6.86},{"type":"A","date":"2018-03-26T01:30:20.000Z","volume":25000,"label":" ","price":6.88},{"type":"B","date":"2018-03-26T01:30:20.000Z","volume":2000,"label":" ","price":6.86},{"type":"B","date":"2018-03-26T01:30:26.000Z","volume":6000,"label":" ","price":6.9},{"type":"B","date":"2018-03-26T01:30:26.000Z","volume":9000,"label":" ","price":6.86},{"type":"B","date":"2018-03-26T01:30:30.000Z","volume":5000,"label":" ","price":6.86},{"type":"B","date":"2018-03-26T01:30:30.000Z","volume":1000,"label":" ","price":6.85},{"type":"B","date":"2018-03-26T01:30:30.000Z","volume":2000,"label":" ","price":6.85},{"type":"A","date":"2018-03-26T01:30:40.000Z","volume":3000,"label":" ","price":6.92},{"type":"A","date":"2018-03-26T01:30:48.000Z","volume":23000,"label":" ","price":6.92},{"type":"A","date":"2018-03-26T01:30:48.000Z","volume":2000,"label":" ","price":6.92},{"type":"A","date":"2018-03-26T01:30:48.000Z","volume":56000,"label":" ","price":6.92},{"type":"B","date":"2018-03-26T01:30:48.000Z","volume":8000,"label":" ","price":6.92},{"type":"B","date":"2018-03-26T01:30:48.000Z","volume":9000,"label":" ","price":6.92},{"type":"B","date":"2018-03-26T01:30:48.000Z","volume":11000,"label":" ","price":6.92},{"type":"B","date":"2018-03-26T01:30:48.000Z","volume":31000,"label":" ","price":6.92},{"type":"A","date":"2018-03-26T01:31:00.000Z","volume":6000,"label":" ","price":6.91},{"type":"A","date":"2018-03-26T01:31:00.000Z","volume":6000,"label":" ","price":6.92},{"type":"B","date":"2018-03-26T01:31:01.000Z","volume":9000,"label":" ","price":6.92},{"type":"A","date":"2018-03-26T01:31:03.000Z","volume":3000,"label":" ","price":6.93},{"type":"A","date":"2018-03-26T01:31:05.000Z","volume":1000,"label":" ","price":6.93},{"type":"A","date":"2018-03-26T01:31:05.000Z","volume":1000,"label":" ","price":6.93},{"type":"A","date":"2018-03-26T01:31:05.000Z","volume":2000,"label":" ","price":6.93},{"type":"B","date":"2018-03-26T01:31:13.000Z","volume":10000,"label":" ","price":6.92},{"type":"A","date":"2018-03-26T01:31:19.000Z","volume":10000,"label":" ","price":6.94},{"type":"B","date":"2018-03-26T01:31:19.000Z","volume":10000,"label":" ","price":6.92},{"type":"A","date":"2018-03-26T01:31:23.000Z","volume":4000,"label":" ","price":6.93},{"type":"A","date":"2018-03-26T01:31:24.000Z","volume":6000,"label":"Y","price":6.93},{"type":"A","date":"2018-03-26T01:31:24.000Z","volume":2000,"label":" ","price":6.93},{"type":"B","date":"2018-03-26T01:31:31.000Z","volume":7000,"label":" ","price":6.92},{"type":"A","date":"2018-03-26T01:31:35.000Z","volume":1000,"label":" ","price":6.93},{"type":"A","date":"2018-03-26T01:31:35.000Z","volume":4000,"label":" ","price":6.93},{"type":"A","date":"2018-03-26T01:31:35.000Z","volume":1000,"label":" ","price":6.93},{"type":"A","date":"2018-03-26T01:31:49.000Z","volume":10000,"label":" ","price":6.95},{"type":"A","date":"2018-03-26T01:31:50.000Z","volume":6000,"label":"Y","price":6.95},{"type":"A","date":"2018-03-26T01:31:50.000Z","volume":4000,"label":" ","price":6.95},{"type":"B","date":"2018-03-26T01:31:59.000Z","volume":32000,"label":" ","price":6.94},{"type":"B","date":"2018-03-26T01:32:01.000Z","volume":6000,"label":" ","price":6.94},{"type":"U","date":"2018-03-26T01:32:08.000Z","volume":6000,"label":" ","price":6.94},{"type":"B","date":"2018-03-26T01:32:08.000Z","volume":7000,"label":" ","price":6.94},{"type":"B","date":"2018-03-26T01:32:08.000Z","volume":5000,"label":"Y","price":6.93},{"type":"B","date":"2018-03-26T01:32:08.000Z","volume":18000,"label":" ","price":6.93},{"type":"B","date":"2018-03-26T01:32:17.000Z","volume":2000,"label":" ","price":6.94},{"type":"A","date":"2018-03-26T01:32:20.000Z","volume":8000,"label":"Y","price":6.95},{"type":"A","date":"2018-03-26T01:32:29.000Z","volume":8000,"label":"Y","price":6.95},{"type":"A","date":"2018-03-26T01:32:29.000Z","volume":2000,"label":" ","price":6.95},{"type":"B","date":"2018-03-26T01:32:31.000Z","volume":6000,"label":" ","price":6.94},{"type":"B","date":"2018-03-26T01:32:31.000Z","volume":3000,"label":" ","price":6.94},{"type":"B","date":"2018-03-26T01:32:37.000Z","volume":11000,"label":" ","price":6.93},{"type":"B","date":"2018-03-26T01:32:43.000Z","volume":7000,"label":" ","price":6.93},{"type":"B","date":"2018-03-26T01:32:43.000Z","volume":21000,"label":" ","price":6.93},{"type":"B","date":"2018-03-26T01:32:52.000Z","volume":6000,"label":" ","price":6.92},{"type":"B","date":"2018-03-26T01:32:52.000Z","volume":11000,"label":" ","price":6.92},{"type":"B","date":"2018-03-26T01:33:01.000Z","volume":2000,"label":" ","price":6.91},{"type":"B","date":"2018-03-26T01:33:02.000Z","volume":2000,"label":" ","price":6.91},{"type":"A","date":"2018-03-26T01:33:06.000Z","volume":6000,"label":" ","price":6.93},{"type":"B","date":"2018-03-26T01:33:08.000Z","volume":6000,"label":" ","price":6.9},{"type":"B","date":"2018-03-26T01:33:12.000Z","volume":3000,"label":" ","price":6.9},{"type":"B","date":"2018-03-26T01:33:16.000Z","volume":14000,"label":" ","price":6.9},{"type":"B","date":"2018-03-26T01:33:27.000Z","volume":2000,"label":" ","price":6.89},{"type":"A","date":"2018-03-26T01:33:46.000Z","volume":1000,"label":" ","price":6.91},{"type":"U","date":"2018-03-26T01:33:50.000Z","volume":1000,"label":" ","price":6.9},{"type":"B","date":"2018-03-26T01:33:57.000Z","volume":6000,"label":" ","price":6.9},{"type":"B","date":"2018-03-26T01:33:57.000Z","volume":5000,"label":" ","price":6.89},{"type":"B","date":"2018-03-26T01:33:57.000Z","volume":8000,"label":" ","price":6.88},{"type":"A","date":"2018-03-26T01:34:06.000Z","volume":18000,"label":" ","price":6.88},{"type":"A","date":"2018-03-26T01:34:07.000Z","volume":1000,"label":" ","price":6.91},{"type":"U","date":"2018-03-26T01:35:41.000Z","volume":2000,"label":" ","price":6.87},{"type":"B","date":"2018-03-26T01:35:41.000Z","volume":2000,"label":" ","price":6.87},{"type":"B","date":"2018-03-26T01:35:41.000Z","volume":8000,"label":" ","price":6.86},{"type":"B","date":"2018-03-26T01:35:55.000Z","volume":4000,"label":" ","price":6.86},{"type":"B","date":"2018-03-26T01:35:55.000Z","volume":4000,"label":" ","price":6.85},{"type":"B","date":"2018-03-26T01:36:17.000Z","volume":5000,"label":" ","price":6.85},{"type":"B","date":"2018-03-26T01:36:25.000Z","volume":1000,"label":" ","price":6.85},{"type":"B","date":"2018-03-26T01:36:34.000Z","volume":17000,"label":" ","price":6.86},{"type":"B","date":"2018-03-26T01:36:34.000Z","volume":16000,"label":" ","price":6.85},{"type":"B","date":"2018-03-26T01:36:34.000Z","volume":3000,"label":" ","price":6.84},{"type":"B","date":"2018-03-26T01:36:35.000Z","volume":6000,"label":" ","price":6.84},{"type":"B","date":"2018-03-26T01:36:51.000Z","volume":2000,"label":" ","price":6.82},{"type":"A","date":"2018-03-26T01:37:01.000Z","volume":3000,"label":" ","price":6.83},{"type":"B","date":"2018-03-26T01:37:05.000Z","volume":18000,"label":" ","price":6.82},{"type":"B","date":"2018-03-26T01:37:05.000Z","volume":47000,"label":" ","price":6.8},{"type":"B","date":"2018-03-26T01:37:05.000Z","volume":9000,"label":" ","price":6.81},{"type":"B","date":"2018-03-26T01:37:05.000Z","volume":4000,"label":" ","price":6.82},{"type":"B","date":"2018-03-26T01:37:26.000Z","volume":100000,"label":" ","price":6.8},{"type":"B","date":"2018-03-26T01:37:30.000Z","volume":8000,"label":"Y","price":6.8},{"type":"B","date":"2018-03-26T01:37:30.000Z","volume":41000,"label":" ","price":6.8},{"type":"B","date":"2018-03-26T01:37:30.000Z","volume":1000,"label":" ","price":6.79},{"type":"B","date":"2018-03-26T01:37:30.000Z","volume":12000,"label":"Y","price":6.8},{"type":"B","date":"2018-03-26T01:37:30.000Z","volume":2000,"label":" ","price":6.79},{"type":"B","date":"2018-03-26T01:37:30.000Z","volume":7000,"label":" ","price":6.79},{"type":"A","date":"2018-03-26T01:37:32.000Z","volume":251000,"label":" ","price":6.8},{"type":"A","date":"2018-03-26T01:37:32.000Z","volume":1000,"label":" ","price":6.81},{"type":"A","date":"2018-03-26T01:37:32.000Z","volume":12000,"label":" ","price":6.8},{"type":"U","date":"2018-03-26T01:37:32.000Z","volume":6000,"label":" ","price":6.79},{"type":"B","date":"2018-03-26T01:37:34.000Z","volume":30000,"label":" ","price":6.79},{"type":"B","date":"2018-03-26T01:37:36.000Z","volume":12000,"label":" ","price":6.79},{"type":"B","date":"2018-03-26T01:37:36.000Z","volume":9000,"label":" ","price":6.79},{"type":"B","date":"2018-03-26T01:37:45.000Z","volume":2000,"label":"Y","price":6.8},{"type":"B","date":"2018-03-26T01:37:45.000Z","volume":13000,"label":" ","price":6.8},{"type":"B","date":"2018-03-26T01:37:48.000Z","volume":1000,"label":" ","price":6.79},{"type":"U","date":"2018-03-26T01:37:49.000Z","volume":2000,"label":" ","price":6.8},{"type":"A","date":"2018-03-26T01:37:50.000Z","volume":3000,"label":" ","price":6.81},{"type":"B","date":"2018-03-26T01:37:51.000Z","volume":2000,"label":" ","price":6.81},{"type":"A","date":"2018-03-26T01:38:11.000Z","volume":1000,"label":" ","price":6.82},{"type":"A","date":"2018-03-26T01:38:11.000Z","volume":2000,"label":" ","price":6.82},{"type":"A","date":"2018-03-26T01:38:12.000Z","volume":2000,"label":" ","price":6.84},{"type":"B","date":"2018-03-26T01:38:28.000Z","volume":3000,"label":" ","price":6.83},{"type":"B","date":"2018-03-26T01:38:28.000Z","volume":9000,"label":" ","price":6.82},{"type":"B","date":"2018-03-26T01:38:28.000Z","volume":3000,"label":" ","price":6.81},{"type":"B","date":"2018-03-26T01:38:28.000Z","volume":3000,"label":" ","price":6.8},{"type":"B","date":"2018-03-26T01:38:49.000Z","volume":24000,"label":" ","price":6.8},{"type":"B","date":"2018-03-26T01:38:49.000Z","volume":3000,"label":"Y","price":6.79},{"type":"A","date":"2018-03-26T01:38:55.000Z","volume":11000,"label":" ","price":6.82},{"type":"A","date":"2018-03-26T01:38:56.000Z","volume":1000,"label":" ","price":6.84},{"type":"B","date":"2018-03-26T01:39:01.000Z","volume":2000,"label":"Y","price":6.8},{"type":"B","date":"2018-03-26T01:39:10.000Z","volume":5000,"label":"Y","price":6.8},{"type":"A","date":"2018-03-26T01:39:54.000Z","volume":14000,"label":" ","price":6.82},{"type":"A","date":"2018-03-26T01:39:54.000Z","volume":8000,"label":" ","price":6.82},{"type":"U","date":"2018-03-26T01:40:04.000Z","volume":158,"label":"D","price":6.75},{"type":"A","date":"2018-03-26T01:40:16.000Z","volume":14000,"label":" ","price":6.84},{"type":"A","date":"2018-03-26T01:40:16.000Z","volume":12000,"label":" ","price":6.84},{"type":"A","date":"2018-03-26T01:40:17.000Z","volume":16000,"label":" ","price":6.84},{"type":"B","date":"2018-03-26T01:40:21.000Z","volume":10000,"label":" ","price":6.84},{"type":"B","date":"2018-03-26T01:40:22.000Z","volume":3000,"label":"Y","price":6.84},{"type":"B","date":"2018-03-26T01:40:22.000Z","volume":7000,"label":" ","price":6.84},{"type":"A","date":"2018-03-26T01:40:23.000Z","volume":10000,"label":" ","price":6.85},{"type":"A","date":"2018-03-26T01:40:26.000Z","volume":10000,"label":" ","price":6.85},{"type":"A","date":"2018-03-26T01:40:40.000Z","volume":19000,"label":" ","price":6.85},{"type":"B","date":"2018-03-26T01:40:41.000Z","volume":4000,"label":"Y","price":6.84},{"type":"B","date":"2018-03-26T01:40:41.000Z","volume":2000,"label":" ","price":6.84},{"type":"A","date":"2018-03-26T01:40:41.000Z","volume":10000,"label":" ","price":6.85},{"type":"A","date":"2018-03-26T01:40:41.000Z","volume":2000,"label":" ","price":6.85},{"type":"U","date":"2018-03-26T01:40:56.000Z","volume":1000,"label":" ","price":6.87},{"type":"A","date":"2018-03-26T01:41:11.000Z","volume":10000,"label":" ","price":6.88},{"type":"A","date":"2018-03-26T01:41:35.000Z","volume":4000,"label":" ","price":6.88},{"type":"B","date":"2018-03-26T01:41:35.000Z","volume":1000,"label":" ","price":6.88},{"type":"A","date":"2018-03-26T01:41:35.000Z","volume":1000,"label":" ","price":6.87},{"type":"B","date":"2018-03-26T01:42:18.000Z","volume":9000,"label":" ","price":6.87},{"type":"B","date":"2018-03-26T01:42:18.000Z","volume":6000,"label":" ","price":6.86},{"type":"B","date":"2018-03-26T01:42:41.000Z","volume":25000,"label":" ","price":6.86},{"type":"B","date":"2018-03-26T01:42:41.000Z","volume":24000,"label":" ","price":6.85},{"type":"A","date":"2018-03-26T01:42:43.000Z","volume":10000,"label":" ","price":6.86},{"type":"A","date":"2018-03-26T01:42:50.000Z","volume":2000,"label":" ","price":6.85},{"type":"A","date":"2018-03-26T01:43:05.000Z","volume":17000,"label":" ","price":6.86},{"type":"A","date":"2018-03-26T01:43:05.000Z","volume":1000,"label":" ","price":6.87},{"type":"A","date":"2018-03-26T01:43:29.000Z","volume":30000,"label":" ","price":6.9},{"type":"B","date":"2018-03-26T01:43:29.000Z","volume":10000,"label":" ","price":6.9},{"type":"U","date":"2018-03-26T01:43:33.000Z","volume":1000,"label":" ","price":6.91},{"type":"B","date":"2018-03-26T01:43:36.000Z","volume":27000,"label":" ","price":6.9},{"type":"B","date":"2018-03-26T01:43:36.000Z","volume":1000,"label":" ","price":6.89},{"type":"B","date":"2018-03-26T01:43:37.000Z","volume":10000,"label":" ","price":6.9},{"type":"B","date":"2018-03-26T01:43:37.000Z","volume":2000,"label":" ","price":6.9},{"type":"A","date":"2018-03-26T01:43:47.000Z","volume":10000,"label":" ","price":6.9},{"type":"B","date":"2018-03-26T01:43:51.000Z","volume":9000,"label":" ","price":6.89},{"type":"A","date":"2018-03-26T01:44:18.000Z","volume":1000,"label":" ","price":6.89},{"type":"A","date":"2018-03-26T01:44:38.000Z","volume":10000,"label":" ","price":6.89},{"type":"A","date":"2018-03-26T01:44:50.000Z","volume":3000,"label":" ","price":6.9},{"type":"A","date":"2018-03-26T01:44:51.000Z","volume":1000,"label":" ","price":6.9},{"type":"A","date":"2018-03-26T01:45:01.000Z","volume":3000,"label":" ","price":6.9},{"type":"A","date":"2018-03-26T01:45:02.000Z","volume":1000,"label":" ","price":6.9},{"type":"A","date":"2018-03-26T01:45:02.000Z","volume":5000,"label":" ","price":6.9},{"type":"B","date":"2018-03-26T01:45:58.000Z","volume":5000,"label":" ","price":6.9},{"type":"B","date":"2018-03-26T01:45:58.000Z","volume":3000,"label":" ","price":6.89},{"type":"A","date":"2018-03-26T01:46:13.000Z","volume":5000,"label":" ","price":6.9},{"type":"A","date":"2018-03-26T01:46:16.000Z","volume":1000,"label":" ","price":6.89},{"type":"A","date":"2018-03-26T01:46:16.000Z","volume":1000,"label":" ","price":6.89},{"type":"A","date":"2018-03-26T01:46:16.000Z","volume":1000,"label":" ","price":6.89},{"type":"A","date":"2018-03-26T01:46:31.000Z","volume":15000,"label":" ","price":6.9},{"type":"A","date":"2018-03-26T01:46:35.000Z","volume":1000,"label":" ","price":6.91},{"type":"A","date":"2018-03-26T01:46:35.000Z","volume":2000,"label":" ","price":6.91},{"type":"A","date":"2018-03-26T01:46:40.000Z","volume":2000,"label":" ","price":6.91},{"type":"B","date":"2018-03-26T01:46:41.000Z","volume":2000,"label":" ","price":6.9},{"type":"A","date":"2018-03-26T01:46:58.000Z","volume":1000,"label":" ","price":6.91},{"type":"A","date":"2018-03-26T01:46:58.000Z","volume":4000,"label":" ","price":6.93},{"type":"B","date":"2018-03-26T01:47:27.000Z","volume":21000,"label":" ","price":6.9},{"type":"B","date":"2018-03-26T01:47:34.000Z","volume":28000,"label":" ","price":6.9},{"type":"A","date":"2018-03-26T01:47:34.000Z","volume":2000,"label":" ","price":6.92},{"type":"B","date":"2018-03-26T01:47:35.000Z","volume":8000,"label":" ","price":6.89},{"type":"B","date":"2018-03-26T01:47:36.000Z","volume":1000,"label":" ","price":6.89},{"type":"B","date":"2018-03-26T01:47:38.000Z","volume":8000,"label":" ","price":6.88},{"type":"A","date":"2018-03-26T01:47:56.000Z","volume":1000,"label":" ","price":6.88},{"type":"A","date":"2018-03-26T01:48:28.000Z","volume":5000,"label":" ","price":6.88},{"type":"A","date":"2018-03-26T01:48:28.000Z","volume":3000,"label":"Y","price":6.88},{"type":"A","date":"2018-03-26T01:48:44.000Z","volume":14000,"label":" ","price":6.89},{"type":"A","date":"2018-03-26T01:48:44.000Z","volume":6000,"label":" ","price":6.9},{"type":"A","date":"2018-03-26T01:48:54.000Z","volume":2000,"label":" ","price":6.89},{"type":"A","date":"2018-03-26T01:48:55.000Z","volume":1000,"label":" ","price":6.89},{"type":"A","date":"2018-03-26T01:48:55.000Z","volume":1000,"label":" ","price":6.89},{"type":"A","date":"2018-03-26T01:48:55.000Z","volume":1000,"label":" ","price":6.89},{"type":"B","date":"2018-03-26T01:49:14.000Z","volume":16000,"label":" ","price":6.88},{"type":"B","date":"2018-03-26T01:49:16.000Z","volume":20000,"label":" ","price":6.87},{"type":"U","date":"2018-03-26T01:49:16.000Z","volume":6000,"label":" ","price":6.88},{"type":"U","date":"2018-03-26T01:49:19.000Z","volume":1000,"label":" ","price":6.87},{"type":"A","date":"2018-03-26T01:49:22.000Z","volume":3000,"label":" ","price":6.87},{"type":"B","date":"2018-03-26T01:49:31.000Z","volume":61000,"label":" ","price":6.86},{"type":"B","date":"2018-03-26T01:50:41.000Z","volume":5000,"label":"Y","price":6.87},{"type":"B","date":"2018-03-26T01:50:41.000Z","volume":10000,"label":" ","price":6.87},{"type":"A","date":"2018-03-26T01:50:41.000Z","volume":4000,"label":" ","price":6.87},{"type":"A","date":"2018-03-26T01:50:41.000Z","volume":1000,"label":" ","price":6.87},{"type":"U","date":"2018-03-26T01:50:44.000Z","volume":10000,"label":" ","price":6.88},{"type":"A","date":"2018-03-26T01:51:02.000Z","volume":2000,"label":" ","price":6.88},{"type":"A","date":"2018-03-26T01:51:03.000Z","volume":1000,"label":" ","price":6.88},{"type":"A","date":"2018-03-26T01:51:25.000Z","volume":2000,"label":" ","price":6.88},{"type":"A","date":"2018-03-26T01:51:27.000Z","volume":1000,"label":" ","price":6.88},{"type":"A","date":"2018-03-26T01:51:45.000Z","volume":5000,"label":" ","price":6.88},{"type":"A","date":"2018-03-26T01:51:49.000Z","volume":1000,"label":" ","price":6.88},{"type":"A","date":"2018-03-26T01:52:10.000Z","volume":10000,"label":" ","price":6.88},{"type":"A","date":"2018-03-26T01:52:15.000Z","volume":10000,"label":" ","price":6.88},{"type":"B","date":"2018-03-26T01:52:15.000Z","volume":4000,"label":" ","price":6.87},{"type":"B","date":"2018-03-26T01:52:27.000Z","volume":2000,"label":" ","price":6.87},{"type":"B","date":"2018-03-26T01:52:40.000Z","volume":1000,"label":"Y","price":6.87},{"type":"A","date":"2018-03-26T01:53:20.000Z","volume":5000,"label":"Y","price":6.88},{"type":"A","date":"2018-03-26T01:53:20.000Z","volume":35000,"label":" ","price":6.88},{"type":"A","date":"2018-03-26T01:53:20.000Z","volume":3000,"label":" ","price":6.88},{"type":"U","date":"2018-03-26T01:53:24.000Z","volume":11000,"label":"X","price":6.88},{"type":"U","date":"2018-03-26T01:53:25.000Z","volume":8000,"label":"X","price":6.88},{"type":"A","date":"2018-03-26T01:53:36.000Z","volume":10000,"label":" ","price":6.88},{"type":"A","date":"2018-03-26T01:53:45.000Z","volume":2000,"label":" ","price":6.88},{"type":"A","date":"2018-03-26T01:53:45.000Z","volume":5000,"label":" ","price":6.88},{"type":"A","date":"2018-03-26T01:53:45.000Z","volume":21000,"label":" ","price":6.88},{"type":"A","date":"2018-03-26T01:53:45.000Z","volume":5000,"label":" ","price":6.89},{"type":"A","date":"2018-03-26T01:53:53.000Z","volume":3000,"label":" ","price":6.89},{"type":"A","date":"2018-03-26T01:54:03.000Z","volume":1000,"label":" ","price":6.89},{"type":"A","date":"2018-03-26T01:54:44.000Z","volume":310000,"label":" ","price":6.9},{"type":"A","date":"2018-03-26T01:54:44.000Z","volume":15000,"label":" ","price":6.91},{"type":"U","date":"2018-03-26T01:54:44.000Z","volume":2000,"label":" ","price":6.9},{"type":"A","date":"2018-03-26T01:54:44.000Z","volume":5000,"label":" ","price":6.91},{"type":"A","date":"2018-03-26T01:54:44.000Z","volume":5000,"label":" ","price":6.91},{"type":"U","date":"2018-03-26T01:54:46.000Z","volume":7000,"label":" ","price":6.91},{"type":"B","date":"2018-03-26T01:55:07.000Z","volume":26000,"label":" ","price":6.9},{"type":"B","date":"2018-03-26T01:55:07.000Z","volume":40000,"label":" ","price":6.89},{"type":"B","date":"2018-03-26T01:55:07.000Z","volume":1000,"label":" ","price":6.9},{"type":"B","date":"2018-03-26T01:55:07.000Z","volume":43000,"label":" ","price":6.89},{"type":"B","date":"2018-03-26T01:55:07.000Z","volume":10000,"label":" ","price":6.89},{"type":"B","date":"2018-03-26T01:55:08.000Z","volume":6000,"label":" ","price":6.9},{"type":"B","date":"2018-03-26T01:55:15.000Z","volume":71000,"label":" ","price":6.89},{"type":"A","date":"2018-03-26T01:55:15.000Z","volume":6000,"label":" ","price":6.89},{"type":"A","date":"2018-03-26T01:55:15.000Z","volume":2000,"label":" ","price":6.89},{"type":"B","date":"2018-03-26T01:55:51.000Z","volume":3000,"label":" ","price":6.88},{"type":"A","date":"2018-03-26T01:56:42.000Z","volume":16000,"label":" ","price":6.89},{"type":"A","date":"2018-03-26T01:56:42.000Z","volume":10000,"label":" ","price":6.89},{"type":"A","date":"2018-03-26T01:56:42.000Z","volume":81000,"label":" ","price":6.89},{"type":"A","date":"2018-03-26T01:57:07.000Z","volume":31000,"label":" ","price":6.91},{"type":"A","date":"2018-03-26T01:57:08.000Z","volume":4000,"label":" ","price":6.91},{"type":"A","date":"2018-03-26T01:57:08.000Z","volume":4000,"label":" ","price":6.91},{"type":"A","date":"2018-03-26T01:57:13.000Z","volume":19000,"label":" ","price":6.92},{"type":"B","date":"2018-03-26T01:57:29.000Z","volume":1000,"label":" ","price":6.91},{"type":"B","date":"2018-03-26T01:57:31.000Z","volume":10000,"label":" ","price":6.91},{"type":"A","date":"2018-03-26T01:57:34.000Z","volume":2000,"label":" ","price":6.92},{"type":"A","date":"2018-03-26T01:57:47.000Z","volume":21000,"label":" ","price":6.92},{"type":"A","date":"2018-03-26T01:57:47.000Z","volume":2000,"label":" ","price":6.93},{"type":"A","date":"2018-03-26T01:57:47.000Z","volume":3000,"label":" ","price":6.93},{"type":"B","date":"2018-03-26T01:57:47.000Z","volume":2000,"label":" ","price":6.92},{"type":"U","date":"2018-03-26T01:57:47.000Z","volume":10000,"label":" ","price":6.92},{"type":"B","date":"2018-03-26T01:57:50.000Z","volume":13000,"label":" ","price":6.92},{"type":"A","date":"2018-03-26T01:57:52.000Z","volume":20000,"label":" ","price":6.93},{"type":"B","date":"2018-03-26T01:57:57.000Z","volume":2000,"label":" ","price":6.93},{"type":"B","date":"2018-03-26T01:58:04.000Z","volume":6000,"label":" ","price":6.92},{"type":"B","date":"2018-03-26T01:58:04.000Z","volume":6000,"label":" ","price":6.92},{"type":"B","date":"2018-03-26T01:58:04.000Z","volume":1000,"label":" ","price":6.92},{"type":"B","date":"2018-03-26T01:58:05.000Z","volume":2000,"label":" ","price":6.92},{"type":"A","date":"2018-03-26T01:58:24.000Z","volume":2000,"label":" ","price":6.93},{"type":"A","date":"2018-03-26T01:58:28.000Z","volume":19000,"label":" ","price":6.93},{"type":"A","date":"2018-03-26T01:58:28.000Z","volume":11000,"label":" ","price":6.94},{"type":"A","date":"2018-03-26T01:58:28.000Z","volume":10000,"label":"Y","price":6.95},{"type":"A","date":"2018-03-26T01:58:28.000Z","volume":40000,"label":" ","price":6.95},{"type":"A","date":"2018-03-26T01:58:28.000Z","volume":21000,"label":" ","price":6.95},{"type":"U","date":"2018-03-26T01:58:31.000Z","volume":363,"label":"D","price":6.87},{"type":"A","date":"2018-03-26T01:58:37.000Z","volume":18000,"label":" ","price":6.95},{"type":"A","date":"2018-03-26T01:58:37.000Z","volume":9000,"label":" ","price":6.95},{"type":"B","date":"2018-03-26T01:58:37.000Z","volume":23000,"label":" ","price":6.95},{"type":"A","date":"2018-03-26T01:58:45.000Z","volume":9000,"label":" ","price":6.96},{"type":"A","date":"2018-03-26T01:58:45.000Z","volume":55000,"label":" ","price":6.96},{"type":"A","date":"2018-03-26T01:59:08.000Z","volume":20000,"label":" ","price":6.96},{"type":"A","date":"2018-03-26T01:59:08.000Z","volume":5000,"label":" ","price":6.95},{"type":"A","date":"2018-03-26T01:59:29.000Z","volume":7000,"label":" ","price":6.95},{"type":"A","date":"2018-03-26T01:59:51.000Z","volume":1000,"label":" ","price":6.95},{"type":"A","date":"2018-03-26T01:59:52.000Z","volume":5000,"label":" ","price":6.95},{"type":"A","date":"2018-03-26T01:59:53.000Z","volume":6000,"label":" ","price":6.95},{"type":"A","date":"2018-03-26T01:59:55.000Z","volume":35000,"label":" ","price":6.95},{"type":"A","date":"2018-03-26T02:00:17.000Z","volume":41000,"label":" ","price":6.97},{"type":"A","date":"2018-03-26T02:00:17.000Z","volume":11000,"label":" ","price":6.98},{"type":"A","date":"2018-03-26T02:00:17.000Z","volume":7000,"label":" ","price":6.98},{"type":"A","date":"2018-03-26T02:00:17.000Z","volume":7000,"label":" ","price":6.98},{"type":"A","date":"2018-03-26T02:00:17.000Z","volume":4000,"label":" ","price":6.98},{"type":"A","date":"2018-03-26T02:00:17.000Z","volume":30000,"label":" ","price":6.98},{"type":"B","date":"2018-03-26T02:00:26.000Z","volume":46000,"label":" ","price":6.95},{"type":"B","date":"2018-03-26T02:00:26.000Z","volume":24000,"label":" ","price":6.94},{"type":"B","date":"2018-03-26T02:00:26.000Z","volume":8000,"label":" ","price":6.94},{"type":"B","date":"2018-03-26T02:00:26.000Z","volume":1000,"label":" ","price":6.95},{"type":"A","date":"2018-03-26T02:01:11.000Z","volume":8000,"label":" ","price":6.96},{"type":"B","date":"2018-03-26T02:01:16.000Z","volume":2000,"label":" ","price":6.95},{"type":"A","date":"2018-03-26T02:01:28.000Z","volume":20000,"label":" ","price":6.96},{"type":"A","date":"2018-03-26T02:02:21.000Z","volume":36000,"label":" ","price":6.98},{"type":"A","date":"2018-03-26T02:02:21.000Z","volume":161000,"label":" ","price":6.99},{"type":"A","date":"2018-03-26T02:02:21.000Z","volume":3000,"label":" ","price":6.99},{"type":"B","date":"2018-03-26T02:02:40.000Z","volume":2000,"label":" ","price":6.98},{"type":"A","date":"2018-03-26T02:02:47.000Z","volume":11000,"label":" ","price":6.99},{"type":"A","date":"2018-03-26T02:02:47.000Z","volume":174000,"label":" ","price":7},{"type":"A","date":"2018-03-26T02:02:47.000Z","volume":8000,"label":" ","price":7},{"type":"A","date":"2018-03-26T02:02:47.000Z","volume":7000,"label":" ","price":7},{"type":"B","date":"2018-03-26T02:02:59.000Z","volume":2000,"label":" ","price":6.99},{"type":"B","date":"2018-03-26T02:02:59.000Z","volume":22000,"label":" ","price":6.98},{"type":"A","date":"2018-03-26T02:02:59.000Z","volume":6000,"label":" ","price":6.99},{"type":"B","date":"2018-03-26T02:02:59.000Z","volume":5000,"label":" ","price":6.98},{"type":"A","date":"2018-03-26T02:03:10.000Z","volume":28000,"label":" ","price":6.99},{"type":"A","date":"2018-03-26T02:03:10.000Z","volume":1000,"label":" ","price":7},{"type":"A","date":"2018-03-26T02:03:10.000Z","volume":10000,"label":" ","price":7},{"type":"A","date":"2018-03-26T02:03:10.000Z","volume":23000,"label":" ","price":7},{"type":"A","date":"2018-03-26T02:03:10.000Z","volume":15000,"label":" ","price":7},{"type":"A","date":"2018-03-26T02:03:13.000Z","volume":5000,"label":" ","price":7.01},{"type":"A","date":"2018-03-26T02:03:14.000Z","volume":5000,"label":" ","price":7.01},{"type":"A","date":"2018-03-26T02:03:17.000Z","volume":6000,"label":" ","price":7.03},{"type":"B","date":"2018-03-26T02:03:32.000Z","volume":6000,"label":" ","price":7.01},{"type":"B","date":"2018-03-26T02:03:32.000Z","volume":5000,"label":" ","price":7.01},{"type":"B","date":"2018-03-26T02:03:32.000Z","volume":5000,"label":" ","price":7.01},{"type":"A","date":"2018-03-26T02:03:33.000Z","volume":1000,"label":" ","price":7.01},{"type":"B","date":"2018-03-26T02:03:35.000Z","volume":5000,"label":" ","price":7},{"type":"A","date":"2018-03-26T02:03:35.000Z","volume":1000,"label":" ","price":7.01},{"type":"A","date":"2018-03-26T02:03:35.000Z","volume":4000,"label":" ","price":7.03},{"type":"A","date":"2018-03-26T02:03:35.000Z","volume":3000,"label":" ","price":7.03},{"type":"A","date":"2018-03-26T02:03:51.000Z","volume":5000,"label":" ","price":7.02},{"type":"A","date":"2018-03-26T02:03:52.000Z","volume":1000,"label":" ","price":7.02},{"type":"A","date":"2018-03-26T02:03:52.000Z","volume":1000,"label":" ","price":7.02},{"type":"B","date":"2018-03-26T02:03:57.000Z","volume":21000,"label":" ","price":7.02},{"type":"A","date":"2018-03-26T02:03:59.000Z","volume":1000,"label":" ","price":7.02},{"type":"A","date":"2018-03-26T02:04:06.000Z","volume":9000,"label":" ","price":7.02},{"type":"A","date":"2018-03-26T02:04:06.000Z","volume":1000,"label":" ","price":7.03},{"type":"A","date":"2018-03-26T02:04:11.000Z","volume":1000,"label":" ","price":7.03},{"type":"A","date":"2018-03-26T02:04:16.000Z","volume":1000,"label":" ","price":7.04},{"type":"B","date":"2018-03-26T02:04:35.000Z","volume":10000,"label":" ","price":7.03},{"type":"B","date":"2018-03-26T02:04:35.000Z","volume":1000,"label":" ","price":7.03},{"type":"A","date":"2018-03-26T02:04:35.000Z","volume":5000,"label":" ","price":7.04},{"type":"B","date":"2018-03-26T02:04:35.000Z","volume":1000,"label":" ","price":7.03},{"type":"B","date":"2018-03-26T02:04:36.000Z","volume":1000,"label":" ","price":7.03},{"type":"A","date":"2018-03-26T02:04:36.000Z","volume":2000,"label":" ","price":7.04},{"type":"B","date":"2018-03-26T02:04:38.000Z","volume":1000,"label":" ","price":7.03},{"type":"B","date":"2018-03-26T02:04:42.000Z","volume":8000,"label":" ","price":7.04},{"type":"A","date":"2018-03-26T02:04:42.000Z","volume":14000,"label":" ","price":7.04},{"type":"B","date":"2018-03-26T02:04:42.000Z","volume":2000,"label":" ","price":7.04},{"type":"B","date":"2018-03-26T02:04:46.000Z","volume":10000,"label":" ","price":7.04},{"type":"B","date":"2018-03-26T02:04:46.000Z","volume":1000,"label":" ","price":7.04},{"type":"B","date":"2018-03-26T02:04:46.000Z","volume":2000,"label":" ","price":7.04},{"type":"B","date":"2018-03-26T02:04:47.000Z","volume":72000,"label":" ","price":7.04},{"type":"B","date":"2018-03-26T02:04:47.000Z","volume":65000,"label":" ","price":7.03},{"type":"B","date":"2018-03-26T02:04:47.000Z","volume":15000,"label":" ","price":7.02},{"type":"A","date":"2018-03-26T02:04:50.000Z","volume":2000,"label":" ","price":7.04},{"type":"B","date":"2018-03-26T02:04:50.000Z","volume":17000,"label":" ","price":7.02},{"type":"B","date":"2018-03-26T02:04:50.000Z","volume":9000,"label":" ","price":7.02},{"type":"B","date":"2018-03-26T02:04:54.000Z","volume":3000,"label":" ","price":7.01},{"type":"A","date":"2018-03-26T02:04:59.000Z","volume":7000,"label":" ","price":7.04},{"type":"A","date":"2018-03-26T02:04:59.000Z","volume":1000,"label":" ","price":7.05},{"type":"A","date":"2018-03-26T02:04:59.000Z","volume":4000,"label":" ","price":7.06},{"type":"U","date":"2018-03-26T02:04:59.000Z","volume":1000,"label":" ","price":7.02},{"type":"B","date":"2018-03-26T02:04:59.000Z","volume":1000,"label":" ","price":7.02},{"type":"B","date":"2018-03-26T02:04:59.000Z","volume":2000,"label":" ","price":7.01},{"type":"A","date":"2018-03-26T02:05:06.000Z","volume":8000,"label":" ","price":7.04},{"type":"B","date":"2018-03-26T02:05:06.000Z","volume":2000,"label":" ","price":7.04},{"type":"B","date":"2018-03-26T02:05:06.000Z","volume":10000,"label":" ","price":7.04},{"type":"A","date":"2018-03-26T02:05:09.000Z","volume":2000,"label":" ","price":7.03},{"type":"A","date":"2018-03-26T02:05:11.000Z","volume":1000,"label":" ","price":7.03},{"type":"A","date":"2018-03-26T02:05:11.000Z","volume":1000,"label":" ","price":7.04},{"type":"B","date":"2018-03-26T02:05:11.000Z","volume":2000,"label":" ","price":7.02},{"type":"B","date":"2018-03-26T02:05:12.000Z","volume":20000,"label":" ","price":7.02},{"type":"B","date":"2018-03-26T02:05:12.000Z","volume":3000,"label":" ","price":7.02},{"type":"B","date":"2018-03-26T02:05:15.000Z","volume":2000,"label":" ","price":7.03},{"type":"A","date":"2018-03-26T02:05:28.000Z","volume":3000,"label":"Y","price":7.04},{"type":"A","date":"2018-03-26T02:05:28.000Z","volume":7000,"label":" ","price":7.04},{"type":"B","date":"2018-03-26T02:05:32.000Z","volume":1000,"label":" ","price":7.02},{"type":"B","date":"2018-03-26T02:05:48.000Z","volume":20000,"label":"Y","price":7.02},{"type":"B","date":"2018-03-26T02:05:48.000Z","volume":45000,"label":" ","price":7.02},{"type":"B","date":"2018-03-26T02:05:48.000Z","volume":51000,"label":" ","price":7.01},{"type":"B","date":"2018-03-26T02:05:49.000Z","volume":2000,"label":" ","price":7.01},{"type":"B","date":"2018-03-26T02:05:49.000Z","volume":3000,"label":" ","price":7},{"type":"A","date":"2018-03-26T02:05:49.000Z","volume":1000,"label":" ","price":7.01},{"type":"B","date":"2018-03-26T02:05:49.000Z","volume":30000,"label":" ","price":7},{"type":"A","date":"2018-03-26T02:05:50.000Z","volume":20000,"label":" ","price":7.02},{"type":"B","date":"2018-03-26T02:05:50.000Z","volume":97000,"label":" ","price":7},{"type":"U","date":"2018-03-26T02:05:50.000Z","volume":6000,"label":" ","price":7.01},{"type":"B","date":"2018-03-26T02:05:50.000Z","volume":184000,"label":" ","price":7},{"type":"B","date":"2018-03-26T02:05:50.000Z","volume":31000,"label":" ","price":7},{"type":"B","date":"2018-03-26T02:05:50.000Z","volume":5000,"label":" ","price":7},{"type":"U","date":"2018-03-26T02:05:50.000Z","volume":5000,"label":" ","price":7.01},{"type":"A","date":"2018-03-26T02:05:53.000Z","volume":14000,"label":" ","price":7.01},{"type":"A","date":"2018-03-26T02:05:53.000Z","volume":16000,"label":" ","price":7.02},{"type":"B","date":"2018-03-26T02:06:14.000Z","volume":10000,"label":"Y","price":7.03},{"type":"A","date":"2018-03-26T02:06:15.000Z","volume":4000,"label":"Y","price":7.03},{"type":"U","date":"2018-03-26T02:06:31.000Z","volume":7000,"label":" ","price":7.02},{"type":"A","date":"2018-03-26T02:06:34.000Z","volume":96000,"label":"Y","price":7.03},{"type":"A","date":"2018-03-26T02:06:34.000Z","volume":9000,"label":" ","price":7.03},{"type":"B","date":"2018-03-26T02:06:35.000Z","volume":15000,"label":" ","price":7.03},{"type":"B","date":"2018-03-26T02:06:42.000Z","volume":157000,"label":"Y","price":7.01},{"type":"B","date":"2018-03-26T02:06:42.000Z","volume":14000,"label":" ","price":7.01},{"type":"A","date":"2018-03-26T02:06:47.000Z","volume":50000,"label":"Y","price":7.01},{"type":"A","date":"2018-03-26T02:07:01.000Z","volume":185000,"label":" ","price":7.01},{"type":"A","date":"2018-03-26T02:07:44.000Z","volume":26000,"label":" ","price":7.03},{"type":"A","date":"2018-03-26T02:08:00.000Z","volume":5000,"label":" ","price":7.03},{"type":"A","date":"2018-03-26T02:08:11.000Z","volume":7000,"label":" ","price":7.03},{"type":"U","date":"2018-03-26T02:08:30.000Z","volume":10000,"label":" ","price":7.02},{"type":"A","date":"2018-03-26T02:08:56.000Z","volume":5000,"label":" ","price":7.02},{"type":"A","date":"2018-03-26T02:09:09.000Z","volume":3000,"label":" ","price":7.02},{"type":"B","date":"2018-03-26T02:09:43.000Z","volume":285000,"label":" ","price":7.01},{"type":"B","date":"2018-03-26T02:09:43.000Z","volume":92000,"label":" ","price":7},{"type":"A","date":"2018-03-26T02:09:49.000Z","volume":50000,"label":" ","price":7},{"type":"A","date":"2018-03-26T02:10:04.000Z","volume":20000,"label":" ","price":7},{"type":"A","date":"2018-03-26T02:10:07.000Z","volume":61000,"label":" ","price":7},{"type":"B","date":"2018-03-26T02:10:11.000Z","volume":1000,"label":" ","price":7},{"type":"B","date":"2018-03-26T02:10:43.000Z","volume":13000,"label":" ","price":7},{"type":"A","date":"2018-03-26T02:10:47.000Z","volume":38000,"label":"Y","price":7.02},{"type":"A","date":"2018-03-26T02:10:47.000Z","volume":22000,"label":" ","price":7.02},{"type":"A","date":"2018-03-26T02:10:47.000Z","volume":5000,"label":" ","price":7.03},{"type":"A","date":"2018-03-26T02:10:47.000Z","volume":5000,"label":" ","price":7.03},{"type":"A","date":"2018-03-26T02:10:47.000Z","volume":6000,"label":" ","price":7.04},{"type":"A","date":"2018-03-26T02:10:56.000Z","volume":5000,"label":" ","price":7.03},{"type":"A","date":"2018-03-26T02:10:57.000Z","volume":5000,"label":" ","price":7.03},{"type":"A","date":"2018-03-26T02:11:22.000Z","volume":20000,"label":" ","price":7.04},{"type":"A","date":"2018-03-26T02:11:23.000Z","volume":4000,"label":" ","price":7.03},{"type":"A","date":"2018-03-26T02:11:23.000Z","volume":1000,"label":" ","price":7.03},{"type":"A","date":"2018-03-26T02:11:23.000Z","volume":52000,"label":" ","price":7.04},{"type":"B","date":"2018-03-26T02:11:23.000Z","volume":4000,"label":" ","price":7.03},{"type":"A","date":"2018-03-26T02:11:36.000Z","volume":6000,"label":" ","price":7.07},{"type":"B","date":"2018-03-26T02:12:15.000Z","volume":2000,"label":" ","price":7.04},{"type":"B","date":"2018-03-26T02:12:19.000Z","volume":39000,"label":" ","price":7.03},{"type":"B","date":"2018-03-26T02:12:39.000Z","volume":1000,"label":" ","price":7.03},{"type":"B","date":"2018-03-26T02:12:39.000Z","volume":1000,"label":" ","price":7.03},{"type":"A","date":"2018-03-26T02:12:40.000Z","volume":3000,"label":"Y","price":7.05},{"type":"A","date":"2018-03-26T02:12:40.000Z","volume":10000,"label":" ","price":7.05},{"type":"A","date":"2018-03-26T02:12:40.000Z","volume":7000,"label":" ","price":7.05},{"type":"A","date":"2018-03-26T02:13:06.000Z","volume":23000,"label":" ","price":7.05},{"type":"A","date":"2018-03-26T02:13:06.000Z","volume":71000,"label":" ","price":7.05},{"type":"A","date":"2018-03-26T02:13:07.000Z","volume":3000,"label":" ","price":7.06},{"type":"U","date":"2018-03-26T02:13:10.000Z","volume":30000,"label":" ","price":7.05},{"type":"B","date":"2018-03-26T02:13:16.000Z","volume":20000,"label":" ","price":7.02},{"type":"A","date":"2018-03-26T02:13:35.000Z","volume":12000,"label":" ","price":7.02},{"type":"B","date":"2018-03-26T02:13:39.000Z","volume":41000,"label":" ","price":7.02},{"type":"B","date":"2018-03-26T02:13:39.000Z","volume":8000,"label":" ","price":7.01},{"type":"B","date":"2018-03-26T02:13:39.000Z","volume":21000,"label":" ","price":7},{"type":"B","date":"2018-03-26T02:13:44.000Z","volume":6000,"label":" ","price":7.03},{"type":"B","date":"2018-03-26T02:13:44.000Z","volume":1000,"label":" ","price":7.02},{"type":"B","date":"2018-03-26T02:13:45.000Z","volume":8000,"label":" ","price":7.03},{"type":"B","date":"2018-03-26T02:13:45.000Z","volume":7000,"label":" ","price":7.03},{"type":"B","date":"2018-03-26T02:13:45.000Z","volume":3000,"label":" ","price":7.01},{"type":"B","date":"2018-03-26T02:13:50.000Z","volume":3000,"label":" ","price":7.03},{"type":"B","date":"2018-03-26T02:13:50.000Z","volume":4000,"label":" ","price":7.01},{"type":"B","date":"2018-03-26T02:13:50.000Z","volume":13000,"label":" ","price":7},{"type":"A","date":"2018-03-26T02:13:56.000Z","volume":1000,"label":" ","price":7.04},{"type":"A","date":"2018-03-26T02:14:01.000Z","volume":20000,"label":" ","price":7.04},{"type":"A","date":"2018-03-26T02:14:02.000Z","volume":3000,"label":" ","price":7.04},{"type":"A","date":"2018-03-26T02:14:11.000Z","volume":4000,"label":" ","price":7.04},{"type":"A","date":"2018-03-26T02:14:18.000Z","volume":20000,"label":" ","price":7.04},{"type":"A","date":"2018-03-26T02:14:18.000Z","volume":3000,"label":" ","price":7.04},{"type":"B","date":"2018-03-26T02:14:26.000Z","volume":1000,"label":" ","price":7.02},{"type":"B","date":"2018-03-26T02:14:26.000Z","volume":3000,"label":" ","price":7.01},{"type":"B","date":"2018-03-26T02:15:05.000Z","volume":3000,"label":" ","price":7.01},{"type":"B","date":"2018-03-26T02:15:08.000Z","volume":2000,"label":" ","price":7.01},{"type":"A","date":"2018-03-26T02:15:19.000Z","volume":4000,"label":" ","price":7.02},{"type":"A","date":"2018-03-26T02:15:21.000Z","volume":2000,"label":" ","price":7.02},{"type":"A","date":"2018-03-26T02:15:30.000Z","volume":94000,"label":"Y","price":7.02},{"type":"A","date":"2018-03-26T02:15:30.000Z","volume":6000,"label":" ","price":7.02},{"type":"A","date":"2018-03-26T02:15:30.000Z","volume":5000,"label":" ","price":7.02},{"type":"B","date":"2018-03-26T02:15:45.000Z","volume":100000,"label":" ","price":7.01},{"type":"B","date":"2018-03-26T02:15:55.000Z","volume":10000,"label":" ","price":7.01},{"type":"B","date":"2018-03-26T02:16:07.000Z","volume":16000,"label":"Y","price":7.01},{"type":"B","date":"2018-03-26T02:16:07.000Z","volume":23000,"label":" ","price":7.01},{"type":"B","date":"2018-03-26T02:16:07.000Z","volume":2000,"label":" ","price":7.01},{"type":"A","date":"2018-03-26T02:16:08.000Z","volume":62000,"label":" ","price":7.01},{"type":"A","date":"2018-03-26T02:16:31.000Z","volume":6000,"label":" ","price":7.01},{"type":"A","date":"2018-03-26T02:16:32.000Z","volume":13000,"label":" ","price":7.01},{"type":"A","date":"2018-03-26T02:16:32.000Z","volume":87000,"label":" ","price":7.03},{"type":"B","date":"2018-03-26T02:17:16.000Z","volume":7000,"label":" ","price":7.01},{"type":"A","date":"2018-03-26T02:17:49.000Z","volume":50000,"label":"Y","price":7.02},{"type":"A","date":"2018-03-26T02:17:49.000Z","volume":4000,"label":" ","price":7.02},{"type":"A","date":"2018-03-26T02:18:31.000Z","volume":65000,"label":" ","price":7.02},{"type":"A","date":"2018-03-26T02:18:32.000Z","volume":5000,"label":" ","price":7.03},{"type":"A","date":"2018-03-26T02:18:32.000Z","volume":16000,"label":" ","price":7.03},{"type":"A","date":"2018-03-26T02:18:53.000Z","volume":3000,"label":" ","price":7.04},{"type":"A","date":"2018-03-26T02:19:03.000Z","volume":29000,"label":" ","price":7.04},{"type":"A","date":"2018-03-26T02:19:03.000Z","volume":1000,"label":" ","price":7.05},{"type":"A","date":"2018-03-26T02:19:06.000Z","volume":5000,"label":" ","price":7.05},{"type":"A","date":"2018-03-26T02:19:27.000Z","volume":30000,"label":"Y","price":7.06},{"type":"A","date":"2018-03-26T02:19:27.000Z","volume":52000,"label":" ","price":7.06},{"type":"A","date":"2018-03-26T02:19:27.000Z","volume":6000,"label":"Y","price":7.07},{"type":"A","date":"2018-03-26T02:19:27.000Z","volume":11000,"label":" ","price":7.07},{"type":"A","date":"2018-03-26T02:19:33.000Z","volume":1000,"label":" ","price":7.08},{"type":"A","date":"2018-03-26T02:19:33.000Z","volume":1000,"label":" ","price":7.08},{"type":"B","date":"2018-03-26T02:19:35.000Z","volume":4000,"label":" ","price":7.07},{"type":"A","date":"2018-03-26T02:19:35.000Z","volume":6000,"label":" ","price":7.08},{"type":"A","date":"2018-03-26T02:19:36.000Z","volume":4000,"label":" ","price":7.08},{"type":"A","date":"2018-03-26T02:19:36.000Z","volume":3000,"label":" ","price":7.08},{"type":"A","date":"2018-03-26T02:19:42.000Z","volume":20000,"label":" ","price":7.09},{"type":"B","date":"2018-03-26T02:19:42.000Z","volume":6000,"label":" ","price":7.08},{"type":"B","date":"2018-03-26T02:19:42.000Z","volume":84000,"label":" ","price":7.07},{"type":"A","date":"2018-03-26T02:19:42.000Z","volume":5000,"label":" ","price":7.07},{"type":"A","date":"2018-03-26T02:19:56.000Z","volume":3000,"label":" ","price":7.07},{"type":"A","date":"2018-03-26T02:19:56.000Z","volume":51000,"label":" ","price":7.08},{"type":"A","date":"2018-03-26T02:19:56.000Z","volume":17000,"label":"Y","price":7.09},{"type":"A","date":"2018-03-26T02:19:56.000Z","volume":5000,"label":" ","price":7.09},{"type":"B","date":"2018-03-26T02:19:58.000Z","volume":2000,"label":" ","price":7.05},{"type":"A","date":"2018-03-26T02:20:33.000Z","volume":18000,"label":" ","price":7.06},{"type":"A","date":"2018-03-26T02:20:38.000Z","volume":37000,"label":" ","price":7.06},{"type":"A","date":"2018-03-26T02:20:43.000Z","volume":5000,"label":" ","price":7.07},{"type":"B","date":"2018-03-26T02:21:01.000Z","volume":6000,"label":" ","price":7.07},{"type":"B","date":"2018-03-26T02:21:04.000Z","volume":4000,"label":" ","price":7.07},{"type":"A","date":"2018-03-26T02:21:15.000Z","volume":10000,"label":" ","price":7.07},{"type":"A","date":"2018-03-26T02:21:37.000Z","volume":200000,"label":" ","price":7.07},{"type":"A","date":"2018-03-26T02:21:37.000Z","volume":33000,"label":" ","price":7.07},{"type":"A","date":"2018-03-26T02:21:39.000Z","volume":2000,"label":"Y","price":7.08},{"type":"A","date":"2018-03-26T02:21:39.000Z","volume":10000,"label":" ","price":7.08},{"type":"A","date":"2018-03-26T02:21:39.000Z","volume":145000,"label":" ","price":7.09},{"type":"A","date":"2018-03-26T02:21:39.000Z","volume":122000,"label":"Y","price":7.1},{"type":"A","date":"2018-03-26T02:21:39.000Z","volume":136000,"label":" ","price":7.1},{"type":"A","date":"2018-03-26T02:21:39.000Z","volume":8000,"label":" ","price":7.1},{"type":"A","date":"2018-03-26T02:21:39.000Z","volume":8000,"label":" ","price":7.1},{"type":"A","date":"2018-03-26T02:21:39.000Z","volume":8000,"label":" ","price":7.1},{"type":"B","date":"2018-03-26T02:21:44.000Z","volume":66000,"label":" ","price":7.1},{"type":"B","date":"2018-03-26T02:22:06.000Z","volume":1000,"label":" ","price":7.09},{"type":"B","date":"2018-03-26T02:22:08.000Z","volume":4000,"label":" ","price":7.09},{"type":"B","date":"2018-03-26T02:22:10.000Z","volume":1000,"label":" ","price":7.09},{"type":"A","date":"2018-03-26T02:22:16.000Z","volume":19000,"label":" ","price":7.09},{"type":"A","date":"2018-03-26T02:22:16.000Z","volume":1000,"label":" ","price":7.1},{"type":"A","date":"2018-03-26T02:22:39.000Z","volume":1000,"label":" ","price":7.08},{"type":"A","date":"2018-03-26T02:22:40.000Z","volume":7000,"label":" ","price":7.08},{"type":"A","date":"2018-03-26T02:22:50.000Z","volume":40000,"label":" ","price":7.1},{"type":"B","date":"2018-03-26T02:22:57.000Z","volume":3000,"label":"Y","price":7.09},{"type":"A","date":"2018-03-26T02:23:19.000Z","volume":40000,"label":" ","price":7.1},{"type":"A","date":"2018-03-26T02:23:19.000Z","volume":44000,"label":" ","price":7.1},{"type":"B","date":"2018-03-26T02:23:38.000Z","volume":64000,"label":" ","price":7.1},{"type":"B","date":"2018-03-26T02:23:38.000Z","volume":16000,"label":" ","price":7.1},{"type":"A","date":"2018-03-26T02:23:41.000Z","volume":26000,"label":" ","price":7.11},{"type":"A","date":"2018-03-26T02:23:41.000Z","volume":8000,"label":" ","price":7.11},{"type":"B","date":"2018-03-26T02:23:43.000Z","volume":2000,"label":" ","price":7.11},{"type":"B","date":"2018-03-26T02:23:43.000Z","volume":10000,"label":" ","price":7.11},{"type":"B","date":"2018-03-26T02:23:44.000Z","volume":10000,"label":" ","price":7.11},{"type":"B","date":"2018-03-26T02:23:46.000Z","volume":10000,"label":" ","price":7.11},{"type":"B","date":"2018-03-26T02:23:46.000Z","volume":30000,"label":" ","price":7.11},{"type":"B","date":"2018-03-26T02:23:46.000Z","volume":1000,"label":" ","price":7.1},{"type":"B","date":"2018-03-26T02:23:50.000Z","volume":2000,"label":" ","price":7.11},{"type":"B","date":"2018-03-26T02:23:50.000Z","volume":3000,"label":" ","price":7.1},{"type":"B","date":"2018-03-26T02:23:50.000Z","volume":12000,"label":" ","price":7.1},{"type":"A","date":"2018-03-26T02:23:50.000Z","volume":5000,"label":" ","price":7.11},{"type":"B","date":"2018-03-26T02:23:53.000Z","volume":11000,"label":" ","price":7.1},{"type":"A","date":"2018-03-26T02:23:54.000Z","volume":5000,"label":" ","price":7.11},{"type":"A","date":"2018-03-26T02:23:54.000Z","volume":5000,"label":" ","price":7.11},{"type":"A","date":"2018-03-26T02:23:55.000Z","volume":5000,"label":" ","price":7.11},{"type":"A","date":"2018-03-26T02:23:56.000Z","volume":2000,"label":" ","price":7.11},{"type":"B","date":"2018-03-26T02:24:00.000Z","volume":1000,"label":" ","price":7.1},{"type":"A","date":"2018-03-26T02:24:05.000Z","volume":4000,"label":" ","price":7.11},{"type":"A","date":"2018-03-26T02:24:09.000Z","volume":3000,"label":" ","price":7.11},{"type":"A","date":"2018-03-26T02:24:09.000Z","volume":4000,"label":" ","price":7.11},{"type":"A","date":"2018-03-26T02:24:21.000Z","volume":9000,"label":" ","price":7.11},{"type":"B","date":"2018-03-26T02:24:23.000Z","volume":5000,"label":" ","price":7.11},{"type":"B","date":"2018-03-26T02:24:26.000Z","volume":2000,"label":" ","price":7.11},{"type":"B","date":"2018-03-26T02:24:26.000Z","volume":2000,"label":" ","price":7.11},{"type":"A","date":"2018-03-26T02:24:29.000Z","volume":5000,"label":" ","price":7.11},{"type":"U","date":"2018-03-26T02:24:33.000Z","volume":34000,"label":" ","price":7.11},{"type":"A","date":"2018-03-26T02:24:56.000Z","volume":3000,"label":" ","price":7.11},{"type":"A","date":"2018-03-26T02:25:03.000Z","volume":2000,"label":" ","price":7.11},{"type":"B","date":"2018-03-26T02:25:14.000Z","volume":17000,"label":" ","price":7.11},{"type":"B","date":"2018-03-26T02:25:14.000Z","volume":13000,"label":" ","price":7.1},{"type":"A","date":"2018-03-26T02:25:16.000Z","volume":45000,"label":" ","price":7.12},{"type":"B","date":"2018-03-26T02:25:20.000Z","volume":1000,"label":" ","price":7.12},{"type":"A","date":"2018-03-26T02:25:36.000Z","volume":32000,"label":" ","price":7.13},{"type":"B","date":"2018-03-26T02:25:42.000Z","volume":2000,"label":" ","price":7.13},{"type":"B","date":"2018-03-26T02:25:42.000Z","volume":125000,"label":" ","price":7.13},{"type":"B","date":"2018-03-26T02:25:46.000Z","volume":36000,"label":" ","price":7.12},{"type":"A","date":"2018-03-26T02:25:54.000Z","volume":12000,"label":" ","price":7.13},{"type":"A","date":"2018-03-26T02:25:54.000Z","volume":8000,"label":" ","price":7.13},{"type":"A","date":"2018-03-26T02:25:54.000Z","volume":10000,"label":" ","price":7.13},{"type":"A","date":"2018-03-26T02:25:54.000Z","volume":20000,"label":" ","price":7.13},{"type":"B","date":"2018-03-26T02:26:05.000Z","volume":3000,"label":" ","price":7.11},{"type":"A","date":"2018-03-26T02:26:23.000Z","volume":2000,"label":" ","price":7.13},{"type":"B","date":"2018-03-26T02:26:25.000Z","volume":15000,"label":" ","price":7.12},{"type":"A","date":"2018-03-26T02:27:03.000Z","volume":1000,"label":" ","price":7.13},{"type":"A","date":"2018-03-26T02:27:10.000Z","volume":38000,"label":" ","price":7.13},{"type":"B","date":"2018-03-26T02:27:16.000Z","volume":20000,"label":" ","price":7.13},{"type":"B","date":"2018-03-26T02:27:26.000Z","volume":6000,"label":" ","price":7.13},{"type":"A","date":"2018-03-26T02:27:32.000Z","volume":4000,"label":"Y","price":7.14},{"type":"A","date":"2018-03-26T02:27:32.000Z","volume":23000,"label":" ","price":7.14},{"type":"B","date":"2018-03-26T02:27:32.000Z","volume":2000,"label":" ","price":7.14},{"type":"A","date":"2018-03-26T02:27:36.000Z","volume":3000,"label":" ","price":7.15},{"type":"A","date":"2018-03-26T02:27:40.000Z","volume":6000,"label":" ","price":7.15},{"type":"A","date":"2018-03-26T02:27:40.000Z","volume":5000,"label":" ","price":7.15},{"type":"A","date":"2018-03-26T02:27:41.000Z","volume":4000,"label":" ","price":7.15},{"type":"A","date":"2018-03-26T02:27:56.000Z","volume":1000,"label":"Y","price":7.15},{"type":"A","date":"2018-03-26T02:28:00.000Z","volume":2000,"label":" ","price":7.16},{"type":"A","date":"2018-03-26T02:28:15.000Z","volume":10000,"label":"Y","price":7.16},{"type":"A","date":"2018-03-26T02:28:15.000Z","volume":7000,"label":" ","price":7.16},{"type":"A","date":"2018-03-26T02:28:37.000Z","volume":18000,"label":" ","price":7.18},{"type":"A","date":"2018-03-26T02:28:37.000Z","volume":11000,"label":"Y","price":7.19},{"type":"A","date":"2018-03-26T02:28:37.000Z","volume":2000,"label":" ","price":7.19},{"type":"A","date":"2018-03-26T02:28:37.000Z","volume":319000,"label":" ","price":7.2},{"type":"U","date":"2018-03-26T02:28:46.000Z","volume":56000,"label":" ","price":7.2},{"type":"U","date":"2018-03-26T02:28:46.000Z","volume":5000,"label":" ","price":7.2},{"type":"A","date":"2018-03-26T02:28:51.000Z","volume":3000,"label":" ","price":7.2},{"type":"A","date":"2018-03-26T02:28:52.000Z","volume":7000,"label":" ","price":7.2},{"type":"A","date":"2018-03-26T02:29:01.000Z","volume":5000,"label":" ","price":7.19},{"type":"A","date":"2018-03-26T02:29:22.000Z","volume":40000,"label":" ","price":7.19},{"type":"B","date":"2018-03-26T02:29:24.000Z","volume":16000,"label":" ","price":7.19},{"type":"B","date":"2018-03-26T02:29:26.000Z","volume":7000,"label":" ","price":7.17},{"type":"A","date":"2018-03-26T02:29:35.000Z","volume":6000,"label":" ","price":7.19},{"type":"A","date":"2018-03-26T02:29:35.000Z","volume":5000,"label":" ","price":7.2},{"type":"A","date":"2018-03-26T02:29:35.000Z","volume":2000,"label":" ","price":7.2},{"type":"A","date":"2018-03-26T02:29:36.000Z","volume":5000,"label":" ","price":7.2},{"type":"A","date":"2018-03-26T02:29:38.000Z","volume":5000,"label":" ","price":7.2},{"type":"B","date":"2018-03-26T02:29:41.000Z","volume":77000,"label":" ","price":7.19},{"type":"A","date":"2018-03-26T02:29:52.000Z","volume":18000,"label":" ","price":7.2},{"type":"B","date":"2018-03-26T02:29:53.000Z","volume":1000,"label":" ","price":7.2},{"type":"B","date":"2018-03-26T02:29:53.000Z","volume":11000,"label":" ","price":7.2},{"type":"U","date":"2018-03-26T02:30:26.000Z","volume":1000,"label":" ","price":7.2},{"type":"A","date":"2018-03-26T02:30:36.000Z","volume":3000,"label":" ","price":7.21},{"type":"B","date":"2018-03-26T02:30:36.000Z","volume":10000,"label":" ","price":7.2},{"type":"B","date":"2018-03-26T02:30:44.000Z","volume":10000,"label":"Y","price":7.2},{"type":"A","date":"2018-03-26T02:30:49.000Z","volume":21000,"label":" ","price":7.22},{"type":"A","date":"2018-03-26T02:31:06.000Z","volume":13000,"label":" ","price":7.23},{"type":"A","date":"2018-03-26T02:31:10.000Z","volume":3000,"label":" ","price":7.24},{"type":"A","date":"2018-03-26T02:31:15.000Z","volume":4000,"label":" ","price":7.24},{"type":"B","date":"2018-03-26T02:31:24.000Z","volume":10000,"label":"Y","price":7.23},{"type":"B","date":"2018-03-26T02:31:25.000Z","volume":20000,"label":" ","price":7.24},{"type":"A","date":"2018-03-26T02:31:29.000Z","volume":3000,"label":" ","price":7.25},{"type":"A","date":"2018-03-26T02:31:47.000Z","volume":10000,"label":" ","price":7.25},{"type":"B","date":"2018-03-26T02:31:47.000Z","volume":23000,"label":" ","price":7.24},{"type":"A","date":"2018-03-26T02:31:50.000Z","volume":5000,"label":" ","price":7.26},{"type":"B","date":"2018-03-26T02:31:51.000Z","volume":16000,"label":" ","price":7.24},{"type":"U","date":"2018-03-26T02:31:52.000Z","volume":50000,"label":" ","price":7.25},{"type":"A","date":"2018-03-26T02:31:52.000Z","volume":5000,"label":" ","price":7.26},{"type":"B","date":"2018-03-26T02:31:52.000Z","volume":3000,"label":" ","price":7.24},{"type":"B","date":"2018-03-26T02:31:54.000Z","volume":3000,"label":" ","price":7.24},{"type":"A","date":"2018-03-26T02:31:54.000Z","volume":5000,"label":" ","price":7.24},{"type":"A","date":"2018-03-26T02:31:54.000Z","volume":4000,"label":" ","price":7.24},{"type":"A","date":"2018-03-26T02:31:54.000Z","volume":1000,"label":" ","price":7.24},{"type":"B","date":"2018-03-26T02:31:58.000Z","volume":1000,"label":" ","price":7.24},{"type":"B","date":"2018-03-26T02:32:02.000Z","volume":126000,"label":" ","price":7.23},{"type":"A","date":"2018-03-26T02:32:04.000Z","volume":10000,"label":" ","price":7.24},{"type":"A","date":"2018-03-26T02:32:05.000Z","volume":9000,"label":" ","price":7.24},{"type":"A","date":"2018-03-26T02:32:05.000Z","volume":20000,"label":" ","price":7.25},{"type":"A","date":"2018-03-26T02:32:05.000Z","volume":51000,"label":" ","price":7.25},{"type":"B","date":"2018-03-26T02:32:07.000Z","volume":12000,"label":" ","price":7.23},{"type":"A","date":"2018-03-26T02:32:13.000Z","volume":5000,"label":" ","price":7.26},{"type":"B","date":"2018-03-26T02:32:28.000Z","volume":13000,"label":" ","price":7.24},{"type":"B","date":"2018-03-26T02:32:28.000Z","volume":52000,"label":" ","price":7.24},{"type":"A","date":"2018-03-26T02:32:28.000Z","volume":4000,"label":" ","price":7.24},{"type":"B","date":"2018-03-26T02:32:37.000Z","volume":5000,"label":" ","price":7.22},{"type":"B","date":"2018-03-26T02:32:38.000Z","volume":17000,"label":" ","price":7.22},{"type":"B","date":"2018-03-26T02:32:52.000Z","volume":4000,"label":" ","price":7.22},{"type":"B","date":"2018-03-26T02:32:58.000Z","volume":10000,"label":" ","price":7.22},{"type":"B","date":"2018-03-26T02:32:58.000Z","volume":15000,"label":" ","price":7.22},{"type":"B","date":"2018-03-26T02:32:59.000Z","volume":1000,"label":" ","price":7.2},{"type":"A","date":"2018-03-26T02:33:06.000Z","volume":14000,"label":" ","price":7.22},{"type":"A","date":"2018-03-26T02:33:15.000Z","volume":4000,"label":" ","price":7.21},{"type":"A","date":"2018-03-26T02:33:16.000Z","volume":1000,"label":" ","price":7.21},{"type":"A","date":"2018-03-26T02:33:21.000Z","volume":3000,"label":" ","price":7.22},{"type":"A","date":"2018-03-26T02:33:31.000Z","volume":22000,"label":" ","price":7.22},{"type":"A","date":"2018-03-26T02:33:31.000Z","volume":6000,"label":" ","price":7.22},{"type":"A","date":"2018-03-26T02:33:33.000Z","volume":1000,"label":" ","price":7.23},{"type":"A","date":"2018-03-26T02:34:07.000Z","volume":4000,"label":" ","price":7.24},{"type":"B","date":"2018-03-26T02:34:21.000Z","volume":4000,"label":" ","price":7.23},{"type":"B","date":"2018-03-26T02:34:21.000Z","volume":62000,"label":" ","price":7.22},{"type":"B","date":"2018-03-26T02:34:21.000Z","volume":2000,"label":"Y","price":7.21},{"type":"B","date":"2018-03-26T02:34:21.000Z","volume":8000,"label":" ","price":7.21},{"type":"A","date":"2018-03-26T02:34:24.000Z","volume":5000,"label":" ","price":7.21},{"type":"A","date":"2018-03-26T02:34:25.000Z","volume":3000,"label":" ","price":7.21},{"type":"B","date":"2018-03-26T02:34:29.000Z","volume":5000,"label":" ","price":7.2},{"type":"B","date":"2018-03-26T02:34:57.000Z","volume":22000,"label":"Y","price":7.2},{"type":"B","date":"2018-03-26T02:34:57.000Z","volume":10000,"label":" ","price":7.2},{"type":"A","date":"2018-03-26T02:35:06.000Z","volume":20000,"label":" ","price":7.21},{"type":"A","date":"2018-03-26T02:35:10.000Z","volume":12000,"label":" ","price":7.21},{"type":"A","date":"2018-03-26T02:35:10.000Z","volume":62000,"label":" ","price":7.22},{"type":"A","date":"2018-03-26T02:35:18.000Z","volume":80000,"label":" ","price":7.22},{"type":"B","date":"2018-03-26T02:35:44.000Z","volume":10000,"label":" ","price":7.2},{"type":"A","date":"2018-03-26T02:35:45.000Z","volume":10000,"label":"Y","price":7.21},{"type":"A","date":"2018-03-26T02:35:45.000Z","volume":20000,"label":" ","price":7.21},{"type":"B","date":"2018-03-26T02:37:00.000Z","volume":1000,"label":" ","price":7.2},{"type":"B","date":"2018-03-26T02:37:12.000Z","volume":3000,"label":" ","price":7.2},{"type":"A","date":"2018-03-26T02:37:23.000Z","volume":15000,"label":" ","price":7.21},{"type":"A","date":"2018-03-26T02:37:23.000Z","volume":19000,"label":" ","price":7.22},{"type":"A","date":"2018-03-26T02:37:23.000Z","volume":4000,"label":" ","price":7.23},{"type":"A","date":"2018-03-26T02:37:23.000Z","volume":1000,"label":" ","price":7.23},{"type":"A","date":"2018-03-26T02:37:24.000Z","volume":3000,"label":" ","price":7.24},{"type":"A","date":"2018-03-26T02:37:33.000Z","volume":1000,"label":" ","price":7.24},{"type":"A","date":"2018-03-26T02:37:36.000Z","volume":1000,"label":" ","price":7.24},{"type":"B","date":"2018-03-26T02:37:41.000Z","volume":15000,"label":" ","price":7.24},{"type":"B","date":"2018-03-26T02:37:41.000Z","volume":1000,"label":" ","price":7.24},{"type":"A","date":"2018-03-26T02:37:44.000Z","volume":3000,"label":"Y","price":7.25},{"type":"A","date":"2018-03-26T02:37:44.000Z","volume":7000,"label":" ","price":7.25},{"type":"B","date":"2018-03-26T02:37:49.000Z","volume":14000,"label":" ","price":7.24},{"type":"A","date":"2018-03-26T02:37:59.000Z","volume":5000,"label":" ","price":7.24},{"type":"B","date":"2018-03-26T02:38:08.000Z","volume":3000,"label":" ","price":7.23},{"type":"B","date":"2018-03-26T02:38:38.000Z","volume":39000,"label":" ","price":7.23},{"type":"B","date":"2018-03-26T02:38:38.000Z","volume":11000,"label":" ","price":7.22},{"type":"A","date":"2018-03-26T02:38:44.000Z","volume":45000,"label":" ","price":7.23},{"type":"A","date":"2018-03-26T02:38:44.000Z","volume":26000,"label":"Y","price":7.24},{"type":"A","date":"2018-03-26T02:38:44.000Z","volume":10000,"label":" ","price":7.24},{"type":"B","date":"2018-03-26T02:38:44.000Z","volume":7000,"label":" ","price":7.24},{"type":"A","date":"2018-03-26T02:38:45.000Z","volume":10000,"label":"Y","price":7.25},{"type":"A","date":"2018-03-26T02:38:45.000Z","volume":4000,"label":" ","price":7.25},{"type":"B","date":"2018-03-26T02:38:52.000Z","volume":18000,"label":" ","price":7.25},{"type":"A","date":"2018-03-26T02:39:05.000Z","volume":2000,"label":" ","price":7.25},{"type":"A","date":"2018-03-26T02:39:05.000Z","volume":98000,"label":" ","price":7.26},{"type":"A","date":"2018-03-26T02:39:05.000Z","volume":13000,"label":" ","price":7.26},{"type":"B","date":"2018-03-26T02:39:06.000Z","volume":50000,"label":" ","price":7.24},{"type":"A","date":"2018-03-26T02:39:27.000Z","volume":4000,"label":"Y","price":7.27},{"type":"A","date":"2018-03-26T02:39:27.000Z","volume":3000,"label":" ","price":7.27},{"type":"A","date":"2018-03-26T02:39:38.000Z","volume":6000,"label":" ","price":7.28},{"type":"A","date":"2018-03-26T02:39:38.000Z","volume":7000,"label":" ","price":7.29},{"type":"A","date":"2018-03-26T02:39:38.000Z","volume":17000,"label":" ","price":7.3},{"type":"B","date":"2018-03-26T02:39:42.000Z","volume":7000,"label":" ","price":7.27},{"type":"B","date":"2018-03-26T02:39:42.000Z","volume":3000,"label":" ","price":7.26},{"type":"A","date":"2018-03-26T02:39:46.000Z","volume":205000,"label":" ","price":7.3},{"type":"A","date":"2018-03-26T02:39:46.000Z","volume":123000,"label":" ","price":7.3},{"type":"A","date":"2018-03-26T02:39:52.000Z","volume":26000,"label":" ","price":7.3},{"type":"A","date":"2018-03-26T02:39:52.000Z","volume":10000,"label":" ","price":7.31},{"type":"A","date":"2018-03-26T02:39:52.000Z","volume":1000,"label":" ","price":7.31},{"type":"A","date":"2018-03-26T02:39:57.000Z","volume":1000,"label":" ","price":7.31},{"type":"B","date":"2018-03-26T02:39:58.000Z","volume":11000,"label":" ","price":7.28},{"type":"A","date":"2018-03-26T02:40:04.000Z","volume":3000,"label":" ","price":7.28},{"type":"A","date":"2018-03-26T02:40:39.000Z","volume":1000,"label":" ","price":7.28},{"type":"A","date":"2018-03-26T02:40:47.000Z","volume":2000,"label":" ","price":7.27},{"type":"A","date":"2018-03-26T02:40:53.000Z","volume":13000,"label":" ","price":7.27},{"type":"A","date":"2018-03-26T02:40:53.000Z","volume":79000,"label":" ","price":7.28},{"type":"A","date":"2018-03-26T02:40:53.000Z","volume":4000,"label":" ","price":7.29},{"type":"A","date":"2018-03-26T02:40:53.000Z","volume":5000,"label":"Y","price":7.3},{"type":"A","date":"2018-03-26T02:40:53.000Z","volume":20000,"label":" ","price":7.3},{"type":"B","date":"2018-03-26T02:40:53.000Z","volume":6000,"label":" ","price":7.3},{"type":"B","date":"2018-03-26T02:40:53.000Z","volume":13000,"label":" ","price":7.3},{"type":"B","date":"2018-03-26T02:40:53.000Z","volume":12000,"label":" ","price":7.3},{"type":"A","date":"2018-03-26T02:40:53.000Z","volume":2000,"label":" ","price":7.3},{"type":"B","date":"2018-03-26T02:41:17.000Z","volume":2000,"label":" ","price":7.29},{"type":"A","date":"2018-03-26T02:41:17.000Z","volume":4000,"label":" ","price":7.29},{"type":"A","date":"2018-03-26T02:41:18.000Z","volume":1000,"label":" ","price":7.29},{"type":"B","date":"2018-03-26T02:41:24.000Z","volume":5000,"label":" ","price":7.28},{"type":"A","date":"2018-03-26T02:41:38.000Z","volume":4000,"label":" ","price":7.29},{"type":"A","date":"2018-03-26T02:41:39.000Z","volume":3000,"label":" ","price":7.29},{"type":"A","date":"2018-03-26T02:41:39.000Z","volume":4000,"label":" ","price":7.29},{"type":"A","date":"2018-03-26T02:41:39.000Z","volume":5000,"label":" ","price":7.29},{"type":"A","date":"2018-03-26T02:41:52.000Z","volume":3000,"label":" ","price":7.3},{"type":"A","date":"2018-03-26T02:41:56.000Z","volume":29000,"label":" ","price":7.3},{"type":"A","date":"2018-03-26T02:41:56.000Z","volume":10000,"label":" ","price":7.3},{"type":"B","date":"2018-03-26T02:42:06.000Z","volume":21000,"label":" ","price":7.3},{"type":"A","date":"2018-03-26T02:42:26.000Z","volume":20000,"label":" ","price":7.3},{"type":"B","date":"2018-03-26T02:42:36.000Z","volume":1000,"label":" ","price":7.29},{"type":"B","date":"2018-03-26T02:42:36.000Z","volume":3000,"label":" ","price":7.29},{"type":"A","date":"2018-03-26T02:42:36.000Z","volume":3000,"label":" ","price":7.29},{"type":"A","date":"2018-03-26T02:42:36.000Z","volume":5000,"label":" ","price":7.29},{"type":"A","date":"2018-03-26T02:42:42.000Z","volume":3000,"label":" ","price":7.29},{"type":"B","date":"2018-03-26T02:42:47.000Z","volume":15000,"label":" ","price":7.28},{"type":"B","date":"2018-03-26T02:43:01.000Z","volume":7000,"label":" ","price":7.28},{"type":"A","date":"2018-03-26T02:43:36.000Z","volume":3000,"label":" ","price":7.28},{"type":"A","date":"2018-03-26T02:43:42.000Z","volume":14000,"label":" ","price":7.28},{"type":"A","date":"2018-03-26T02:43:42.000Z","volume":3000,"label":" ","price":7.29},{"type":"B","date":"2018-03-26T02:43:50.000Z","volume":5000,"label":" ","price":7.28},{"type":"A","date":"2018-03-26T02:44:05.000Z","volume":2000,"label":" ","price":7.29},{"type":"B","date":"2018-03-26T02:44:10.000Z","volume":1000,"label":" ","price":7.28},{"type":"A","date":"2018-03-26T02:44:10.000Z","volume":6000,"label":" ","price":7.29},{"type":"A","date":"2018-03-26T02:44:11.000Z","volume":5000,"label":" ","price":7.29},{"type":"A","date":"2018-03-26T02:44:19.000Z","volume":2000,"label":" ","price":7.29},{"type":"A","date":"2018-03-26T02:44:31.000Z","volume":39000,"label":" ","price":7.29},{"type":"B","date":"2018-03-26T02:45:08.000Z","volume":2000,"label":" ","price":7.29},{"type":"B","date":"2018-03-26T02:45:38.000Z","volume":1000,"label":" ","price":7.29},{"type":"A","date":"2018-03-26T02:45:52.000Z","volume":48000,"label":" ","price":7.3},{"type":"A","date":"2018-03-26T02:45:52.000Z","volume":6000,"label":" ","price":7.31},{"type":"A","date":"2018-03-26T02:45:52.000Z","volume":1000,"label":" ","price":7.31},{"type":"B","date":"2018-03-26T02:46:00.000Z","volume":50000,"label":"Y","price":7.3},{"type":"A","date":"2018-03-26T02:46:13.000Z","volume":29000,"label":" ","price":7.31},{"type":"A","date":"2018-03-26T02:46:30.000Z","volume":19000,"label":" ","price":7.32},{"type":"A","date":"2018-03-26T02:46:32.000Z","volume":34000,"label":" ","price":7.33},{"type":"B","date":"2018-03-26T02:46:35.000Z","volume":6000,"label":" ","price":7.33},{"type":"A","date":"2018-03-26T02:46:35.000Z","volume":5000,"label":" ","price":7.33},{"type":"B","date":"2018-03-26T02:46:47.000Z","volume":1000,"label":" ","price":7.32},{"type":"A","date":"2018-03-26T02:46:47.000Z","volume":3000,"label":" ","price":7.33},{"type":"B","date":"2018-03-26T02:47:05.000Z","volume":10000,"label":" ","price":7.32},{"type":"B","date":"2018-03-26T02:47:05.000Z","volume":15000,"label":"Y","price":7.32},{"type":"B","date":"2018-03-26T02:47:05.000Z","volume":22000,"label":" ","price":7.32},{"type":"B","date":"2018-03-26T02:47:13.000Z","volume":23000,"label":" ","price":7.31},{"type":"B","date":"2018-03-26T02:47:13.000Z","volume":1000,"label":" ","price":7.31},{"type":"A","date":"2018-03-26T02:47:18.000Z","volume":1000,"label":" ","price":7.31},{"type":"A","date":"2018-03-26T02:47:25.000Z","volume":26000,"label":" ","price":7.31},{"type":"B","date":"2018-03-26T02:47:37.000Z","volume":10000,"label":" ","price":7.3},{"type":"A","date":"2018-03-26T02:47:40.000Z","volume":5000,"label":" ","price":7.31},{"type":"A","date":"2018-03-26T02:47:43.000Z","volume":77000,"label":" ","price":7.31},{"type":"A","date":"2018-03-26T02:47:43.000Z","volume":2000,"label":" ","price":7.32},{"type":"A","date":"2018-03-26T02:47:44.000Z","volume":5000,"label":" ","price":7.32},{"type":"A","date":"2018-03-26T02:47:44.000Z","volume":2000,"label":" ","price":7.32},{"type":"B","date":"2018-03-26T02:47:46.000Z","volume":20000,"label":" ","price":7.31},{"type":"A","date":"2018-03-26T02:47:47.000Z","volume":3000,"label":" ","price":7.32},{"type":"B","date":"2018-03-26T02:48:08.000Z","volume":1000,"label":" ","price":7.31},{"type":"A","date":"2018-03-26T02:48:11.000Z","volume":5000,"label":" ","price":7.32},{"type":"B","date":"2018-03-26T02:48:12.000Z","volume":10000,"label":" ","price":7.31},{"type":"A","date":"2018-03-26T02:48:12.000Z","volume":4000,"label":" ","price":7.32},{"type":"A","date":"2018-03-26T02:48:12.000Z","volume":4000,"label":" ","price":7.32},{"type":"A","date":"2018-03-26T02:48:17.000Z","volume":3000,"label":" ","price":7.32},{"type":"A","date":"2018-03-26T02:48:27.000Z","volume":33000,"label":" ","price":7.33},{"type":"A","date":"2018-03-26T02:48:27.000Z","volume":4000,"label":"Y","price":7.34},{"type":"A","date":"2018-03-26T02:48:27.000Z","volume":23000,"label":" ","price":7.34},{"type":"B","date":"2018-03-26T02:48:27.000Z","volume":1000,"label":" ","price":7.32},{"type":"A","date":"2018-03-26T02:48:37.000Z","volume":4000,"label":" ","price":7.33},{"type":"A","date":"2018-03-26T02:48:38.000Z","volume":1000,"label":" ","price":7.33},{"type":"B","date":"2018-03-26T02:49:04.000Z","volume":8000,"label":" ","price":7.33},{"type":"A","date":"2018-03-26T02:49:30.000Z","volume":18000,"label":" ","price":7.34},{"type":"B","date":"2018-03-26T02:49:31.000Z","volume":6000,"label":"Y","price":7.33},{"type":"B","date":"2018-03-26T02:49:31.000Z","volume":94000,"label":" ","price":7.33},{"type":"A","date":"2018-03-26T02:49:31.000Z","volume":3000,"label":" ","price":7.34},{"type":"B","date":"2018-03-26T02:49:34.000Z","volume":5000,"label":" ","price":7.33},{"type":"A","date":"2018-03-26T02:49:34.000Z","volume":1000,"label":" ","price":7.34},{"type":"A","date":"2018-03-26T02:49:49.000Z","volume":7000,"label":" ","price":7.34},{"type":"A","date":"2018-03-26T02:49:49.000Z","volume":19000,"label":" ","price":7.35},{"type":"A","date":"2018-03-26T02:49:49.000Z","volume":8000,"label":" ","price":7.35},{"type":"B","date":"2018-03-26T02:49:49.000Z","volume":16000,"label":" ","price":7.35},{"type":"A","date":"2018-03-26T02:50:03.000Z","volume":10000,"label":" ","price":7.34},{"type":"A","date":"2018-03-26T02:50:03.000Z","volume":8000,"label":" ","price":7.35},{"type":"B","date":"2018-03-26T02:50:05.000Z","volume":19000,"label":" ","price":7.35},{"type":"B","date":"2018-03-26T02:50:05.000Z","volume":12000,"label":" ","price":7.35},{"type":"B","date":"2018-03-26T02:50:05.000Z","volume":10000,"label":" ","price":7.35},{"type":"B","date":"2018-03-26T02:50:05.000Z","volume":10000,"label":" ","price":7.35},{"type":"B","date":"2018-03-26T02:50:05.000Z","volume":36000,"label":" ","price":7.35},{"type":"B","date":"2018-03-26T02:50:05.000Z","volume":18000,"label":" ","price":7.33},{"type":"B","date":"2018-03-26T02:50:05.000Z","volume":17000,"label":" ","price":7.33},{"type":"B","date":"2018-03-26T02:50:05.000Z","volume":63000,"label":" ","price":7.33},{"type":"B","date":"2018-03-26T02:50:06.000Z","volume":30000,"label":" ","price":7.33},{"type":"B","date":"2018-03-26T02:50:26.000Z","volume":19000,"label":" ","price":7.33},{"type":"U","date":"2018-03-26T02:50:31.000Z","volume":10000,"label":" ","price":7.34},{"type":"A","date":"2018-03-26T02:50:31.000Z","volume":43000,"label":" ","price":7.35},{"type":"B","date":"2018-03-26T02:50:31.000Z","volume":5000,"label":"Y","price":7.35},{"type":"B","date":"2018-03-26T02:50:32.000Z","volume":4000,"label":" ","price":7.35},{"type":"B","date":"2018-03-26T02:50:33.000Z","volume":50000,"label":" ","price":7.35},{"type":"B","date":"2018-03-26T02:50:33.000Z","volume":3000,"label":" ","price":7.35},{"type":"B","date":"2018-03-26T02:50:57.000Z","volume":5000,"label":" ","price":7.34},{"type":"A","date":"2018-03-26T02:50:59.000Z","volume":2000,"label":" ","price":7.34},{"type":"A","date":"2018-03-26T02:51:09.000Z","volume":5000,"label":" ","price":7.34},{"type":"A","date":"2018-03-26T02:51:10.000Z","volume":1000,"label":" ","price":7.34},{"type":"B","date":"2018-03-26T02:51:44.000Z","volume":5000,"label":" ","price":7.33},{"type":"A","date":"2018-03-26T02:51:46.000Z","volume":1000,"label":" ","price":7.34},{"type":"A","date":"2018-03-26T02:51:47.000Z","volume":1000,"label":" ","price":7.34},{"type":"B","date":"2018-03-26T02:51:52.000Z","volume":8000,"label":" ","price":7.33},{"type":"B","date":"2018-03-26T02:51:56.000Z","volume":10000,"label":" ","price":7.33},{"type":"B","date":"2018-03-26T02:52:04.000Z","volume":10000,"label":" ","price":7.33},{"type":"B","date":"2018-03-26T02:52:04.000Z","volume":49000,"label":" ","price":7.33},{"type":"B","date":"2018-03-26T02:52:05.000Z","volume":6000,"label":" ","price":7.33},{"type":"A","date":"2018-03-26T02:52:05.000Z","volume":1000,"label":" ","price":7.34},{"type":"B","date":"2018-03-26T02:52:07.000Z","volume":15000,"label":" ","price":7.33},{"type":"B","date":"2018-03-26T02:52:13.000Z","volume":2000,"label":" ","price":7.33},{"type":"A","date":"2018-03-26T02:52:15.000Z","volume":30000,"label":" ","price":7.34},{"type":"A","date":"2018-03-26T02:52:15.000Z","volume":2000,"label":" ","price":7.34},{"type":"A","date":"2018-03-26T02:52:16.000Z","volume":2000,"label":" ","price":7.34},{"type":"B","date":"2018-03-26T02:52:17.000Z","volume":3000,"label":"Y","price":7.33},{"type":"B","date":"2018-03-26T02:52:17.000Z","volume":202000,"label":" ","price":7.33},{"type":"B","date":"2018-03-26T02:52:29.000Z","volume":1000,"label":" ","price":7.32},{"type":"B","date":"2018-03-26T02:52:31.000Z","volume":457000,"label":" ","price":7.31},{"type":"B","date":"2018-03-26T02:52:31.000Z","volume":2000,"label":" ","price":7.3},{"type":"B","date":"2018-03-26T02:52:31.000Z","volume":1000,"label":" ","price":7.3},{"type":"A","date":"2018-03-26T02:52:31.000Z","volume":10000,"label":" ","price":7.31},{"type":"B","date":"2018-03-26T02:52:42.000Z","volume":1000,"label":" ","price":7.28},{"type":"B","date":"2018-03-26T02:52:48.000Z","volume":2000,"label":" ","price":7.28},{"type":"B","date":"2018-03-26T02:53:09.000Z","volume":13000,"label":" ","price":7.28},{"type":"B","date":"2018-03-26T02:53:09.000Z","volume":6000,"label":" ","price":7.28},{"type":"B","date":"2018-03-26T02:53:09.000Z","volume":10000,"label":" ","price":7.28},{"type":"B","date":"2018-03-26T02:53:15.000Z","volume":6000,"label":" ","price":7.28},{"type":"B","date":"2018-03-26T02:53:16.000Z","volume":2000,"label":" ","price":7.28},{"type":"B","date":"2018-03-26T02:53:16.000Z","volume":3000,"label":"Y","price":7.27},{"type":"A","date":"2018-03-26T02:53:22.000Z","volume":6000,"label":" ","price":7.27},{"type":"A","date":"2018-03-26T02:53:22.000Z","volume":4000,"label":" ","price":7.28},{"type":"B","date":"2018-03-26T02:53:33.000Z","volume":3000,"label":"Y","price":7.26},{"type":"B","date":"2018-03-26T02:53:33.000Z","volume":6000,"label":" ","price":7.26},{"type":"B","date":"2018-03-26T02:53:57.000Z","volume":6000,"label":" ","price":7.21},{"type":"B","date":"2018-03-26T02:54:01.000Z","volume":10000,"label":" ","price":7.21},{"type":"A","date":"2018-03-26T02:54:08.000Z","volume":1000,"label":" ","price":7.24},{"type":"B","date":"2018-03-26T02:54:11.000Z","volume":3000,"label":" ","price":7.21},{"type":"B","date":"2018-03-26T02:54:11.000Z","volume":7000,"label":" ","price":7.2},{"type":"B","date":"2018-03-26T02:54:39.000Z","volume":2000,"label":" ","price":7.22},{"type":"B","date":"2018-03-26T02:54:52.000Z","volume":6000,"label":" ","price":7.22},{"type":"A","date":"2018-03-26T02:54:57.000Z","volume":11000,"label":" ","price":7.22},{"type":"B","date":"2018-03-26T02:55:21.000Z","volume":7000,"label":" ","price":7.21},{"type":"A","date":"2018-03-26T02:55:22.000Z","volume":3000,"label":" ","price":7.21},{"type":"A","date":"2018-03-26T02:55:35.000Z","volume":1000,"label":" ","price":7.23},{"type":"B","date":"2018-03-26T02:55:49.000Z","volume":4000,"label":" ","price":7.23},{"type":"A","date":"2018-03-26T02:55:53.000Z","volume":43000,"label":" ","price":7.23},{"type":"A","date":"2018-03-26T02:56:09.000Z","volume":4000,"label":" ","price":7.24},{"type":"A","date":"2018-03-26T02:56:39.000Z","volume":1000,"label":" ","price":7.26},{"type":"A","date":"2018-03-26T02:57:01.000Z","volume":1000,"label":" ","price":7.26},{"type":"A","date":"2018-03-26T02:57:23.000Z","volume":12000,"label":" ","price":7.26},{"type":"A","date":"2018-03-26T02:57:23.000Z","volume":1000,"label":" ","price":7.27},{"type":"A","date":"2018-03-26T02:57:23.000Z","volume":1000,"label":" ","price":7.27},{"type":"A","date":"2018-03-26T02:57:24.000Z","volume":2000,"label":" ","price":7.27},{"type":"A","date":"2018-03-26T02:57:36.000Z","volume":2000,"label":" ","price":7.27},{"type":"B","date":"2018-03-26T02:57:37.000Z","volume":27000,"label":"Y","price":7.26},{"type":"B","date":"2018-03-26T02:57:37.000Z","volume":8000,"label":" ","price":7.26},{"type":"A","date":"2018-03-26T02:57:48.000Z","volume":141000,"label":"Y","price":7.26},{"type":"A","date":"2018-03-26T02:57:48.000Z","volume":9000,"label":" ","price":7.26},{"type":"B","date":"2018-03-26T02:58:01.000Z","volume":1000,"label":"Y","price":7.24},{"type":"B","date":"2018-03-26T02:58:01.000Z","volume":23000,"label":" ","price":7.24},{"type":"B","date":"2018-03-26T02:59:13.000Z","volume":34000,"label":" ","price":7.24},{"type":"B","date":"2018-03-26T02:59:55.000Z","volume":10000,"label":" ","price":7.23},{"type":"B","date":"2018-03-26T02:59:57.000Z","volume":1000,"label":" ","price":7.23},{"type":"A","date":"2018-03-26T03:00:20.000Z","volume":4000,"label":" ","price":7.24},{"type":"B","date":"2018-03-26T03:01:15.000Z","volume":20000,"label":" ","price":7.23},{"type":"B","date":"2018-03-26T03:01:25.000Z","volume":2000,"label":" ","price":7.22},{"type":"B","date":"2018-03-26T03:01:37.000Z","volume":48000,"label":"Y","price":7.22},{"type":"B","date":"2018-03-26T03:01:37.000Z","volume":2000,"label":" ","price":7.22},{"type":"B","date":"2018-03-26T03:01:37.000Z","volume":5000,"label":" ","price":7.22},{"type":"A","date":"2018-03-26T03:01:41.000Z","volume":16000,"label":" ","price":7.23},{"type":"A","date":"2018-03-26T03:01:41.000Z","volume":13000,"label":" ","price":7.24},{"type":"A","date":"2018-03-26T03:01:41.000Z","volume":13000,"label":" ","price":7.25},{"type":"A","date":"2018-03-26T03:01:41.000Z","volume":24000,"label":" ","price":7.26},{"type":"U","date":"2018-03-26T03:01:41.000Z","volume":1000,"label":" ","price":7.23},{"type":"A","date":"2018-03-26T03:01:41.000Z","volume":9000,"label":" ","price":7.26},{"type":"A","date":"2018-03-26T03:01:41.000Z","volume":4000,"label":" ","price":7.26},{"type":"A","date":"2018-03-26T03:02:41.000Z","volume":25000,"label":" ","price":7.23},{"type":"A","date":"2018-03-26T03:02:41.000Z","volume":5000,"label":" ","price":7.25},{"type":"A","date":"2018-03-26T03:03:00.000Z","volume":84000,"label":"Y","price":7.25},{"type":"A","date":"2018-03-26T03:03:00.000Z","volume":16000,"label":" ","price":7.25},{"type":"A","date":"2018-03-26T03:03:00.000Z","volume":2000,"label":" ","price":7.25},{"type":"A","date":"2018-03-26T03:03:56.000Z","volume":30000,"label":" ","price":7.25},{"type":"A","date":"2018-03-26T03:03:57.000Z","volume":5000,"label":" ","price":7.25},{"type":"B","date":"2018-03-26T03:05:05.000Z","volume":11000,"label":" ","price":7.22},{"type":"B","date":"2018-03-26T03:05:05.000Z","volume":50000,"label":"Y","price":7.21},{"type":"B","date":"2018-03-26T03:05:05.000Z","volume":20000,"label":" ","price":7.21},{"type":"B","date":"2018-03-26T03:05:05.000Z","volume":22000,"label":"Y","price":7.2},{"type":"B","date":"2018-03-26T03:05:05.000Z","volume":44000,"label":" ","price":7.2},{"type":"A","date":"2018-03-26T03:05:05.000Z","volume":5000,"label":" ","price":7.19},{"type":"A","date":"2018-03-26T03:05:05.000Z","volume":4000,"label":" ","price":7.19},{"type":"A","date":"2018-03-26T03:05:05.000Z","volume":1000,"label":" ","price":7.2},{"type":"B","date":"2018-03-26T03:06:12.000Z","volume":5000,"label":" ","price":7.18},{"type":"B","date":"2018-03-26T03:06:12.000Z","volume":4000,"label":" ","price":7.18},{"type":"B","date":"2018-03-26T03:06:12.000Z","volume":3000,"label":" ","price":7.17},{"type":"B","date":"2018-03-26T03:06:32.000Z","volume":1000,"label":" ","price":7.17},{"type":"A","date":"2018-03-26T03:06:38.000Z","volume":1000,"label":" ","price":7.17},{"type":"A","date":"2018-03-26T03:06:38.000Z","volume":1000,"label":" ","price":7.18},{"type":"B","date":"2018-03-26T03:07:26.000Z","volume":1000,"label":" ","price":7.17},{"type":"B","date":"2018-03-26T03:07:38.000Z","volume":4000,"label":" ","price":7.17},{"type":"B","date":"2018-03-26T03:07:38.000Z","volume":10000,"label":" ","price":7.16},{"type":"A","date":"2018-03-26T03:07:38.000Z","volume":1000,"label":" ","price":7.17},{"type":"B","date":"2018-03-26T03:07:39.000Z","volume":15000,"label":" ","price":7.16},{"type":"B","date":"2018-03-26T03:07:51.000Z","volume":10000,"label":" ","price":7.16},{"type":"B","date":"2018-03-26T03:07:51.000Z","volume":6000,"label":"Y","price":7.16},{"type":"B","date":"2018-03-26T03:07:51.000Z","volume":4000,"label":" ","price":7.16},{"type":"A","date":"2018-03-26T03:07:55.000Z","volume":18000,"label":"Y","price":7.17},{"type":"A","date":"2018-03-26T03:07:55.000Z","volume":5000,"label":" ","price":7.17},{"type":"B","date":"2018-03-26T03:08:13.000Z","volume":12000,"label":" ","price":7.17},{"type":"B","date":"2018-03-26T03:08:24.000Z","volume":5000,"label":"Y","price":7.17},{"type":"B","date":"2018-03-26T03:08:24.000Z","volume":4000,"label":" ","price":7.17},{"type":"A","date":"2018-03-26T03:08:25.000Z","volume":1000,"label":" ","price":7.17},{"type":"A","date":"2018-03-26T03:09:03.000Z","volume":1000,"label":" ","price":7.18},{"type":"A","date":"2018-03-26T03:09:06.000Z","volume":1000,"label":" ","price":7.18},{"type":"A","date":"2018-03-26T03:09:06.000Z","volume":3000,"label":" ","price":7.18},{"type":"A","date":"2018-03-26T03:09:14.000Z","volume":2000,"label":" ","price":7.18},{"type":"A","date":"2018-03-26T03:09:18.000Z","volume":20000,"label":"Y","price":7.19},{"type":"A","date":"2018-03-26T03:09:18.000Z","volume":9000,"label":" ","price":7.19},{"type":"A","date":"2018-03-26T03:09:18.000Z","volume":41000,"label":"Y","price":7.2},{"type":"A","date":"2018-03-26T03:09:39.000Z","volume":44000,"label":"Y","price":7.2},{"type":"A","date":"2018-03-26T03:09:39.000Z","volume":3000,"label":" ","price":7.2},{"type":"A","date":"2018-03-26T03:09:39.000Z","volume":3000,"label":" ","price":7.2},{"type":"B","date":"2018-03-26T03:09:41.000Z","volume":3000,"label":" ","price":7.2},{"type":"A","date":"2018-03-26T03:09:49.000Z","volume":8000,"label":" ","price":7.2},{"type":"B","date":"2018-03-26T03:10:26.000Z","volume":8000,"label":" ","price":7.2},{"type":"B","date":"2018-03-26T03:10:26.000Z","volume":6000,"label":" ","price":7.2},{"type":"B","date":"2018-03-26T03:11:36.000Z","volume":15000,"label":" ","price":7.19},{"type":"B","date":"2018-03-26T03:11:40.000Z","volume":9000,"label":" ","price":7.18},{"type":"B","date":"2018-03-26T03:11:40.000Z","volume":6000,"label":" ","price":7.17},{"type":"B","date":"2018-03-26T03:11:57.000Z","volume":6000,"label":" ","price":7.16},{"type":"B","date":"2018-03-26T03:12:05.000Z","volume":10000,"label":" ","price":7.15},{"type":"B","date":"2018-03-26T03:12:05.000Z","volume":11000,"label":" ","price":7.15},{"type":"B","date":"2018-03-26T03:12:06.000Z","volume":1000,"label":" ","price":7.15},{"type":"B","date":"2018-03-26T03:12:18.000Z","volume":5000,"label":" ","price":7.14},{"type":"A","date":"2018-03-26T03:12:24.000Z","volume":20000,"label":"Y","price":7.14},{"type":"A","date":"2018-03-26T03:12:24.000Z","volume":10000,"label":" ","price":7.14},{"type":"A","date":"2018-03-26T03:12:24.000Z","volume":10000,"label":" ","price":7.15},{"type":"B","date":"2018-03-26T03:12:49.000Z","volume":5000,"label":" ","price":7.14},{"type":"B","date":"2018-03-26T03:12:53.000Z","volume":5000,"label":" ","price":7.14},{"type":"B","date":"2018-03-26T03:13:22.000Z","volume":3000,"label":"Y","price":7.13},{"type":"B","date":"2018-03-26T03:13:22.000Z","volume":2000,"label":" ","price":7.13},{"type":"A","date":"2018-03-26T03:13:22.000Z","volume":1000,"label":" ","price":7.13},{"type":"B","date":"2018-03-26T03:13:34.000Z","volume":49000,"label":" ","price":7.12},{"type":"B","date":"2018-03-26T03:13:38.000Z","volume":3000,"label":" ","price":7.12},{"type":"B","date":"2018-03-26T03:13:52.000Z","volume":5000,"label":" ","price":7.12},{"type":"B","date":"2018-03-26T03:13:52.000Z","volume":1000,"label":" ","price":7.12},{"type":"B","date":"2018-03-26T03:13:58.000Z","volume":1000,"label":" ","price":7.12},{"type":"B","date":"2018-03-26T03:14:10.000Z","volume":1000,"label":" ","price":7.11},{"type":"A","date":"2018-03-26T03:14:11.000Z","volume":10000,"label":" ","price":7.11},{"type":"B","date":"2018-03-26T03:14:28.000Z","volume":4000,"label":" ","price":7.1},{"type":"B","date":"2018-03-26T03:14:41.000Z","volume":10000,"label":" ","price":7.09},{"type":"A","date":"2018-03-26T03:14:46.000Z","volume":20000,"label":" ","price":7.09},{"type":"B","date":"2018-03-26T03:14:59.000Z","volume":5000,"label":" ","price":7.08},{"type":"B","date":"2018-03-26T03:15:17.000Z","volume":8000,"label":" ","price":7.08},{"type":"B","date":"2018-03-26T03:15:17.000Z","volume":3000,"label":" ","price":7.08},{"type":"B","date":"2018-03-26T03:15:17.000Z","volume":1000,"label":" ","price":7.08},{"type":"A","date":"2018-03-26T03:15:19.000Z","volume":12000,"label":" ","price":7.09},{"type":"A","date":"2018-03-26T03:15:19.000Z","volume":13000,"label":" ","price":7.09},{"type":"B","date":"2018-03-26T03:15:23.000Z","volume":3000,"label":"Y","price":7.08},{"type":"B","date":"2018-03-26T03:15:23.000Z","volume":5000,"label":" ","price":7.08},{"type":"A","date":"2018-03-26T03:15:30.000Z","volume":3000,"label":" ","price":7.09},{"type":"B","date":"2018-03-26T03:15:38.000Z","volume":8000,"label":"Y","price":7.08},{"type":"B","date":"2018-03-26T03:15:38.000Z","volume":7000,"label":" ","price":7.08},{"type":"B","date":"2018-03-26T03:15:38.000Z","volume":138000,"label":" ","price":7.08},{"type":"A","date":"2018-03-26T03:15:59.000Z","volume":1000,"label":" ","price":7.09},{"type":"B","date":"2018-03-26T03:16:15.000Z","volume":3000,"label":" ","price":7.09},{"type":"B","date":"2018-03-26T03:16:15.000Z","volume":4000,"label":" ","price":7.08},{"type":"A","date":"2018-03-26T03:16:56.000Z","volume":1000,"label":" ","price":7.09},{"type":"A","date":"2018-03-26T03:17:00.000Z","volume":20000,"label":" ","price":7.09},{"type":"A","date":"2018-03-26T03:17:14.000Z","volume":8000,"label":" ","price":7.09},{"type":"A","date":"2018-03-26T03:17:14.000Z","volume":44000,"label":" ","price":7.1},{"type":"A","date":"2018-03-26T03:17:15.000Z","volume":54000,"label":" ","price":7.11},{"type":"A","date":"2018-03-26T03:17:16.000Z","volume":1000,"label":" ","price":7.1},{"type":"A","date":"2018-03-26T03:17:27.000Z","volume":5000,"label":" ","price":7.09},{"type":"A","date":"2018-03-26T03:17:29.000Z","volume":4000,"label":" ","price":7.09},{"type":"A","date":"2018-03-26T03:17:31.000Z","volume":12000,"label":" ","price":7.09},{"type":"B","date":"2018-03-26T03:17:48.000Z","volume":5000,"label":" ","price":7.08},{"type":"B","date":"2018-03-26T03:17:54.000Z","volume":4000,"label":" ","price":7.1},{"type":"B","date":"2018-03-26T03:17:54.000Z","volume":7000,"label":" ","price":7.08},{"type":"A","date":"2018-03-26T03:18:06.000Z","volume":89000,"label":"Y","price":7.08},{"type":"A","date":"2018-03-26T03:18:32.000Z","volume":2000,"label":" ","price":7.09},{"type":"A","date":"2018-03-26T03:18:49.000Z","volume":8000,"label":" ","price":7.09},{"type":"B","date":"2018-03-26T03:18:52.000Z","volume":1000,"label":" ","price":7.08},{"type":"A","date":"2018-03-26T03:19:10.000Z","volume":4000,"label":"Y","price":7.09},{"type":"A","date":"2018-03-26T03:19:19.000Z","volume":2000,"label":"Y","price":7.09},{"type":"B","date":"2018-03-26T03:19:38.000Z","volume":2000,"label":" ","price":7.08},{"type":"B","date":"2018-03-26T03:19:41.000Z","volume":10000,"label":" ","price":7.08},{"type":"B","date":"2018-03-26T03:19:48.000Z","volume":3000,"label":" ","price":7.08},{"type":"B","date":"2018-03-26T03:19:48.000Z","volume":6000,"label":" ","price":7.08},{"type":"A","date":"2018-03-26T03:19:52.000Z","volume":1000,"label":"Y","price":7.09},{"type":"B","date":"2018-03-26T03:20:04.000Z","volume":6000,"label":" ","price":7.07},{"type":"B","date":"2018-03-26T03:20:04.000Z","volume":2000,"label":"Y","price":7.07},{"type":"B","date":"2018-03-26T03:20:04.000Z","volume":8000,"label":" ","price":7.07},{"type":"B","date":"2018-03-26T03:20:04.000Z","volume":3000,"label":" ","price":7.07},{"type":"B","date":"2018-03-26T03:20:04.000Z","volume":29000,"label":" ","price":7.06},{"type":"B","date":"2018-03-26T03:20:04.000Z","volume":2000,"label":" ","price":7.05},{"type":"B","date":"2018-03-26T03:20:04.000Z","volume":4000,"label":" ","price":7.04},{"type":"B","date":"2018-03-26T03:20:04.000Z","volume":9000,"label":" ","price":7.03},{"type":"A","date":"2018-03-26T03:20:34.000Z","volume":1000,"label":" ","price":7.07},{"type":"A","date":"2018-03-26T03:21:09.000Z","volume":7000,"label":" ","price":7.06},{"type":"B","date":"2018-03-26T03:21:11.000Z","volume":4000,"label":" ","price":7.04},{"type":"B","date":"2018-03-26T03:21:41.000Z","volume":8000,"label":" ","price":7.04},{"type":"A","date":"2018-03-26T03:22:09.000Z","volume":1000,"label":" ","price":7.04},{"type":"A","date":"2018-03-26T03:22:10.000Z","volume":20000,"label":" ","price":7.04},{"type":"B","date":"2018-03-26T03:22:15.000Z","volume":6000,"label":" ","price":7.03},{"type":"A","date":"2018-03-26T03:22:27.000Z","volume":24000,"label":" ","price":7.03},{"type":"A","date":"2018-03-26T03:22:34.000Z","volume":5000,"label":" ","price":7.04},{"type":"A","date":"2018-03-26T03:22:36.000Z","volume":13000,"label":" ","price":7.04},{"type":"A","date":"2018-03-26T03:22:36.000Z","volume":5000,"label":" ","price":7.05},{"type":"B","date":"2018-03-26T03:22:37.000Z","volume":50000,"label":" ","price":7.03},{"type":"B","date":"2018-03-26T03:22:38.000Z","volume":2000,"label":" ","price":7.03},{"type":"B","date":"2018-03-26T03:22:57.000Z","volume":13000,"label":" ","price":7.03},{"type":"B","date":"2018-03-26T03:22:57.000Z","volume":1000,"label":" ","price":7.02},{"type":"A","date":"2018-03-26T03:22:57.000Z","volume":30000,"label":" ","price":7.03},{"type":"A","date":"2018-03-26T03:22:58.000Z","volume":7000,"label":" ","price":7.03},{"type":"B","date":"2018-03-26T03:23:10.000Z","volume":1000,"label":" ","price":7.02},{"type":"B","date":"2018-03-26T03:23:13.000Z","volume":7000,"label":"Y","price":7.02},{"type":"B","date":"2018-03-26T03:23:13.000Z","volume":1000,"label":" ","price":7.02},{"type":"B","date":"2018-03-26T03:23:13.000Z","volume":11000,"label":"Y","price":7.01},{"type":"B","date":"2018-03-26T03:23:13.000Z","volume":1000,"label":" ","price":7.01},{"type":"B","date":"2018-03-26T03:23:28.000Z","volume":43000,"label":"Y","price":7.01},{"type":"B","date":"2018-03-26T03:23:28.000Z","volume":3000,"label":" ","price":7.01},{"type":"A","date":"2018-03-26T03:23:28.000Z","volume":20000,"label":" ","price":7.01},{"type":"A","date":"2018-03-26T03:23:30.000Z","volume":48000,"label":" ","price":7.01},{"type":"B","date":"2018-03-26T03:23:31.000Z","volume":4000,"label":" ","price":7},{"type":"A","date":"2018-03-26T03:24:07.000Z","volume":6000,"label":" ","price":7.03},{"type":"A","date":"2018-03-26T03:24:11.000Z","volume":1000,"label":" ","price":7.03},{"type":"B","date":"2018-03-26T03:24:36.000Z","volume":1000,"label":"Y","price":7.02},{"type":"B","date":"2018-03-26T03:24:36.000Z","volume":11000,"label":" ","price":7.02},{"type":"B","date":"2018-03-26T03:24:36.000Z","volume":38000,"label":" ","price":7.02},{"type":"A","date":"2018-03-26T03:24:37.000Z","volume":6000,"label":" ","price":7.04},{"type":"A","date":"2018-03-26T03:25:33.000Z","volume":12000,"label":" ","price":7.04},{"type":"A","date":"2018-03-26T03:25:36.000Z","volume":25000,"label":" ","price":7.04},{"type":"B","date":"2018-03-26T03:25:39.000Z","volume":4000,"label":"Y","price":7.03},{"type":"B","date":"2018-03-26T03:25:39.000Z","volume":7000,"label":" ","price":7.03},{"type":"B","date":"2018-03-26T03:25:39.000Z","volume":19000,"label":" ","price":7.03},{"type":"A","date":"2018-03-26T03:25:58.000Z","volume":4000,"label":" ","price":7.05},{"type":"B","date":"2018-03-26T03:26:02.000Z","volume":20000,"label":" ","price":7.05},{"type":"B","date":"2018-03-26T03:26:02.000Z","volume":11000,"label":" ","price":7.05},{"type":"U","date":"2018-03-26T03:26:11.000Z","volume":5000,"label":" ","price":7.03},{"type":"U","date":"2018-03-26T03:26:11.000Z","volume":5000,"label":" ","price":7.03},{"type":"A","date":"2018-03-26T03:26:40.000Z","volume":30000,"label":" ","price":7.06},{"type":"A","date":"2018-03-26T03:26:40.000Z","volume":18000,"label":" ","price":7.06},{"type":"A","date":"2018-03-26T03:27:44.000Z","volume":4000,"label":"Y","price":7.09},{"type":"A","date":"2018-03-26T03:27:44.000Z","volume":7000,"label":" ","price":7.09},{"type":"A","date":"2018-03-26T03:28:21.000Z","volume":3000,"label":" ","price":7.12},{"type":"A","date":"2018-03-26T03:28:35.000Z","volume":1000,"label":"Y","price":7.13},{"type":"A","date":"2018-03-26T03:28:49.000Z","volume":3000,"label":" ","price":7.14},{"type":"A","date":"2018-03-26T03:28:50.000Z","volume":1000,"label":" ","price":7.14},{"type":"A","date":"2018-03-26T03:29:01.000Z","volume":12000,"label":" ","price":7.15},{"type":"A","date":"2018-03-26T03:29:01.000Z","volume":202000,"label":" ","price":7.15},{"type":"A","date":"2018-03-26T03:29:01.000Z","volume":57000,"label":" ","price":7.15},{"type":"B","date":"2018-03-26T03:29:05.000Z","volume":33000,"label":" ","price":7.13},{"type":"B","date":"2018-03-26T03:29:10.000Z","volume":8000,"label":" ","price":7.12},{"type":"U","date":"2018-03-26T03:29:56.000Z","volume":29000,"label":" ","price":7.13},{"type":"U","date":"2018-03-26T03:29:56.000Z","volume":42000,"label":" ","price":7.13},{"type":"B","date":"2018-03-26T03:30:04.000Z","volume":1000,"label":" ","price":7.11},{"type":"B","date":"2018-03-26T03:30:04.000Z","volume":5000,"label":" ","price":7.1},{"type":"B","date":"2018-03-26T03:31:10.000Z","volume":5000,"label":" ","price":7.12},{"type":"B","date":"2018-03-26T03:32:04.000Z","volume":11000,"label":" ","price":7.12},{"type":"B","date":"2018-03-26T03:32:04.000Z","volume":3000,"label":" ","price":7.11},{"type":"B","date":"2018-03-26T03:32:04.000Z","volume":45000,"label":"Y","price":7.1},{"type":"B","date":"2018-03-26T03:32:04.000Z","volume":5000,"label":" ","price":7.1},{"type":"A","date":"2018-03-26T03:33:20.000Z","volume":31000,"label":" ","price":7.1},{"type":"A","date":"2018-03-26T03:35:41.000Z","volume":3000,"label":" ","price":7.12},{"type":"A","date":"2018-03-26T03:35:44.000Z","volume":4000,"label":" ","price":7.12},{"type":"B","date":"2018-03-26T03:36:22.000Z","volume":25000,"label":"Y","price":7.1},{"type":"A","date":"2018-03-26T03:36:36.000Z","volume":8000,"label":" ","price":7.13},{"type":"B","date":"2018-03-26T03:36:50.000Z","volume":10000,"label":" ","price":7.14},{"type":"B","date":"2018-03-26T03:37:02.000Z","volume":20000,"label":" ","price":7.14},{"type":"A","date":"2018-03-26T03:37:18.000Z","volume":5000,"label":" ","price":7.14},{"type":"B","date":"2018-03-26T03:37:22.000Z","volume":1000,"label":" ","price":7.14},{"type":"B","date":"2018-03-26T03:37:31.000Z","volume":1000,"label":" ","price":7.14},{"type":"B","date":"2018-03-26T03:38:04.000Z","volume":6000,"label":" ","price":7.14},{"type":"B","date":"2018-03-26T03:39:16.000Z","volume":11000,"label":" ","price":7.13},{"type":"B","date":"2018-03-26T03:39:20.000Z","volume":4000,"label":" ","price":7.12},{"type":"B","date":"2018-03-26T03:39:20.000Z","volume":5000,"label":" ","price":7.11},{"type":"B","date":"2018-03-26T03:39:20.000Z","volume":16000,"label":" ","price":7.1},{"type":"B","date":"2018-03-26T03:39:20.000Z","volume":20000,"label":" ","price":7.09},{"type":"B","date":"2018-03-26T03:39:20.000Z","volume":35000,"label":" ","price":7.08},{"type":"B","date":"2018-03-26T03:39:59.000Z","volume":10000,"label":"Y","price":7.09},{"type":"U","date":"2018-03-26T03:40:29.000Z","volume":55000,"label":" ","price":7.11},{"type":"A","date":"2018-03-26T03:40:29.000Z","volume":1000,"label":" ","price":7.11},{"type":"A","date":"2018-03-26T03:40:29.000Z","volume":1000,"label":" ","price":7.11},{"type":"A","date":"2018-03-26T03:40:29.000Z","volume":1000,"label":" ","price":7.11},{"type":"A","date":"2018-03-26T03:40:32.000Z","volume":4000,"label":" ","price":7.12},{"type":"U","date":"2018-03-26T03:40:34.000Z","volume":2000,"label":"X","price":7.105},{"type":"A","date":"2018-03-26T03:40:34.000Z","volume":2000,"label":" ","price":7.13},{"type":"B","date":"2018-03-26T03:41:50.000Z","volume":2000,"label":" ","price":7.11},{"type":"B","date":"2018-03-26T03:42:28.000Z","volume":30000,"label":" ","price":7.12},{"type":"B","date":"2018-03-26T03:43:05.000Z","volume":7000,"label":" ","price":7.12},{"type":"A","date":"2018-03-26T03:43:05.000Z","volume":5000,"label":" ","price":7.13},{"type":"A","date":"2018-03-26T03:43:05.000Z","volume":1000,"label":" ","price":7.13},{"type":"A","date":"2018-03-26T03:43:56.000Z","volume":28000,"label":"Y","price":7.14},{"type":"A","date":"2018-03-26T03:43:56.000Z","volume":2000,"label":" ","price":7.14},{"type":"B","date":"2018-03-26T03:43:59.000Z","volume":10000,"label":" ","price":7.12},{"type":"B","date":"2018-03-26T03:43:59.000Z","volume":20000,"label":"Y","price":7.11},{"type":"B","date":"2018-03-26T03:43:59.000Z","volume":4000,"label":" ","price":7.11},{"type":"B","date":"2018-03-26T03:43:59.000Z","volume":2000,"label":" ","price":7.1},{"type":"B","date":"2018-03-26T03:43:59.000Z","volume":28000,"label":"Y","price":7.09},{"type":"A","date":"2018-03-26T03:44:37.000Z","volume":2000,"label":" ","price":7.14},{"type":"A","date":"2018-03-26T03:48:59.000Z","volume":3000,"label":" ","price":7.14},{"type":"A","date":"2018-03-26T03:48:59.000Z","volume":2000,"label":" ","price":7.14},{"type":"A","date":"2018-03-26T03:48:59.000Z","volume":2000,"label":" ","price":7.14},{"type":"A","date":"2018-03-26T03:48:59.000Z","volume":1000,"label":" ","price":7.14},{"type":"B","date":"2018-03-26T03:48:59.000Z","volume":2000,"label":" ","price":7.13},{"type":"B","date":"2018-03-26T03:50:02.000Z","volume":17000,"label":" ","price":7.13},{"type":"A","date":"2018-03-26T03:50:19.000Z","volume":22000,"label":" ","price":7.14},{"type":"B","date":"2018-03-26T03:50:19.000Z","volume":6000,"label":" ","price":7.14},{"type":"B","date":"2018-03-26T03:50:19.000Z","volume":3000,"label":" ","price":7.14},{"type":"A","date":"2018-03-26T03:50:19.000Z","volume":2000,"label":" ","price":7.15},{"type":"A","date":"2018-03-26T03:50:20.000Z","volume":3000,"label":" ","price":7.15},{"type":"A","date":"2018-03-26T03:50:20.000Z","volume":3000,"label":" ","price":7.15},{"type":"B","date":"2018-03-26T03:51:20.000Z","volume":43000,"label":" ","price":7.14},{"type":"B","date":"2018-03-26T03:51:20.000Z","volume":2000,"label":" ","price":7.13},{"type":"A","date":"2018-03-26T03:52:53.000Z","volume":5000,"label":" ","price":7.13},{"type":"A","date":"2018-03-26T03:52:53.000Z","volume":1000,"label":" ","price":7.14},{"type":"A","date":"2018-03-26T03:52:53.000Z","volume":16000,"label":" ","price":7.15},{"type":"A","date":"2018-03-26T03:52:53.000Z","volume":14000,"label":" ","price":7.15},{"type":"B","date":"2018-03-26T03:52:53.000Z","volume":3000,"label":" ","price":7.12},{"type":"B","date":"2018-03-26T03:54:19.000Z","volume":1000,"label":" ","price":7.13},{"type":"B","date":"2018-03-26T03:56:53.000Z","volume":3000,"label":"Y","price":7.14}