[{"type":"U","date":"2018-04-13T01:02:03.000Z","volume":6000,"label":"P","price":1.03},{"type":"U","date":"2018-04-13T01:20:00.000Z","volume":263000,"label":"U","price":1.04},{"type":"B","date":"2018-04-13T01:30:00.000Z","volume":9000,"label":" ","price":1.04},{"type":"B","date":"2018-04-13T01:30:00.000Z","volume":23000,"label":" ","price":1.04},{"type":"B","date":"2018-04-13T01:30:05.000Z","volume":3000,"label":" ","price":1.04},{"type":"B","date":"2018-04-13T01:30:11.000Z","volume":1000,"label":" ","price":1.04},{"type":"B","date":"2018-04-13T01:30:16.000Z","volume":100000,"label":" ","price":1.04},{"type":"B","date":"2018-04-13T01:30:22.000Z","volume":11000,"label":" ","price":1.04},{"type":"A","date":"2018-04-13T01:30:23.000Z","volume":10000,"label":" ","price":1.05},{"type":"A","date":"2018-04-13T01:30:30.000Z","volume":2000,"label":" ","price":1.05},{"type":"B","date":"2018-04-13T01:30:35.000Z","volume":3000,"label":" ","price":1.04},{"type":"A","date":"2018-04-13T01:30:38.000Z","volume":1000,"label":" ","price":1.05},{"type":"B","date":"2018-04-13T01:30:58.000Z","volume":25000,"label":" ","price":1.04},{"type":"A","date":"2018-04-13T01:31:00.000Z","volume":2000,"label":" ","price":1.05},{"type":"A","date":"2018-04-13T01:31:21.000Z","volume":27000,"label":" ","price":1.05},{"type":"A","date":"2018-04-13T01:31:23.000Z","volume":3000,"label":" ","price":1.05},{"type":"B","date":"2018-04-13T01:31:23.000Z","volume":24000,"label":" ","price":1.04},{"type":"A","date":"2018-04-13T01:31:30.000Z","volume":3000,"label":" ","price":1.05},{"type":"B","date":"2018-04-13T01:31:58.000Z","volume":30000,"label":" ","price":1.04},{"type":"B","date":"2018-04-13T01:32:05.000Z","volume":4000,"label":" ","price":1.04},{"type":"B","date":"2018-04-13T01:32:10.000Z","volume":20000,"label":" ","price":1.04},{"type":"B","date":"2018-04-13T01:32:13.000Z","volume":2000,"label":" ","price":1.04},{"type":"B","date":"2018-04-13T01:32:25.000Z","volume":9000,"label":" ","price":1.04},{"type":"B","date":"2018-04-13T01:32:29.000Z","volume":22000,"label":" ","price":1.04},{"type":"B","date":"2018-04-13T01:32:29.000Z","volume":3000,"label":" ","price":1.04},{"type":"B","date":"2018-04-13T01:32:41.000Z","volume":1731000,"label":" ","price":1.04},{"type":"A","date":"2018-04-13T01:32:43.000Z","volume":339000,"label":" ","price":1.04},{"type":"A","date":"2018-04-13T01:32:43.000Z","volume":347000,"label":" ","price":1.04},{"type":"A","date":"2018-04-13T01:32:43.000Z","volume":3000,"label":" ","price":1.04},{"type":"A","date":"2018-04-13T01:32:44.000Z","volume":51000,"label":" ","price":1.04},{"type":"A","date":"2018-04-13T01:32:46.000Z","volume":53000,"label":" ","price":1.04},{"type":"A","date":"2018-04-13T01:32:58.000Z","volume":50000,"label":" ","price":1.04},{"type":"A","date":"2018-04-13T01:33:11.000Z","volume":2000,"label":" ","price":1.04},{"type":"A","date":"2018-04-13T01:33:11.000Z","volume":100000,"label":" ","price":1.04},{"type":"B","date":"2018-04-13T01:33:44.000Z","volume":40000,"label":" ","price":1.03},{"type":"A","date":"2018-04-13T01:33:46.000Z","volume":1000,"label":" ","price":1.04},{"type":"B","date":"2018-04-13T01:34:25.000Z","volume":20000,"label":" ","price":1.03},{"type":"B","date":"2018-04-13T01:34:47.000Z","volume":10000,"label":" ","price":1.03},{"type":"A","date":"2018-04-13T01:35:00.000Z","volume":6000,"label":" ","price":1.04},{"type":"A","date":"2018-04-13T01:35:52.000Z","volume":139000,"label":" ","price":1.04},{"type":"A","date":"2018-04-13T01:36:11.000Z","volume":25000,"label":" ","price":1.04},{"type":"A","date":"2018-04-13T01:36:12.000Z","volume":4000,"label":" ","price":1.04},{"type":"A","date":"2018-04-13T01:36:45.000Z","volume":4000,"label":" ","price":1.04},{"type":"U","date":"2018-04-13T01:36:56.000Z","volume":800,"label":"D","price":1},{"type":"B","date":"2018-04-13T01:36:57.000Z","volume":16000,"label":" ","price":1.03},{"type":"B","date":"2018-04-13T01:37:40.000Z","volume":50000,"label":" ","price":1.03},{"type":"B","date":"2018-04-13T01:37:49.000Z","volume":8000,"label":" ","price":1.03},{"type":"A","date":"2018-04-13T01:38:18.000Z","volume":5000,"label":" ","price":1.04},{"type":"A","date":"2018-04-13T01:38:23.000Z","volume":14000,"label":" ","price":1.04},{"type":"A","date":"2018-04-13T01:38:42.000Z","volume":12000,"label":" ","price":1.04},{"type":"A","date":"2018-04-13T01:39:04.000Z","volume":9000,"label":" ","price":1.04},{"type":"B","date":"2018-04-13T01:39:24.000Z","volume":8000,"label":" ","price":1.03},{"type":"A","date":"2018-04-13T01:39:32.000Z","volume":1000,"label":" ","price":1.04},{"type":"A","date":"2018-04-13T01:39:32.000Z","volume":9000,"label":" ","price":1.04},{"type":"A","date":"2018-04-13T01:40:07.000Z","volume":100000,"label":" ","price":1.04},{"type":"A","date":"2018-04-13T01:40:08.000Z","volume":5000,"label":" ","price":1.04},{"type":"A","date":"2018-04-13T01:40:50.000Z","volume":50000,"label":" ","price":1.04},{"type":"A","date":"2018-04-13T01:41:30.000Z","volume":8000,"label":" ","price":1.04},{"type":"A","date":"2018-04-13T01:41:33.000Z","volume":17000,"label":" ","price":1.04},{"type":"A","date":"2018-04-13T01:42:09.000Z","volume":3000,"label":" ","price":1.04},{"type":"B","date":"2018-04-13T01:42:43.000Z","volume":18000,"label":" ","price":1.03},{"type":"A","date":"2018-04-13T01:43:11.000Z","volume":3000,"label":" ","price":1.04},{"type":"B","date":"2018-04-13T01:43:19.000Z","volume":3000,"label":" ","price":1.03},{"type":"B","date":"2018-04-13T01:43:23.000Z","volume":17000,"label":" ","price":1.03},{"type":"B","date":"2018-04-13T01:43:32.000Z","volume":15000,"label":" ","price":1.03},{"type":"B","date":"2018-04-13T01:43:47.000Z","volume":10000,"label":"Y","price":1.03},{"type":"B","date":"2018-04-13T01:43:47.000Z","volume":10000,"label":" ","price":1.03},{"type":"B","date":"2018-04-13T01:44:06.000Z","volume":18000,"label":" ","price":1.03},{"type":"A","date":"2018-04-13T01:44:07.000Z","volume":3000,"label":" ","price":1.04},{"type":"B","date":"2018-04-13T01:44:48.000Z","volume":18000,"label":" ","price":1.03},{"type":"A","date":"2018-04-13T01:44:55.000Z","volume":23000,"label":" ","price":1.04},{"type":"B","date":"2018-04-13T01:44:58.000Z","volume":1000,"label":" ","price":1.03},{"type":"A","date":"2018-04-13T01:45:07.000Z","volume":3000,"label":" ","price":1.04},{"type":"A","date":"2018-04-13T01:45:19.000Z","volume":74000,"label":" ","price":1.04},{"type":"B","date":"2018-04-13T01:45:42.000Z","volume":16000,"label":" ","price":1.03},{"type":"A","date":"2018-04-13T01:46:19.000Z","volume":25000,"label":" ","price":1.04},{"type":"A","date":"2018-04-13T01:47:16.000Z","volume":2000,"label":" ","price":1.04},{"type":"B","date":"2018-04-13T01:47:37.000Z","volume":6000,"label":" ","price":1.03},{"type":"A","date":"2018-04-13T01:48:13.000Z","volume":10000,"label":" ","price":1.04},{"type":"A","date":"2018-04-13T01:48:54.000Z","volume":3000,"label":" ","price":1.04},{"type":"B","date":"2018-04-13T01:48:55.000Z","volume":10000,"label":" ","price":1.03},{"type":"B","date":"2018-04-13T01:49:32.000Z","volume":150000,"label":" ","price":1.03},{"type":"A","date":"2018-04-13T01:49:35.000Z","volume":2000,"label":" ","price":1.04},{"type":"B","date":"2018-04-13T01:50:25.000Z","volume":130000,"label":" ","price":1.03},{"type":"B","date":"2018-04-13T01:50:26.000Z","volume":26000,"label":" ","price":1.03},{"type":"B","date":"2018-04-13T01:51:00.000Z","volume":14000,"label":" ","price":1.03},{"type":"B","date":"2018-04-13T01:52:02.000Z","volume":3000,"label":" ","price":1.03},{"type":"B","date":"2018-04-13T01:52:12.000Z","volume":15000,"label":" ","price":1.03},{"type":"A","date":"2018-04-13T01:52:27.000Z","volume":3000,"label":" ","price":1.04},{"type":"B","date":"2018-04-13T01:52:42.000Z","volume":7000,"label":"Y","price":1.03},{"type":"B","date":"2018-04-13T01:52:42.000Z","volume":17000,"label":" ","price":1.03},{"type":"B","date":"2018-04-13T01:53:24.000Z","volume":14000,"label":" ","price":1.03},{"type":"B","date":"2018-04-13T01:53:42.000Z","volume":21000,"label":" ","price":1.03},{"type":"A","date":"2018-04-13T01:53:56.000Z","volume":41000,"label":" ","price":1.04},{"type":"B","date":"2018-04-13T01:54:12.000Z","volume":27000,"label":" ","price":1.03},{"type":"B","date":"2018-04-13T01:54:21.000Z","volume":15000,"label":" ","price":1.03},{"type":"A","date":"2018-04-13T01:54:24.000Z","volume":8000,"label":" ","price":1.04},{"type":"A","date":"2018-04-13T01:54:28.000Z","volume":15000,"label":" ","price":1.04},{"type":"B","date":"2018-04-13T01:54:42.000Z","volume":23000,"label":" ","price":1.03},{"type":"A","date":"2018-04-13T01:54:43.000Z","volume":3000,"label":" ","price":1.04},{"type":"A","date":"2018-04-13T01:55:02.000Z","volume":401000,"label":" ","price":1.04},{"type":"A","date":"2018-04-13T01:55:03.000Z","volume":5000,"label":" ","price":1.04},{"type":"A","date":"2018-04-13T01:55:09.000Z","volume":305000,"label":"Y","price":1.04},{"type":"A","date":"2018-04-13T01:55:09.000Z","volume":1695000,"label":" ","price":1.04},{"type":"A","date":"2018-04-13T01:55:36.000Z","volume":2000000,"label":" ","price":1.04},{"type":"A","date":"2018-04-13T01:55:36.000Z","volume":702000,"label":" ","price":1.04},{"type":"A","date":"2018-04-13T01:55:36.000Z","volume":3000,"label":" ","price":1.04},{"type":"A","date":"2018-04-13T01:55:46.000Z","volume":500000,"label":" ","price":1.04},{"type":"A","date":"2018-04-13T01:55:48.000Z","volume":90000,"label":" ","price":1.04},{"type":"A","date":"2018-04-13T01:55:53.000Z","volume":200000,"label":" ","price":1.04},{"type":"A","date":"2018-04-13T01:55:54.000Z","volume":1200000,"label":" ","price":1.04},{"type":"A","date":"2018-04-13T01:55:54.000Z","volume":300000,"label":" ","price":1.04},{"type":"A","date":"2018-04-13T01:55:55.000Z","volume":30000,"label":" ","price":1.04},{"type":"A","date":"2018-04-13T01:56:00.000Z","volume":298000,"label":" ","price":1.04},{"type":"B","date":"2018-04-13T01:56:02.000Z","volume":21000,"label":" ","price":1.04},{"type":"B","date":"2018-04-13T01:56:02.000Z","volume":262000,"label":" ","price":1.04},{"type":"B","date":"2018-04-13T01:56:02.000Z","volume":55000,"label":" ","price":1.04},{"type":"A","date":"2018-04-13T01:56:15.000Z","volume":8000,"label":" ","price":1.05},{"type":"B","date":"2018-04-13T01:56:19.000Z","volume":5000,"label":" ","price":1.04},{"type":"B","date":"2018-04-13T01:56:42.000Z","volume":155000,"label":" ","price":1.04},{"type":"A","date":"2018-04-13T01:56:43.000Z","volume":10000,"label":" ","price":1.05},{"type":"B","date":"2018-04-13T01:56:43.000Z","volume":36000,"label":" ","price":1.04},{"type":"B","date":"2018-04-13T01:56:53.000Z","volume":17000,"label":" ","price":1.04},{"type":"B","date":"2018-04-13T01:57:23.000Z","volume":1000,"label":" ","price":1.04},{"type":"B","date":"2018-04-13T01:57:59.000Z","volume":4000,"label":" ","price":1.04},{"type":"B","date":"2018-04-13T01:58:18.000Z","volume":10000,"label":"Y","price":1.04},{"type":"B","date":"2018-04-13T01:58:32.000Z","volume":2000,"label":" ","price":1.04},{"type":"B","date":"2018-04-13T01:58:36.000Z","volume":5000,"label":"Y","price":1.04},{"type":"B","date":"2018-04-13T01:58:49.000Z","volume":5000,"label":"Y","price":1.04},{"type":"B","date":"2018-04-13T01:59:02.000Z","volume":21000,"label":" ","price":1.04},{"type":"B","date":"2018-04-13T01:59:39.000Z","volume":650000,"label":" ","price":1.04},{"type":"B","date":"2018-04-13T01:59:39.000Z","volume":56000,"label":" ","price":1.04},{"type":"B","date":"2018-04-13T01:59:42.000Z","volume":121000,"label":" ","price":1.04},{"type":"B","date":"2018-04-13T01:59:42.000Z","volume":13000,"label":" ","price":1.04},{"type":"B","date":"2018-04-13T01:59:44.000Z","volume":5000,"label":" ","price":1.04},{"type":"B","date":"2018-04-13T02:00:29.000Z","volume":4000,"label":" ","price":1.04},{"type":"B","date":"2018-04-13T02:00:32.000Z","volume":100000,"label":"Y","price":1.04},{"type":"B","date":"2018-04-13T02:00:32.000Z","volume":20000,"label":" ","price":1.04},{"type":"B","date":"2018-04-13T02:00:32.000Z","volume":11000,"label":" ","price":1.04},{"type":"B","date":"2018-04-13T02:00:36.000Z","volume":2000,"label":" ","price":1.04},{"type":"B","date":"2018-04-13T02:01:02.000Z","volume":3000,"label":" ","price":1.04},{"type":"B","date":"2018-04-13T02:01:20.000Z","volume":10000,"label":" ","price":1.04},{"type":"B","date":"2018-04-13T02:01:42.000Z","volume":23000,"label":" ","price":1.04},{"type":"B","date":"2018-04-13T02:02:03.000Z","volume":4000,"label":" ","price":1.04},{"type":"B","date":"2018-04-13T02:02:44.000Z","volume":6000,"label":" ","price":1.04},{"type":"B","date":"2018-04-13T02:03:11.000Z","volume":2000,"label":" ","price":1.04},{"type":"B","date":"2018-04-13T02:03:12.000Z","volume":262000,"label":" ","price":1.04},{"type":"B","date":"2018-04-13T02:03:21.000Z","volume":28000,"label":" ","price":1.04},{"type":"B","date":"2018-04-13T02:03:54.000Z","volume":1000,"label":" ","price":1.04},{"type":"B","date":"2018-04-13T02:04:10.000Z","volume":5000,"label":" ","price":1.04},{"type":"B","date":"2018-04-13T02:04:14.000Z","volume":276000,"label":" ","price":1.04},{"type":"B","date":"2018-04-13T02:04:14.000Z","volume":30000,"label":" ","price":1.04},{"type":"B","date":"2018-04-13T02:04:22.000Z","volume":40000,"label":" ","price":1.04},{"type":"B","date":"2018-04-13T02:04:22.000Z","volume":4000,"label":" ","price":1.04},{"type":"B","date":"2018-04-13T02:04:24.000Z","volume":1200000,"label":" ","price":1.04},{"type":"B","date":"2018-04-13T02:04:24.000Z","volume":1086000,"label":" ","price":1.04},{"type":"U","date":"2018-04-13T02:04:24.000Z","volume":1000,"label":" ","price":1.04},{"type":"A","date":"2018-04-13T02:04:32.000Z","volume":101000,"label":" ","price":1.04},{"type":"B","date":"2018-04-13T02:06:18.000Z","volume":6000,"label":" ","price":1.03},{"type":"B","date":"2018-04-13T02:07:12.000Z","volume":122000,"label":" ","price":1.03},{"type":"A","date":"2018-04-13T02:10:46.000Z","volume":20000,"label":" ","price":1.04},{"type":"A","date":"2018-04-13T02:11:19.000Z","volume":25000,"label":" ","price":1.04},{"type":"A","date":"2018-04-13T02:13:16.000Z","volume":1000,"label":" ","price":1.04},{"type":"B","date":"2018-04-13T02:13:58.000Z","volume":57000,"label":"Y","price":1.03},{"type":"B","date":"2018-04-13T02:13:58.000Z","volume":2214000,"label":" ","price":1.03},{"type":"B","date":"2018-04-13T02:13:58.000Z","volume":1234000,"label":" ","price":1.03},{"type":"B","date":"2018-04-13T02:13:58.000Z","volume":560000,"label":"Y","price":1.03},{"type":"B","date":"2018-04-13T02:13:58.000Z","volume":1523000,"label":" ","price":1.03},{"type":"B","date":"2018-04-13T02:13:58.000Z","volume":15000,"label":" ","price":1.03},{"type":"B","date":"2018-04-13T02:13:58.000Z","volume":1000,"label":" ","price":1.03},{"type":"A","date":"2018-04-13T02:13:59.000Z","volume":50000,"label":" ","price":1.03},{"type":"A","date":"2018-04-13T02:13:59.000Z","volume":114000,"label":" ","price":1.03},{"type":"A","date":"2018-04-13T02:14:12.000Z","volume":20000,"label":" ","price":1.03},{"type":"A","date":"2018-04-13T02:14:29.000Z","volume":100000,"label":" ","price":1.03},{"type":"B","date":"2018-04-13T02:15:03.000Z","volume":10000,"label":" ","price":1.02},{"type":"A","date":"2018-04-13T02:15:20.000Z","volume":10000,"label":" ","price":1.03},{"type":"A","date":"2018-04-13T02:15:23.000Z","volume":40000,"label":" ","price":1.03},{"type":"A","date":"2018-04-13T02:15:30.000Z","volume":20000,"label":" ","price":1.03},{"type":"A","date":"2018-04-13T02:17:34.000Z","volume":37000,"label":" ","price":1.03},{"type":"A","date":"2018-04-13T02:19:00.000Z","volume":262000,"label":" ","price":1.03},{"type":"A","date":"2018-04-13T02:20:49.000Z","volume":62000,"label":" ","price":1.03},{"type":"A","date":"2018-04-13T02:21:54.000Z","volume":1000,"label":" ","price":1.03},{"type":"A","date":"2018-04-13T02:22:33.000Z","volume":7000,"label":" ","price":1.03},{"type":"A","date":"2018-04-13T02:23:00.000Z","volume":92000,"label":" ","price":1.03},{"type":"B","date":"2018-04-13T02:23:13.000Z","volume":23000,"label":" ","price":1.02},{"type":"A","date":"2018-04-13T02:23:14.000Z","volume":58000,"label":" ","price":1.03},{"type":"A","date":"2018-04-13T02:23:20.000Z","volume":35000,"label":" ","price":1.03},{"type":"B","date":"2018-04-13T02:23:43.000Z","volume":27000,"label":" ","price":1.02},{"type":"B","date":"2018-04-13T02:24:13.000Z","volume":25000,"label":" ","price":1.02},{"type":"B","date":"2018-04-13T02:25:13.000Z","volume":25000,"label":" ","price":1.02},{"type":"B","date":"2018-04-13T02:25:13.000Z","volume":30000,"label":" ","price":1.02},{"type":"B","date":"2018-04-13T02:26:13.000Z","volume":25000,"label":" ","price":1.02},{"type":"B","date":"2018-04-13T02:26:26.000Z","volume":150000,"label":" ","price":1.02},{"type":"B","date":"2018-04-13T02:26:59.000Z","volume":150000,"label":" ","price":1.02},{"type":"B","date":"2018-04-13T02:27:13.000Z","volume":29000,"label":" ","price":1.02},{"type":"B","date":"2018-04-13T02:28:13.000Z","volume":22000,"label":" ","price":1.02},{"type":"B","date":"2018-04-13T02:28:25.000Z","volume":17000,"label":" ","price":1.02},{"type":"B","date":"2018-04-13T02:29:05.000Z","volume":30000,"label":" ","price":1.02},{"type":"B","date":"2018-04-13T02:29:13.000Z","volume":21000,"label":" ","price":1.02},{"type":"B","date":"2018-04-13T02:29:56.000Z","volume":100000,"label":" ","price":1.02},{"type":"B","date":"2018-04-13T02:30:08.000Z","volume":50000,"label":" ","price":1.02},{"type":"A","date":"2018-04-13T02:30:08.000Z","volume":2000,"label":"Y","price":1.03},{"type":"B","date":"2018-04-13T02:30:13.000Z","volume":26000,"label":" ","price":1.02},{"type":"A","date":"2018-04-13T02:30:14.000Z","volume":1000,"label":"Y","price":1.03},{"type":"U","date":"2018-04-13T02:30:14.000Z","volume":13000,"label":"X","price":1.02},{"type":"U","date":"2018-04-13T02:30:14.000Z","volume":5000,"label":"X","price":1.02},{"type":"U","date":"2018-04-13T02:30:14.000Z","volume":4000,"label":"X","price":1.02},{"type":"U","date":"2018-04-13T02:30:14.000Z","volume":1000,"label":"X","price":1.02},{"type":"B","date":"2018-04-13T02:31:13.000Z","volume":22000,"label":" ","price":1.02},{"type":"A","date":"2018-04-13T02:31:13.000Z","volume":2000,"label":"Y","price":1.03},{"type":"B","date":"2018-04-13T02:31:15.000Z","volume":15000,"label":" ","price":1.02},{"type":"A","date":"2018-04-13T02:31:18.000Z","volume":2000,"label":"Y","price":1.03},{"type":"B","date":"2018-04-13T02:31:43.000Z","volume":28000,"label":" ","price":1.02},{"type":"B","date":"2018-04-13T02:31:43.000Z","volume":5000,"label":" ","price":1.02},{"type":"A","date":"2018-04-13T02:31:44.000Z","volume":3000,"label":"Y","price":1.03},{"type":"A","date":"2018-04-13T02:31:49.000Z","volume":3000,"label":"Y","price":1.03},{"type":"U","date":"2018-04-13T02:32:14.000Z","volume":5000,"label":"X","price":1.021},{"type":"U","date":"2018-04-13T02:32:14.000Z","volume":2000,"label":"X","price":1.021},{"type":"U","date":"2018-04-13T02:32:14.000Z","volume":1000,"label":"X","price":1.021},{"type":"U","date":"2018-04-13T02:32:14.000Z","volume":1000,"label":"X","price":1.021},{"type":"B","date":"2018-04-13T02:32:43.000Z","volume":28000,"label":" ","price":1.02},{"type":"A","date":"2018-04-13T02:32:44.000Z","volume":3000,"label":"Y","price":1.03},{"type":"A","date":"2018-04-13T02:32:49.000Z","volume":2000,"label":"Y","price":1.03},{"type":"U","date":"2018-04-13T02:33:14.000Z","volume":3000,"label":"X","price":1.022},{"type":"U","date":"2018-04-13T02:33:14.000Z","volume":1000,"label":"X","price":1.022},{"type":"U","date":"2018-04-13T02:33:14.000Z","volume":1000,"label":"X","price":1.022},{"type":"B","date":"2018-04-13T02:34:13.000Z","volume":20000,"label":" ","price":1.02},{"type":"A","date":"2018-04-13T02:34:14.000Z","volume":3000,"label":"Y","price":1.03},{"type":"A","date":"2018-04-13T02:34:19.000Z","volume":2000,"label":"Y","price":1.03},{"type":"B","date":"2018-04-13T02:34:24.000Z","volume":15000,"label":" ","price":1.02},{"type":"A","date":"2018-04-13T02:34:24.000Z","volume":2000,"label":"Y","price":1.03},{"type":"B","date":"2018-04-13T02:34:42.000Z","volume":136000,"label":" ","price":1.02},{"type":"A","date":"2018-04-13T02:34:43.000Z","volume":5000,"label":"Y","price":1.03},{"type":"B","date":"2018-04-13T02:34:43.000Z","volume":22000,"label":" ","price":1.02},{"type":"A","date":"2018-04-13T02:34:48.000Z","volume":4000,"label":"Y","price":1.03},{"type":"A","date":"2018-04-13T02:34:53.000Z","volume":3000,"label":"Y","price":1.03},{"type":"A","date":"2018-04-13T02:34:58.000Z","volume":3000,"label":"Y","price":1.03},{"type":"A","date":"2018-04-13T02:35:03.000Z","volume":2000,"label":"Y","price":1.03},{"type":"A","date":"2018-04-13T02:35:08.000Z","volume":2000,"label":"Y","price":1.03},{"type":"A","date":"2018-04-13T02:35:13.000Z","volume":1000,"label":"Y","price":1.03},{"type":"B","date":"2018-04-13T02:35:18.000Z","volume":1000,"label":" ","price":1.02},{"type":"A","date":"2018-04-13T02:35:18.000Z","volume":1000,"label":"Y","price":1.03},{"type":"A","date":"2018-04-13T02:35:24.000Z","volume":1000,"label":"Y","price":1.03},{"type":"A","date":"2018-04-13T02:35:26.000Z","volume":10000,"label":" ","price":1.03},{"type":"A","date":"2018-04-13T02:35:29.000Z","volume":1000,"label":"Y","price":1.03},{"type":"B","date":"2018-04-13T02:35:43.000Z","volume":22000,"label":" ","price":1.02},{"type":"B","date":"2018-04-13T02:36:33.000Z","volume":21000,"label":" ","price":1.02},{"type":"B","date":"2018-04-13T02:36:42.000Z","volume":9000,"label":" ","price":1.02},{"type":"B","date":"2018-04-13T02:37:12.000Z","volume":8000,"label":" ","price":1.02},{"type":"B","date":"2018-04-13T02:37:37.000Z","volume":15000,"label":" ","price":1.02},{"type":"B","date":"2018-04-13T02:37:37.000Z","volume":8000,"label":" ","price":1.02},{"type":"B","date":"2018-04-13T02:37:43.000Z","volume":25000,"label":" ","price":1.02},{"type":"A","date":"2018-04-13T02:37:57.000Z","volume":100000,"label":" ","price":1.03},{"type":"B","date":"2018-04-13T02:38:03.000Z","volume":8000,"label":" ","price":1.02},{"type":"A","date":"2018-04-13T02:38:05.000Z","volume":14000,"label":" ","price":1.03},{"type":"U","date":"2018-04-13T02:38:14.000Z","volume":13000,"label":"X","price":1.023},{"type":"U","date":"2018-04-13T02:38:14.000Z","volume":2000,"label":"X","price":1.023},{"type":"U","date":"2018-04-13T02:38:14.000Z","volume":1000,"label":"X","price":1.023},{"type":"U","date":"2018-04-13T02:38:14.000Z","volume":1000,"label":"X","price":1.023},{"type":"B","date":"2018-04-13T02:38:28.000Z","volume":8000,"label":" ","price":1.02},{"type":"B","date":"2018-04-13T02:38:40.000Z","volume":9000,"label":" ","price":1.02},{"type":"B","date":"2018-04-13T02:38:43.000Z","volume":20000,"label":" ","price":1.02},{"type":"B","date":"2018-04-13T02:38:53.000Z","volume":8000,"label":" ","price":1.02},{"type":"B","date":"2018-04-13T02:39:13.000Z","volume":26000,"label":" ","price":1.02},{"type":"U","date":"2018-04-13T02:39:14.000Z","volume":2000,"label":"X","price":1.02},{"type":"U","date":"2018-04-13T02:39:14.000Z","volume":1000,"label":"X","price":1.02},{"type":"U","date":"2018-04-13T02:39:14.000Z","volume":1000,"label":"X","price":1.02},{"type":"B","date":"2018-04-13T02:39:17.000Z","volume":8000,"label":" ","price":1.02},{"type":"B","date":"2018-04-13T02:39:21.000Z","volume":31000,"label":" ","price":1.02},{"type":"B","date":"2018-04-13T02:39:43.000Z","volume":8000,"label":" ","price":1.02},{"type":"B","date":"2018-04-13T02:40:08.000Z","volume":8000,"label":" ","price":1.02},{"type":"B","date":"2018-04-13T02:40:13.000Z","volume":24000,"label":" ","price":1.02},{"type":"B","date":"2018-04-13T02:40:23.000Z","volume":11000,"label":" ","price":1.02},{"type":"B","date":"2018-04-13T02:40:24.000Z","volume":15000,"label":" ","price":1.02},{"type":"B","date":"2018-04-13T02:40:25.000Z","volume":1000,"label":" ","price":1.02},{"type":"B","date":"2018-04-13T02:40:33.000Z","volume":8000,"label":" ","price":1.02},{"type":"B","date":"2018-04-13T02:40:58.000Z","volume":8000,"label":" ","price":1.02},{"type":"B","date":"2018-04-13T02:41:13.000Z","volume":21000,"label":" ","price":1.02},{"type":"U","date":"2018-04-13T02:41:14.000Z","volume":5000,"label":"X","price":1.02},{"type":"U","date":"2018-04-13T02:41:14.000Z","volume":1000,"label":"X","price":1.02},{"type":"U","date":"2018-04-13T02:41:14.000Z","volume":1000,"label":"X","price":1.02},{"type":"B","date":"2018-04-13T02:41:23.000Z","volume":8000,"label":" ","price":1.02},{"type":"B","date":"2018-04-13T02:41:29.000Z","volume":10000,"label":" ","price":1.02},{"type":"A","date":"2018-04-13T02:41:45.000Z","volume":26000,"label":" ","price":1.03},{"type":"B","date":"2018-04-13T02:41:45.000Z","volume":8000,"label":" ","price":1.02},{"type":"B","date":"2018-04-13T02:42:13.000Z","volume":8000,"label":" ","price":1.02},{"type":"B","date":"2018-04-13T02:42:13.000Z","volume":26000,"label":" ","price":1.02},{"type":"B","date":"2018-04-13T02:42:38.000Z","volume":8000,"label":" ","price":1.02},{"type":"B","date":"2018-04-13T02:43:02.000Z","volume":8000,"label":" ","price":1.02},{"type":"B","date":"2018-04-13T02:43:13.000Z","volume":3000,"label":" ","price":1.02},{"type":"B","date":"2018-04-13T02:43:13.000Z","volume":26000,"label":" ","price":1.02},{"type":"A","date":"2018-04-13T02:43:15.000Z","volume":28000,"label":" ","price":1.03},{"type":"B","date":"2018-04-13T02:43:27.000Z","volume":3000,"label":"Y","price":1.02},{"type":"B","date":"2018-04-13T02:43:27.000Z","volume":5000,"label":" ","price":1.02},{"type":"B","date":"2018-04-13T02:43:53.000Z","volume":8000,"label":" ","price":1.02},{"type":"B","date":"2018-04-13T02:44:18.000Z","volume":8000,"label":" ","price":1.02},{"type":"B","date":"2018-04-13T02:44:25.000Z","volume":26000,"label":" ","price":1.02},{"type":"B","date":"2018-04-13T02:44:43.000Z","volume":8000,"label":" ","price":1.02},{"type":"A","date":"2018-04-13T02:44:45.000Z","volume":26000,"label":" ","price":1.03},{"type":"A","date":"2018-04-13T02:44:46.000Z","volume":1000,"label":" ","price":1.03},{"type":"A","date":"2018-04-13T02:44:50.000Z","volume":1000,"label":" ","price":1.03},{"type":"B","date":"2018-04-13T02:45:08.000Z","volume":8000,"label":" ","price":1.02},{"type":"B","date":"2018-04-13T02:45:33.000Z","volume":8000,"label":" ","price":1.02},{"type":"B","date":"2018-04-13T02:45:44.000Z","volume":28000,"label":" ","price":1.02},{"type":"A","date":"2018-04-13T02:45:44.000Z","volume":2000,"label":" ","price":1.03},{"type":"B","date":"2018-04-13T02:45:58.000Z","volume":8000,"label":" ","price":1.02},{"type":"B","date":"2018-04-13T02:46:14.000Z","volume":12000,"label":" ","price":1.02},{"type":"B","date":"2018-04-13T02:46:23.000Z","volume":8000,"label":" ","price":1.02},{"type":"B","date":"2018-04-13T02:46:44.000Z","volume":27000,"label":" ","price":1.02},{"type":"A","date":"2018-04-13T02:46:46.000Z","volume":29000,"label":" ","price":1.03},{"type":"B","date":"2018-04-13T02:46:46.000Z","volume":8000,"label":" ","price":1.02},{"type":"B","date":"2018-04-13T02:47:13.000Z","volume":8000,"label":" ","price":1.02},{"type":"B","date":"2018-04-13T02:47:36.000Z","volume":8000,"label":" ","price":1.02},{"type":"B","date":"2018-04-13T02:47:52.000Z","volume":100000,"label":" ","price":1.02},{"type":"B","date":"2018-04-13T02:48:03.000Z","volume":8000,"label":" ","price":1.02},{"type":"B","date":"2018-04-13T02:48:08.000Z","volume":25000,"label":" ","price":1.02},{"type":"B","date":"2018-04-13T02:48:28.000Z","volume":8000,"label":" ","price":1.02},{"type":"A","date":"2018-04-13T02:48:46.000Z","volume":25000,"label":" ","price":1.03},{"type":"B","date":"2018-04-13T02:48:53.000Z","volume":8000,"label":" ","price":1.02},{"type":"B","date":"2018-04-13T02:49:14.000Z","volume":28000,"label":" ","price":1.02},{"type":"B","date":"2018-04-13T02:49:18.000Z","volume":8000,"label":" ","price":1.02},{"type":"B","date":"2018-04-13T02:49:23.000Z","volume":1000,"label":" ","price":1.02},{"type":"B","date":"2018-04-13T02:49:43.000Z","volume":8000,"label":" ","price":1.02},{"type":"B","date":"2018-04-13T02:50:08.000Z","volume":8000,"label":" ","price":1.02},{"type":"A","date":"2018-04-13T02:50:16.000Z","volume":21000,"label":" ","price":1.03},{"type":"B","date":"2018-04-13T02:50:16.000Z","volume":21000,"label":" ","price":1.02},{"type":"B","date":"2018-04-13T02:50:19.000Z","volume":10000,"label":" ","price":1.02},{"type":"B","date":"2018-04-13T02:50:33.000Z","volume":8000,"label":" ","price":1.02},{"type":"B","date":"2018-04-13T02:50:58.000Z","volume":8000,"label":" ","price":1.02},{"type":"B","date":"2018-04-13T02:51:14.000Z","volume":27000,"label":" ","price":1.02},{"type":"U","date":"2018-04-13T02:51:14.000Z","volume":24000,"label":"X","price":1.022},{"type":"U","date":"2018-04-13T02:51:14.000Z","volume":4000,"label":"X","price":1.022},{"type":"U","date":"2018-04-13T02:51:14.000Z","volume":3000,"label":"X","price":1.022},{"type":"U","date":"2018-04-13T02:51:14.000Z","volume":2000,"label":"X","price":1.022},{"type":"B","date":"2018-04-13T02:51:23.000Z","volume":8000,"label":" ","price":1.02},{"type":"B","date":"2018-04-13T02:51:25.000Z","volume":10000,"label":" ","price":1.02},{"type":"A","date":"2018-04-13T02:51:46.000Z","volume":24000,"label":" ","price":1.03},{"type":"B","date":"2018-04-13T02:51:47.000Z","volume":8000,"label":" ","price":1.02},{"type":"B","date":"2018-04-13T02:52:13.000Z","volume":8000,"label":" ","price":1.02},{"type":"B","date":"2018-04-13T02:52:38.000Z","volume":8000,"label":" ","price":1.02},{"type":"B","date":"2018-04-13T02:52:44.000Z","volume":27000,"label":" ","price":1.02},{"type":"B","date":"2018-04-13T02:53:03.000Z","volume":8000,"label":" ","price":1.02},{"type":"A","date":"2018-04-13T02:53:16.000Z","volume":20000,"label":" ","price":1.03},{"type":"B","date":"2018-04-13T02:53:28.000Z","volume":8000,"label":" ","price":1.02},{"type":"B","date":"2018-04-13T02:53:44.000Z","volume":28000,"label":" ","price":1.02},{"type":"B","date":"2018-04-13T02:53:53.000Z","volume":8000,"label":" ","price":1.02},{"type":"B","date":"2018-04-13T02:53:57.000Z","volume":19000,"label":"Y","price":1.02},{"type":"B","date":"2018-04-13T02:53:57.000Z","volume":12000,"label":" ","price":1.02},{"type":"A","date":"2018-04-13T02:54:16.000Z","volume":27000,"label":" ","price":1.03},{"type":"B","date":"2018-04-13T02:54:18.000Z","volume":8000,"label":" ","price":1.02},{"type":"B","date":"2018-04-13T02:54:43.000Z","volume":8000,"label":" ","price":1.02},{"type":"B","date":"2018-04-13T02:55:08.000Z","volume":8000,"label":" ","price":1.02},{"type":"B","date":"2018-04-13T02:55:14.000Z","volume":28000,"label":" ","price":1.02},{"type":"B","date":"2018-04-13T02:55:27.000Z","volume":1000,"label":" ","price":1.02},{"type":"B","date":"2018-04-13T02:55:33.000Z","volume":8000,"label":" ","price":1.02},{"type":"B","date":"2018-04-13T02:55:43.000Z","volume":12000,"label":" ","price":1.02},{"type":"B","date":"2018-04-13T02:55:58.000Z","volume":8000,"label":" ","price":1.02},{"type":"B","date":"2018-04-13T02:56:14.000Z","volume":29000,"label":" ","price":1.02},{"type":"U","date":"2018-04-13T02:56:14.000Z","volume":12000,"label":"X","price":1.022},{"type":"U","date":"2018-04-13T02:56:14.000Z","volume":2000,"label":"X","price":1.022},{"type":"U","date":"2018-04-13T02:56:14.000Z","volume":3000,"label":"X","price":1.022},{"type":"A","date":"2018-04-13T02:56:16.000Z","volume":20000,"label":" ","price":1.03},{"type":"B","date":"2018-04-13T02:56:23.000Z","volume":8000,"label":" ","price":1.02},{"type":"B","date":"2018-04-13T02:56:48.000Z","volume":8000,"label":" ","price":1.02},{"type":"B","date":"2018-04-13T02:57:13.000Z","volume":8000,"label":" ","price":1.02},{"type":"B","date":"2018-04-13T02:57:38.000Z","volume":8000,"label":" ","price":1.02},{"type":"B","date":"2018-04-13T02:57:44.000Z","volume":27000,"label":" ","price":1.02},{"type":"A","date":"2018-04-13T02:57:46.000Z","volume":21000,"label":" ","price":1.03},{"type":"A","date":"2018-04-13T02:57:57.000Z","volume":10000,"label":" ","price":1.03},{"type":"B","date":"2018-04-13T02:58:03.000Z","volume":8000,"label":" ","price":1.02},{"type":"A","date":"2018-04-13T02:58:11.000Z","volume":74000,"label":" ","price":1.03},{"type":"A","date":"2018-04-13T02:58:12.000Z","volume":25000,"label":" ","price":1.03},{"type":"U","date":"2018-04-13T02:58:12.000Z","volume":1000,"label":"X","price":1.03},{"type":"B","date":"2018-04-13T02:58:28.000Z","volume":8000,"label":" ","price":1.02},{"type":"B","date":"2018-04-13T02:58:53.000Z","volume":8000,"label":" ","price":1.02},{"type":"A","date":"2018-04-13T02:59:06.000Z","volume":1000,"label":" ","price":1.03},{"type":"B","date":"2018-04-13T02:59:14.000Z","volume":24000,"label":" ","price":1.02},{"type":"A","date":"2018-04-13T02:59:16.000Z","volume":24000,"label":" ","price":1.03},{"type":"B","date":"2018-04-13T02:59:18.000Z","volume":8000,"label":" ","price":1.02},{"type":"B","date":"2018-04-13T02:59:43.000Z","volume":8000,"label":" ","price":1.02},{"type":"B","date":"2018-04-13T02:59:52.000Z","volume":10000,"label":" ","price":1.02},{"type":"B","date":"2018-04-13T03:00:08.000Z","volume":8000,"label":" ","price":1.02},{"type":"B","date":"2018-04-13T03:00:14.000Z","volume":20000,"label":" ","price":1.02},{"type":"A","date":"2018-04-13T03:00:31.000Z","volume":202000,"label":" ","price":1.03},{"type":"B","date":"2018-04-13T03:00:33.000Z","volume":8000,"label":" ","price":1.02},{"type":"A","date":"2018-04-13T03:00:46.000Z","volume":20000,"label":" ","price":1.03},{"type":"B","date":"2018-04-13T03:00:58.000Z","volume":8000,"label":" ","price":1.02},{"type":"B","date":"2018-04-13T03:01:14.000Z","volume":29000,"label":" ","price":1.02},{"type":"B","date":"2018-04-13T03:01:23.000Z","volume":8000,"label":" ","price":1.02},{"type":"B","date":"2018-04-13T03:01:48.000Z","volume":8000,"label":" ","price":1.02},{"type":"B","date":"2018-04-13T03:01:51.000Z","volume":11000,"label":" ","price":1.02},{"type":"B","date":"2018-04-13T03:02:13.000Z","volume":8000,"label":" ","price":1.02},{"type":"A","date":"2018-04-13T03:02:16.000Z","volume":26000,"label":" ","price":1.03},{"type":"B","date":"2018-04-13T03:02:38.000Z","volume":8000,"label":" ","price":1.02},{"type":"B","date":"2018-04-13T03:02:44.000Z","volume":24000,"label":" ","price":1.02},{"type":"B","date":"2018-04-13T03:03:03.000Z","volume":8000,"label":" ","price":1.02},{"type":"B","date":"2018-04-13T03:03:33.000Z","volume":8000,"label":" ","price":1.02},{"type":"B","date":"2018-04-13T03:03:43.000Z","volume":26000,"label":" ","price":1.02},{"type":"B","date":"2018-04-13T03:03:58.000Z","volume":8000,"label":" ","price":1.02},{"type":"A","date":"2018-04-13T03:04:16.000Z","volume":26000,"label":" ","price":1.03},{"type":"B","date":"2018-04-13T03:04:23.000Z","volume":8000,"label":" ","price":1.02},{"type":"B","date":"2018-04-13T03:04:30.000Z","volume":10000,"label":" ","price":1.02},{"type":"A","date":"2018-04-13T03:04:38.000Z","volume":3000,"label":" ","price":1.03},{"type":"A","date":"2018-04-13T03:04:41.000Z","volume":85000,"label":" ","price":1.03},{"type":"B","date":"2018-04-13T03:04:44.000Z","volume":24000,"label":" ","price":1.02},{"type":"B","date":"2018-04-13T03:04:44.000Z","volume":8000,"label":" ","price":1.02},{"type":"A","date":"2018-04-13T03:04:44.000Z","volume":34000,"label":" ","price":1.03},{"type":"A","date":"2018-04-13T03:04:45.000Z","volume":40000,"label":" ","price":1.03},{"type":"A","date":"2018-04-13T03:04:47.000Z","volume":55000,"label":" ","price":1.03},{"type":"A","date":"2018-04-13T03:04:47.000Z","volume":29000,"label":" ","price":1.03},{"type":"B","date":"2018-04-13T03:05:13.000Z","volume":8000,"label":" ","price":1.02},{"type":"B","date":"2018-04-13T03:05:17.000Z","volume":13000,"label":" ","price":1.02},{"type":"B","date":"2018-04-13T03:05:22.000Z","volume":2000,"label":" ","price":1.02},{"type":"A","date":"2018-04-13T03:05:26.000Z","volume":27000,"label":" ","price":1.03},{"type":"A","date":"2018-04-13T03:05:33.000Z","volume":12000,"label":"Y","price":1.03},{"type":"A","date":"2018-04-13T03:05:33.000Z","volume":14000,"label":" ","price":1.03},{"type":"B","date":"2018-04-13T03:05:34.000Z","volume":3000,"label":" ","price":1.02},{"type":"B","date":"2018-04-13T03:05:34.000Z","volume":8000,"label":" ","price":1.02},{"type":"A","date":"2018-04-13T03:05:46.000Z","volume":496000,"label":" ","price":1.03},{"type":"A","date":"2018-04-13T03:05:46.000Z","volume":26000,"label":" ","price":1.03},{"type":"A","date":"2018-04-13T03:05:47.000Z","volume":22000,"label":" ","price":1.03},{"type":"A","date":"2018-04-13T03:05:47.000Z","volume":83000,"label":" ","price":1.03},{"type":"A","date":"2018-04-13T03:05:47.000Z","volume":47000,"label":" ","price":1.03},{"type":"A","date":"2018-04-13T03:05:48.000Z","volume":74000,"label":" ","price":1.03},{"type":"A","date":"2018-04-13T03:05:48.000Z","volume":20000,"label":" ","price":1.03},{"type":"B","date":"2018-04-13T03:06:03.000Z","volume":8000,"label":" ","price":1.02},{"type":"B","date":"2018-04-13T03:06:09.000Z","volume":24000,"label":" ","price":1.02},{"type":"U","date":"2018-04-13T03:06:14.000Z","volume":22000,"label":"X","price":1.028},{"type":"U","date":"2018-04-13T03:06:14.000Z","volume":4000,"label":"X","price":1.028},{"type":"U","date":"2018-04-13T03:06:14.000Z","volume":3000,"label":"X","price":1.028},{"type":"U","date":"2018-04-13T03:06:14.000Z","volume":2000,"label":"X","price":1.028},{"type":"B","date":"2018-04-13T03:06:28.000Z","volume":8000,"label":" ","price":1.02},{"type":"B","date":"2018-04-13T03:06:48.000Z","volume":10000,"label":" ","price":1.02},{"type":"B","date":"2018-04-13T03:06:53.000Z","volume":8000,"label":" ","price":1.02},{"type":"A","date":"2018-04-13T03:07:00.000Z","volume":8000,"label":" ","price":1.03},{"type":"A","date":"2018-04-13T03:07:14.000Z","volume":26000,"label":" ","price":1.03},{"type":"B","date":"2018-04-13T03:07:14.000Z","volume":24000,"label":" ","price":1.02},{"type":"B","date":"2018-04-13T03:07:14.000Z","volume":8000,"label":" ","price":1.02},{"type":"A","date":"2018-04-13T03:07:17.000Z","volume":21000,"label":" ","price":1.03},{"type":"B","date":"2018-04-13T03:07:28.000Z","volume":60000,"label":" ","price":1.02},{"type":"A","date":"2018-04-13T03:07:37.000Z","volume":1000,"label":" ","price":1.03},{"type":"B","date":"2018-04-13T03:07:41.000Z","volume":8000,"label":" ","price":1.02},{"type":"B","date":"2018-04-13T03:08:08.000Z","volume":8000,"label":" ","price":1.02},{"type":"U","date":"2018-04-13T03:08:14.000Z","volume":5000,"label":"X","price":1.023},{"type":"U","date":"2018-04-13T03:08:14.000Z","volume":1000,"label":"X","price":1.023},{"type":"U","date":"2018-04-13T03:08:14.000Z","volume":1000,"label":"X","price":1.023},{"type":"B","date":"2018-04-13T03:08:33.000Z","volume":8000,"label":" ","price":1.02},{"type":"B","date":"2018-04-13T03:08:44.000Z","volume":27000,"label":" ","price":1.02},{"type":"A","date":"2018-04-13T03:08:47.000Z","volume":29000,"label":" ","price":1.03},{"type":"B","date":"2018-04-13T03:08:58.000Z","volume":8000,"label":" ","price":1.02},{"type":"U","date":"2018-04-13T03:09:14.000Z","volume":2000,"label":"X","price":1.024},{"type":"U","date":"2018-04-13T03:09:14.000Z","volume":1000,"label":"X","price":1.024},{"type":"B","date":"2018-04-13T03:09:21.000Z","volume":45000,"label":" ","price":1.02},{"type":"B","date":"2018-04-13T03:09:21.000Z","volume":8000,"label":" ","price":1.02},{"type":"B","date":"2018-04-13T03:09:41.000Z","volume":100000,"label":" ","price":1.02},{"type":"B","date":"2018-04-13T03:09:44.000Z","volume":28000,"label":" ","price":1.02},{"type":"B","date":"2018-04-13T03:09:45.000Z","volume":8000,"label":" ","price":1.02},{"type":"B","date":"2018-04-13T03:10:13.000Z","volume":8000,"label":" ","price":1.02},{"type":"B","date":"2018-04-13T03:10:20.000Z","volume":16000,"label":" ","price":1.02},{"type":"A","date":"2018-04-13T03:10:36.000Z","volume":4000,"label":" ","price":1.03},{"type":"B","date":"2018-04-13T03:10:36.000Z","volume":8000,"label":" ","price":1.02},{"type":"B","date":"2018-04-13T03:10:51.000Z","volume":12000,"label":" ","price":1.02},{"type":"B","date":"2018-04-13T03:11:03.000Z","volume":8000,"label":" ","price":1.02},{"type":"A","date":"2018-04-13T03:11:07.000Z","volume":5000,"label":" ","price":1.03},{"type":"B","date":"2018-04-13T03:11:14.000Z","volume":28000,"label":" ","price":1.02},{"type":"A","date":"2018-04-13T03:11:17.000Z","volume":29000,"label":" ","price":1.03},{"type":"A","date":"2018-04-13T03:11:19.000Z","volume":20000,"label":" ","price":1.03},{"type":"B","date":"2018-04-13T03:11:27.000Z","volume":8000,"label":" ","price":1.02},{"type":"A","date":"2018-04-13T03:11:32.000Z","volume":4000,"label":" ","price":1.03},{"type":"B","date":"2018-04-13T03:11:53.000Z","volume":8000,"label":" ","price":1.02},{"type":"A","date":"2018-04-13T03:12:03.000Z","volume":1000,"label":" ","price":1.03},{"type":"B","date":"2018-04-13T03:12:12.000Z","volume":22000,"label":" ","price":1.02},{"type":"B","date":"2018-04-13T03:12:15.000Z","volume":37000,"label":" ","price":1.02},{"type":"B","date":"2018-04-13T03:12:15.000Z","volume":8000,"label":" ","price":1.02},{"type":"B","date":"2018-04-13T03:12:41.000Z","volume":8000,"label":" ","price":1.02},{"type":"B","date":"2018-04-13T03:12:44.000Z","volume":23000,"label":" ","price":1.02},{"type":"B","date":"2018-04-13T03:13:09.000Z","volume":8000,"label":" ","price":1.02},{"type":"A","date":"2018-04-13T03:13:17.000Z","volume":22000,"label":" ","price":1.03},{"type":"B","date":"2018-04-13T03:13:34.000Z","volume":8000,"label":" ","price":1.02},{"type":"B","date":"2018-04-13T03:13:45.000Z","volume":25000,"label":" ","price":1.02},{"type":"B","date":"2018-04-13T03:13:59.000Z","volume":8000,"label":" ","price":1.02},{"type":"B","date":"2018-04-13T03:14:11.000Z","volume":11000,"label":" ","price":1.02},{"type":"B","date":"2018-04-13T03:14:21.000Z","volume":38000,"label":" ","price":1.02},{"type":"B","date":"2018-04-13T03:14:21.000Z","volume":8000,"label":"Y","price":1.02},{"type":"A","date":"2018-04-13T03:14:36.000Z","volume":2000,"label":" ","price":1.03},{"type":"A","date":"2018-04-13T03:14:47.000Z","volume":20000,"label":" ","price":1.03},{"type":"B","date":"2018-04-13T03:14:47.000Z","volume":8000,"label":" ","price":1.02},{"type":"B","date":"2018-04-13T03:14:53.000Z","volume":40000,"label":" ","price":1.02},{"type":"B","date":"2018-04-13T03:15:14.000Z","volume":8000,"label":" ","price":1.02},{"type":"B","date":"2018-04-13T03:15:15.000Z","volume":20000,"label":"Y","price":1.02},{"type":"B","date":"2018-04-13T03:15:20.000Z","volume":1000,"label":" ","price":1.02},{"type":"B","date":"2018-04-13T03:15:21.000Z","volume":15000,"label":" ","price":1.02},{"type":"B","date":"2018-04-13T03:15:39.000Z","volume":8000,"label":" ","price":1.02},{"type":"B","date":"2018-04-13T03:16:04.000Z","volume":8000,"label":" ","price":1.02},{"type":"B","date":"2018-04-13T03:16:05.000Z","volume":20000,"label":" ","price":1.02},{"type":"B","date":"2018-04-13T03:16:15.000Z","volume":26000,"label":"Y","price":1.02},{"type":"B","date":"2018-04-13T03:16:29.000Z","volume":8000,"label":" ","price":1.02},{"type":"A","date":"2018-04-13T03:16:42.000Z","volume":20000,"label":" ","price":1.03},{"type":"B","date":"2018-04-13T03:16:54.000Z","volume":8000,"label":" ","price":1.02},{"type":"B","date":"2018-04-13T03:17:15.000Z","volume":21000,"label":"Y","price":1.02},{"type":"B","date":"2018-04-13T03:17:15.000Z","volume":8000,"label":" ","price":1.02},{"type":"B","date":"2018-04-13T03:17:26.000Z","volume":46000,"label":" ","price":1.02},{"type":"B","date":"2018-04-13T03:17:43.000Z","volume":8000,"label":" ","price":1.02},{"type":"A","date":"2018-04-13T03:17:47.000Z","volume":22000,"label":" ","price":1.03},{"type":"B","date":"2018-04-13T03:17:52.000Z","volume":9000,"label":" ","price":1.02},{"type":"A","date":"2018-04-13T03:18:04.000Z","volume":1000,"label":" ","price":1.03},{"type":"B","date":"2018-04-13T03:18:09.000Z","volume":8000,"label":" ","price":1.02},{"type":"B","date":"2018-04-13T03:18:18.000Z","volume":2000000,"label":" ","price":1.02},{"type":"B","date":"2018-04-13T03:18:18.000Z","volume":349000,"label":" ","price":1.02},{"type":"B","date":"2018-04-13T03:18:18.000Z","volume":300000,"label":" ","price":1.02},{"type":"B","date":"2018-04-13T03:18:18.000Z","volume":127000,"label":" ","price":1.02},{"type":"B","date":"2018-04-13T03:18:19.000Z","volume":502000,"label":" ","price":1.02},{"type":"B","date":"2018-04-13T03:18:21.000Z","volume":34000,"label":" ","price":1.02},{"type":"A","date":"2018-04-13T03:18:21.000Z","volume":22000,"label":" ","price":1.03},{"type":"B","date":"2018-04-13T03:18:22.000Z","volume":393000,"label":" ","price":1.02},{"type":"B","date":"2018-04-13T03:18:23.000Z","volume":300000,"label":" ","price":1.02},{"type":"B","date":"2018-04-13T03:18:23.000Z","volume":31000,"label":" ","price":1.02},{"type":"B","date":"2018-04-13T03:18:26.000Z","volume":60000,"label":" ","price":1.02},{"type":"B","date":"2018-04-13T03:18:34.000Z","volume":8000,"label":" ","price":1.02},{"type":"B","date":"2018-04-13T03:18:36.000Z","volume":28000,"label":" ","price":1.02},{"type":"B","date":"2018-04-13T03:18:36.000Z","volume":88000,"label":"Y","price":1.02},{"type":"B","date":"2018-04-13T03:18:36.000Z","volume":60000,"label":" ","price":1.02},{"type":"B","date":"2018-04-13T03:18:36.000Z","volume":66000,"label":" ","price":1.02},{"type":"B","date":"2018-04-13T03:18:36.000Z","volume":1000,"label":" ","price":1.02},{"type":"A","date":"2018-04-13T03:18:37.000Z","volume":80000,"label":" ","price":1.02},{"type":"A","date":"2018-04-13T03:18:37.000Z","volume":19000,"label":" ","price":1.02},{"type":"B","date":"2018-04-13T03:18:41.000Z","volume":23000,"label":" ","price":1.01},{"type":"B","date":"2018-04-13T03:18:57.000Z","volume":8000,"label":" ","price":1.01},{"type":"U","date":"2018-04-13T03:19:14.000Z","volume":21000,"label":"X","price":1.02},{"type":"U","date":"2018-04-13T03:19:14.000Z","volume":4000,"label":"X","price":1.02},{"type":"U","date":"2018-04-13T03:19:14.000Z","volume":3000,"label":"X","price":1.02},{"type":"U","date":"2018-04-13T03:19:14.000Z","volume":1000,"label":"X","price":1.02},{"type":"B","date":"2018-04-13T03:19:24.000Z","volume":8000,"label":" ","price":1.01},{"type":"A","date":"2018-04-13T03:19:47.000Z","volume":20000,"label":" ","price":1.02},{"type":"B","date":"2018-04-13T03:19:47.000Z","volume":8000,"label":" ","price":1.01},{"type":"B","date":"2018-04-13T03:20:14.000Z","volume":8000,"label":" ","price":1.01},{"type":"B","date":"2018-04-13T03:20:17.000Z","volume":32000,"label":" ","price":1.01},{"type":"B","date":"2018-04-13T03:20:39.000Z","volume":8000,"label":" ","price":1.01},{"type":"B","date":"2018-04-13T03:21:04.000Z","volume":8000,"label":" ","price":1.01},{"type":"B","date":"2018-04-13T03:21:09.000Z","volume":50000,"label":" ","price":1.01},{"type":"A","date":"2018-04-13T03:21:17.000Z","volume":20000,"label":" ","price":1.02},{"type":"A","date":"2018-04-13T03:21:26.000Z","volume":7000,"label":" ","price":1.02},{"type":"B","date":"2018-04-13T03:21:27.000Z","volume":8000,"label":" ","price":1.01},{"type":"B","date":"2018-04-13T03:21:54.000Z","volume":8000,"label":" ","price":1.01},{"type":"B","date":"2018-04-13T03:22:03.000Z","volume":28000,"label":" ","price":1.01},{"type":"B","date":"2018-04-13T03:22:19.000Z","volume":8000,"label":" ","price":1.01},{"type":"B","date":"2018-04-13T03:22:29.000Z","volume":30000,"label":" ","price":1.01},{"type":"A","date":"2018-04-13T03:22:39.000Z","volume":385000,"label":" ","price":1.02},{"type":"B","date":"2018-04-13T03:22:44.000Z","volume":8000,"label":" ","price":1.01},{"type":"B","date":"2018-04-13T03:23:09.000Z","volume":8000,"label":" ","price":1.01},{"type":"A","date":"2018-04-13T03:23:18.000Z","volume":50000,"label":" ","price":1.02},{"type":"B","date":"2018-04-13T03:23:33.000Z","volume":8000,"label":" ","price":1.01},{"type":"B","date":"2018-04-13T03:23:37.000Z","volume":5000,"label":" ","price":1.01},{"type":"B","date":"2018-04-13T03:23:57.000Z","volume":8000,"label":" ","price":1.01},{"type":"U","date":"2018-04-13T03:24:14.000Z","volume":9000,"label":"X","price":1.017},{"type":"U","date":"2018-04-13T03:24:14.000Z","volume":2000,"label":"X","price":1.017},{"type":"U","date":"2018-04-13T03:24:14.000Z","volume":1000,"label":"X","price":1.017},{"type":"U","date":"2018-04-13T03:24:14.000Z","volume":1000,"label":"X","price":1.017},{"type":"A","date":"2018-04-13T03:24:18.000Z","volume":23000,"label":" ","price":1.02},{"type":"A","date":"2018-04-13T03:24:24.000Z","volume":1000,"label":" ","price":1.02},{"type":"B","date":"2018-04-13T03:24:24.000Z","volume":8000,"label":" ","price":1.01},{"type":"B","date":"2018-04-13T03:24:45.000Z","volume":34000,"label":" ","price":1.01},{"type":"B","date":"2018-04-13T03:24:49.000Z","volume":8000,"label":" ","price":1.01},{"type":"B","date":"2018-04-13T03:25:14.000Z","volume":8000,"label":" ","price":1.01},{"type":"A","date":"2018-04-13T03:25:18.000Z","volume":20000,"label":" ","price":1.02},{"type":"B","date":"2018-04-13T03:25:25.000Z","volume":10000,"label":" ","price":1.01},{"type":"B","date":"2018-04-13T03:25:39.000Z","volume":8000,"label":" ","price":1.01},{"type":"B","date":"2018-04-13T03:26:04.000Z","volume":8000,"label":" ","price":1.01},{"type":"B","date":"2018-04-13T03:26:29.000Z","volume":8000,"label":" ","price":1.01},{"type":"B","date":"2018-04-13T03:26:43.000Z","volume":17000,"label":" ","price":1.01},{"type":"B","date":"2018-04-13T03:26:53.000Z","volume":8000,"label":" ","price":1.01},{"type":"B","date":"2018-04-13T03:27:19.000Z","volume":8000,"label":" ","price":1.01},{"type":"B","date":"2018-04-13T03:27:19.000Z","volume":49000,"label":" ","price":1.01},{"type":"B","date":"2018-04-13T03:27:43.000Z","volume":8000,"label":" ","price":1.01},{"type":"B","date":"2018-04-13T03:27:45.000Z","volume":20000,"label":" ","price":1.01},{"type":"A","date":"2018-04-13T03:27:48.000Z","volume":20000,"label":" ","price":1.02},{"type":"B","date":"2018-04-13T03:28:08.000Z","volume":8000,"label":" ","price":1.01},{"type":"B","date":"2018-04-13T03:28:32.000Z","volume":8000,"label":" ","price":1.01},{"type":"B","date":"2018-04-13T03:28:45.000Z","volume":26000,"label":" ","price":1.01},{"type":"A","date":"2018-04-13T03:28:48.000Z","volume":5000,"label":" ","price":1.02},{"type":"B","date":"2018-04-13T03:28:57.000Z","volume":8000,"label":" ","price":1.01},{"type":"A","date":"2018-04-13T03:29:02.000Z","volume":9000,"label":" ","price":1.02},{"type":"U","date":"2018-04-13T03:29:14.000Z","volume":10000,"label":"X","price":1.012},{"type":"U","date":"2018-04-13T03:29:14.000Z","volume":2000,"label":"X","price":1.012},{"type":"U","date":"2018-04-13T03:29:14.000Z","volume":2000,"label":"X","price":1.012},{"type":"U","date":"2018-04-13T03:29:14.000Z","volume":1000,"label":"X","price":1.012},{"type":"B","date":"2018-04-13T03:29:19.000Z","volume":32000,"label":" ","price":1.01},{"type":"A","date":"2018-04-13T03:29:23.000Z","volume":15000,"label":" ","price":1.02},{"type":"A","date":"2018-04-13T03:29:48.000Z","volume":23000,"label":" ","price":1.02},{"type":"B","date":"2018-04-13T03:29:48.000Z","volume":18000,"label":" ","price":1.01},{"type":"B","date":"2018-04-13T03:30:15.000Z","volume":26000,"label":" ","price":1.01},{"type":"B","date":"2018-04-13T03:30:15.000Z","volume":13000,"label":" ","price":1.01},{"type":"A","date":"2018-04-13T03:30:16.000Z","volume":1600000,"label":" ","price":1.02},{"type":"A","date":"2018-04-13T03:30:16.000Z","volume":2253000,"label":" ","price":1.02},{"type":"B","date":"2018-04-13T03:30:16.000Z","volume":48000,"label":" ","price":1.01},{"type":"A","date":"2018-04-13T03:30:17.000Z","volume":21000,"label":"Y","price":1.02},{"type":"A","date":"2018-04-13T03:30:17.000Z","volume":73000,"label":" ","price":1.02},{"type":"U","date":"2018-04-13T03:30:17.000Z","volume":5000,"label":"X","price":1.02},{"type":"A","date":"2018-04-13T03:30:18.000Z","volume":500000,"label":" ","price":1.02},{"type":"A","date":"2018-04-13T03:30:19.000Z","volume":249000,"label":" ","price":1.02},{"type":"B","date":"2018-04-13T03:30:19.000Z","volume":9000,"label":" ","price":1.02},{"type":"A","date":"2018-04-13T03:30:19.000Z","volume":25000,"label":" ","price":1.03},{"type":"U","date":"2018-04-13T03:30:19.000Z","volume":7000,"label":"X","price":1.03},{"type":"A","date":"2018-04-13T03:30:31.000Z","volume":27000,"label":" ","price":1.03},{"type":"A","date":"2018-04-13T03:30:39.000Z","volume":20000,"label":" ","price":1.03},{"type":"A","date":"2018-04-13T03:30:46.000Z","volume":25000,"label":" ","price":1.03},{"type":"A","date":"2018-04-13T03:31:05.000Z","volume":20000,"label":" ","price":1.03},{"type":"A","date":"2018-04-13T03:31:07.000Z","volume":21000,"label":" ","price":1.03},{"type":"A","date":"2018-04-13T03:32:30.000Z","volume":26000,"label":" ","price":1.03},{"type":"B","date":"2018-04-13T03:33:25.000Z","volume":66000,"label":" ","price":1.02},{"type":"A","date":"2018-04-13T03:33:59.000Z","volume":11000,"label":" ","price":1.03},{"type":"B","date":"2018-04-13T03:34:14.000Z","volume":8000,"label":" ","price":1.02},{"type":"B","date":"2018-04-13T03:34:41.000Z","volume":15000,"label":" ","price":1.02},{"type":"B","date":"2018-04-13T03:35:39.000Z","volume":8000,"label":" ","price":1.02},{"type":"B","date":"2018-04-13T03:36:06.000Z","volume":20000,"label":" ","price":1.02},{"type":"B","date":"2018-04-13T03:36:59.000Z","volume":8000,"label":" ","price":1.02},{"type":"A","date":"2018-04-13T03:37:20.000Z","volume":13000,"label":" ","price":1.03},{"type":"B","date":"2018-04-13T03:38:22.000Z","volume":8000,"label":" ","price":1.02},{"type":"B","date":"2018-04-13T03:38:55.000Z","volume":15000,"label":" ","price":1.02},{"type":"U","date":"2018-04-13T03:39:14.000Z","volume":17000,"label":"X","price":1.02},{"type":"U","date":"2018-04-13T03:39:14.000Z","volume":3000,"label":"X","price":1.02},{"type":"U","date":"2018-04-13T03:39:14.000Z","volume":2000,"label":"X","price":1.02},{"type":"U","date":"2018-04-13T03:39:14.000Z","volume":1000,"label":"X","price":1.02},{"type":"B","date":"2018-04-13T03:39:44.000Z","volume":8000,"label":" ","price":1.02},{"type":"B","date":"2018-04-13T03:39:46.000Z","volume":20000,"label":" ","price":1.02},{"type":"A","date":"2018-04-13T03:39:59.000Z","volume":30000,"label":" ","price":1.03},{"type":"A","date":"2018-04-13T03:40:24.000Z","volume":21000,"label":" ","price":1.03},{"type":"A","date":"2018-04-13T03:40:37.000Z","volume":13000,"label":" ","price":1.03},{"type":"A","date":"2018-04-13T03:40:52.000Z","volume":20000,"label":" ","price":1.03},{"type":"B","date":"2018-04-13T03:41:09.000Z","volume":8000,"label":" ","price":1.02},{"type":"B","date":"2018-04-13T03:42:29.000Z","volume":8000,"label":" ","price":1.02},{"type":"B","date":"2018-04-13T03:43:54.000Z","volume":8000,"label":" ","price":1.02},{"type":"U","date":"2018-04-13T03:44:14.000Z","volume":11000,"label":"X","price":1.026},{"type":"U","date":"2018-04-13T03:44:14.000Z","volume":8000,"label":"X","price":1.026},{"type":"U","date":"2018-04-13T03:44:14.000Z","volume":2000,"label":"X","price":1.026},{"type":"U","date":"2018-04-13T03:44:14.000Z","volume":1000,"label":"X","price":1.026},{"type":"A","date":"2018-04-13T03:45:14.000Z","volume":12000,"label":" ","price":1.03},{"type":"B","date":"2018-04-13T03:45:14.000Z","volume":8000,"label":" ","price":1.02},{"type":"B","date":"2018-04-13T03:46:34.000Z","volume":10000,"label":" ","price":1.02},{"type":"B","date":"2018-04-13T03:46:39.000Z","volume":8000,"label":" ","price":1.02},{"type":"B","date":"2018-04-13T03:47:59.000Z","volume":8000,"label":" ","price":1.02},{"type":"A","date":"2018-04-13T03:48:08.000Z","volume":11000,"label":" ","price":1.03},{"type":"U","date":"2018-04-13T03:49:14.000Z","volume":8000,"label":"X","price":1.024},{"type":"U","date":"2018-04-13T03:49:14.000Z","volume":3000,"label":"X","price":1.024},{"type":"U","date":"2018-04-13T03:49:14.000Z","volume":1000,"label":"X","price":1.024},{"type":"U","date":"2018-04-13T03:49:14.000Z","volume":1000,"label":"X","price":1.024},{"type":"U","date":"2018-04-13T03:49:14.000Z","volume":1000,"label":"X","price":1.024},{"type":"B","date":"2018-04-13T03:49:24.000Z","volume":8000,"label":" ","price":1.02},{"type":"B","date":"2018-04-13T03:50:40.000Z","volume":40000,"label":" ","price":1.02},{"type":"B","date":"2018-04-13T03:50:44.000Z","volume":8000,"label":" ","price":1.02},{"type":"B","date":"2018-04-13T03:52:07.000Z","volume":8000,"label":" ","price":1.02},{"type":"B","date":"2018-04-13T03:52:46.000Z","volume":23000,"label":"Y","price":1.02},{"type":"B","date":"2018-04-13T03:53:29.000Z","volume":8000,"label":" ","price":1.02},{"type":"U","date":"2018-04-13T03:54:14.000Z","volume":7000,"label":"X","price":1.02},{"type":"U","date":"2018-04-13T03:54:14.000Z","volume":4000,"label":"X","price":1.02},{"type":"U","date":"2018-04-13T03:54:14.000Z","volume":2000,"label":"X","price":1.02},{"type":"U","date":"2018-04-13T03:54:14.000Z","volume":1000,"label":"X","price":1.02},{"type":"A","date":"2018-04-13T03:54:14.000Z","volume":22000,"label":" ","price":1.03},{"type":"B","date":"2018-04-13T03:54:16.000Z","volume":21000,"label":"Y","price":1.02},{"type":"B","date":"2018-04-13T03:54:38.000Z","volume":60000,"label":" ","price":1.02},{"type":"B","date":"2018-04-13T03:54:55.000Z","volume":8000,"label":" ","price":1.02},{"type":"B","date":"2018-04-13T03:55:46.000Z","volume":21000,"label":"Y","price":1.02},{"type":"B","date":"2018-04-13T03:56:15.000Z","volume":8000,"label":" ","price":1.02},{"type":"B","date":"2018-04-13T03:57:16.000Z","volume":27000,"label":"Y","price":1.02},{"type":"B","date":"2018-04-13T03:57:40.000Z","volume":8000,"label":" ","price":1.02},{"type":"A","date":"2018-04-13T03:57:49.000Z","volume":21000,"label":" ","price":1.03},{"type":"B","date":"2018-04-13T03:58:59.000Z","volume":8000,"label":" ","price":1.02},{"type":"B","date":"2018-04-13T03:59:16.000Z","volume":11000,"label":"Y","price":1.02},{"type":"B","date":"2018-04-13T03:59:16.000Z","volume":11000,"label":" ","price":1.02},{"type":"A","date":"2018-04-13T03:59:22.000Z","volume":12000,"label":" ","price":1.03},{"type":"A","date":"2018-04-13T03:59:32.000Z","volume":13000,"label":" ","price":1.03},{"type":"A","date":"2018-04-13T03:59:41.000Z","volume":11000,"label":" ","price":1.03},{"type":"A","date":"2018-04-13T03:59:51.000Z","volume":11000,"label":" ","price":1.03},{"type":"A","date":"2018-04-13T05:00:00.000Z","volume":30000,"label":" ","price":1.03},{"type":"B","date":"2018-04-13T05:00:00.000Z","volume":80000,"label":" ","price":1.02},{"type":"A","date":"2018-04-13T05:00:01.000Z","volume":3000,"label":" ","price":1.03},{"type":"B","date":"2018-04-13T05:00:01.000Z","volume":6000,"label":" ","price":1.02},{"type":"A","date":"2018-04-13T05:00:03.000Z","volume":23000,"label":" ","price":1.03},{"type":"A","date":"2018-04-13T05:00:05.000Z","volume":120000,"label":" ","price":1.03},{"type":"A","date":"2018-04-13T05:00:23.000Z","volume":1000,"label":" ","price":1.03},{"type":"B","date":"2018-04-13T05:00:23.000Z","volume":8000,"label":" ","price":1.02},{"type":"A","date":"2018-04-13T05:00:28.000Z","volume":1000,"label":" ","price":1.03},{"type":"A","date":"2018-04-13T05:00:36.000Z","volume":1000,"label":" ","price":1.03},{"type":"A","date":"2018-04-13T05:00:45.000Z","volume":1000,"label":" ","price":1.03},{"type":"A","date":"2018-04-13T05:00:57.000Z","volume":1000,"label":" ","price":1.03},{"type":"A","date":"2018-04-13T05:01:04.000Z","volume":1000,"label":" ","price":1.03},{"type":"A","date":"2018-04-13T05:01:15.000Z","volume":1000,"label":" ","price":1.03},{"type":"A","date":"2018-04-13T05:01:28.000Z","volume":1000,"label":" ","price":1.03},{"type":"A","date":"2018-04-13T05:01:37.000Z","volume":1000,"label":" ","price":1.03},{"type":"B","date":"2018-04-13T05:01:46.000Z","volume":8000,"label":" ","price":1.02},{"type":"A","date":"2018-04-13T05:01:54.000Z","volume":1000,"label":" ","price":1.03},{"type":"A","date":"2018-04-13T05:02:01.000Z","volume":1000,"label":" ","price":1.03},{"type":"A","date":"2018-04-13T05:02:21.000Z","volume":25000,"label":" ","price":1.03},{"type":"A","date":"2018-04-13T05:03:02.000Z","volume":1000,"label":" ","price":1.03},{"type":"B","date":"2018-04-13T05:03:11.000Z","volume":8000,"label":" ","price":1.02},{"type":"A","date":"2018-04-13T05:04:21.000Z","volume":2000,"label":" ","price":1.03},{"type":"B","date":"2018-04-13T05:04:31.000Z","volume":8000,"label":" ","price":1.02},{"type":"B","date":"2018-04-13T05:05:56.000Z","volume":8000,"label":" ","price":1.02},{"type":"A","date":"2018-04-13T05:06:18.000Z","volume":3000,"label":" ","price":1.03},{"type":"A","date":"2018-04-13T05:06:39.000Z","volume":9000,"label":" ","price":1.03},{"type":"A","date":"2018-04-13T05:06:39.000Z","volume":9000,"label":" ","price":1.03},{"type":"A","date":"2018-04-13T05:06:39.000Z","volume":8000,"label":" ","price":1.03},{"type":"B","date":"2018-04-13T05:07:16.000Z","volume":8000,"label":" ","price":1.02},{"type":"B","date":"2018-04-13T05:08:04.000Z","volume":8000,"label":" ","price":1.02},{"type":"B","date":"2018-04-13T05:08:05.000Z","volume":1000,"label":" ","price":1.02},{"type":"B","date":"2018-04-13T05:08:41.000Z","volume":8000,"label":" ","price":1.02},{"type":"B","date":"2018-04-13T05:08:43.000Z","volume":10000,"label":" ","price":1.02},{"type":"B","date":"2018-04-13T05:08:55.000Z","volume":10000,"label":" ","price":1.02},{"type":"B","date":"2018-04-13T05:10:00.000Z","volume":8000,"label":" ","price":1.02},{"type":"A","date":"2018-04-13T05:10:13.000Z","volume":5000,"label":" ","price":1.03},{"type":"A","date":"2018-04-13T05:10:22.000Z","volume":251000,"label":" ","price":1.03},{"type":"B","date":"2018-04-13T05:11:26.000Z","volume":8000,"label":" ","price":1.02},{"type":"B","date":"2018-04-13T05:11:39.000Z","volume":9000,"label":" ","price":1.02},{"type":"B","date":"2018-04-13T05:12:46.000Z","volume":8000,"label":" ","price":1.02},{"type":"A","date":"2018-04-13T05:12:57.000Z","volume":10000,"label":" ","price":1.03},{"type":"A","date":"2018-04-13T05:13:14.000Z","volume":9000,"label":" ","price":1.03},{"type":"A","date":"2018-04-13T05:13:35.000Z","volume":10000,"label":" ","price":1.03},{"type":"A","date":"2018-04-13T05:13:47.000Z","volume":8000,"label":" ","price":1.03},{"type":"A","date":"2018-04-13T05:13:47.000Z","volume":11000,"label":" ","price":1.03},{"type":"B","date":"2018-04-13T05:14:07.000Z","volume":8000,"label":" ","price":1.02},{"type":"A","date":"2018-04-13T05:14:10.000Z","volume":10000,"label":" ","price":1.03},{"type":"B","date":"2018-04-13T05:14:32.000Z","volume":1000,"label":" ","price":1.02},{"type":"A","date":"2018-04-13T05:14:45.000Z","volume":9000,"label":" ","price":1.03},{"type":"B","date":"2018-04-13T05:15:06.000Z","volume":21000,"label":" ","price":1.02},{"type":"A","date":"2018-04-13T05:15:07.000Z","volume":9000,"label":" ","price":1.03},{"type":"A","date":"2018-04-13T05:15:10.000Z","volume":10000,"label":" ","price":1.03},{"type":"A","date":"2018-04-13T05:15:30.000Z","volume":9000,"label":" ","price":1.03},{"type":"B","date":"2018-04-13T05:15:30.000Z","volume":8000,"label":" ","price":1.02},{"type":"A","date":"2018-04-13T05:15:50.000Z","volume":9000,"label":" ","price":1.03},{"type":"B","date":"2018-04-13T05:16:06.000Z","volume":28000,"label":" ","price":1.02},{"type":"A","date":"2018-04-13T05:16:06.000Z","volume":9000,"label":" ","price":1.03},{"type":"A","date":"2018-04-13T05:16:10.000Z","volume":9000,"label":" ","price":1.03},{"type":"A","date":"2018-04-13T05:16:15.000Z","volume":12000,"label":" ","price":1.03},{"type":"A","date":"2018-04-13T05:16:29.000Z","volume":9000,"label":" ","price":1.03},{"type":"A","date":"2018-04-13T05:16:49.000Z","volume":9000,"label":" ","price":1.03},{"type":"A","date":"2018-04-13T05:16:49.000Z","volume":77000,"label":"Y","price":1.03},{"type":"A","date":"2018-04-13T05:16:49.000Z","volume":4000,"label":" ","price":1.03},{"type":"A","date":"2018-04-13T05:16:50.000Z","volume":70000,"label":" ","price":1.03},{"type":"A","date":"2018-04-13T05:16:50.000Z","volume":16000,"label":" ","price":1.03},{"type":"B","date":"2018-04-13T05:16:52.000Z","volume":8000,"label":" ","price":1.02},{"type":"A","date":"2018-04-13T05:16:54.000Z","volume":13000,"label":" ","price":1.03},{"type":"B","date":"2018-04-13T05:17:05.000Z","volume":40000,"label":" ","price":1.02},{"type":"A","date":"2018-04-13T05:17:05.000Z","volume":21000,"label":" ","price":1.03},{"type":"A","date":"2018-04-13T05:17:24.000Z","volume":9000,"label":" ","price":1.03},{"type":"B","date":"2018-04-13T05:17:36.000Z","volume":28000,"label":" ","price":1.02},{"type":"A","date":"2018-04-13T05:17:44.000Z","volume":9000,"label":" ","price":1.03},{"type":"A","date":"2018-04-13T05:17:50.000Z","volume":9000,"label":" ","price":1.03},{"type":"A","date":"2018-04-13T05:17:55.000Z","volume":9000,"label":" ","price":1.03},{"type":"A","date":"2018-04-13T05:17:58.000Z","volume":10000,"label":" ","price":1.03},{"type":"A","date":"2018-04-13T05:18:04.000Z","volume":9000,"label":" ","price":1.03},{"type":"B","date":"2018-04-13T05:18:16.000Z","volume":8000,"label":" ","price":1.02},{"type":"A","date":"2018-04-13T05:18:24.000Z","volume":9000,"label":" ","price":1.03},{"type":"A","date":"2018-04-13T05:18:50.000Z","volume":9000,"label":" ","price":1.03},{"type":"B","date":"2018-04-13T05:18:52.000Z","volume":10000,"label":" ","price":1.02},{"type":"A","date":"2018-04-13T05:19:00.000Z","volume":9000,"label":" ","price":1.03},{"type":"A","date":"2018-04-13T05:19:05.000Z","volume":61000,"label":" ","price":1.03},{"type":"B","date":"2018-04-13T05:19:06.000Z","volume":29000,"label":" ","price":1.02},{"type":"A","date":"2018-04-13T05:19:08.000Z","volume":55000,"label":" ","price":1.03},{"type":"A","date":"2018-04-13T05:19:08.000Z","volume":43000,"label":" ","price":1.03},{"type":"A","date":"2018-04-13T05:19:28.000Z","volume":9000,"label":" ","price":1.03},{"type":"A","date":"2018-04-13T05:19:40.000Z","volume":9000,"label":" ","price":1.03},{"type":"B","date":"2018-04-13T05:19:40.000Z","volume":8000,"label":" ","price":1.02},{"type":"A","date":"2018-04-13T05:19:41.000Z","volume":3000,"label":" ","price":1.03},{"type":"A","date":"2018-04-13T05:20:00.000Z","volume":9000,"label":" ","price":1.03},{"type":"A","date":"2018-04-13T05:20:06.000Z","volume":9000,"label":" ","price":1.03},{"type":"A","date":"2018-04-13T05:20:25.000Z","volume":9000,"label":" ","price":1.03},{"type":"A","date":"2018-04-13T05:20:39.000Z","volume":74000,"label":" ","price":1.03},{"type":"A","date":"2018-04-13T05:20:47.000Z","volume":9000,"label":" ","price":1.03},{"type":"B","date":"2018-04-13T05:21:01.000Z","volume":8000,"label":" ","price":1.02},{"type":"B","date":"2018-04-13T05:21:06.000Z","volume":25000,"label":" ","price":1.02},{"type":"A","date":"2018-04-13T05:21:07.000Z","volume":61000,"label":" ","price":1.03},{"type":"A","date":"2018-04-13T05:21:13.000Z","volume":65000,"label":" ","price":1.03},{"type":"A","date":"2018-04-13T05:21:25.000Z","volume":9000,"label":" ","price":1.03},{"type":"A","date":"2018-04-13T05:21:26.000Z","volume":9000,"label":" ","price":1.03},{"type":"A","date":"2018-04-13T05:21:55.000Z","volume":10000,"label":" ","price":1.03},{"type":"B","date":"2018-04-13T05:21:58.000Z","volume":9000,"label":" ","price":1.02},{"type":"A","date":"2018-04-13T05:22:19.000Z","volume":9000,"label":" ","price":1.03},{"type":"B","date":"2018-04-13T05:22:26.000Z","volume":8000,"label":" ","price":1.02},{"type":"A","date":"2018-04-13T05:22:34.000Z","volume":9000,"label":" ","price":1.03},{"type":"B","date":"2018-04-13T05:22:36.000Z","volume":27000,"label":" ","price":1.02},{"type":"A","date":"2018-04-13T05:22:52.000Z","volume":21000,"label":" ","price":1.03},{"type":"A","date":"2018-04-13T05:23:14.000Z","volume":10000,"label":" ","price":1.03},{"type":"A","date":"2018-04-13T05:23:15.000Z","volume":61000,"label":" ","price":1.03},{"type":"A","date":"2018-04-13T05:23:18.000Z","volume":19000,"label":" ","price":1.03},{"type":"A","date":"2018-04-13T05:23:20.000Z","volume":10000,"label":" ","price":1.03},{"type":"A","date":"2018-04-13T05:23:34.000Z","volume":10000,"label":" ","price":1.03},{"type":"A","date":"2018-04-13T05:23:35.000Z","volume":3000,"label":" ","price":1.03},{"type":"B","date":"2018-04-13T05:23:46.000Z","volume":8000,"label":" ","price":1.02},{"type":"A","date":"2018-04-13T05:23:48.000Z","volume":11000,"label":" ","price":1.03},{"type":"B","date":"2018-04-13T05:24:06.000Z","volume":26000,"label":" ","price":1.02},{"type":"A","date":"2018-04-13T05:24:20.000Z","volume":11000,"label":" ","price":1.03},{"type":"A","date":"2018-04-13T05:24:54.000Z","volume":10000,"label":" ","price":1.03},{"type":"A","date":"2018-04-13T05:25:00.000Z","volume":10000,"label":" ","price":1.03},{"type":"B","date":"2018-04-13T05:25:11.000Z","volume":8000,"label":" ","price":1.02},{"type":"A","date":"2018-04-13T05:25:19.000Z","volume":10000,"label":" ","price":1.03},{"type":"A","date":"2018-04-13T05:25:20.000Z","volume":61000,"label":" ","price":1.03},{"type":"A","date":"2018-04-13T05:25:22.000Z","volume":28000,"label":" ","price":1.03},{"type":"A","date":"2018-04-13T05:25:23.000Z","volume":11000,"label":" ","price":1.03},{"type":"B","date":"2018-04-13T05:25:36.000Z","volume":20000,"label":" ","price":1.02},{"type":"A","date":"2018-04-13T05:25:39.000Z","volume":10000,"label":" ","price":1.03},{"type":"A","date":"2018-04-13T05:25:42.000Z","volume":10000,"label":" ","price":1.03},{"type":"A","date":"2018-04-13T05:26:01.000Z","volume":10000,"label":" ","price":1.03},{"type":"A","date":"2018-04-13T05:26:21.000Z","volume":10000,"label":" ","price":1.03},{"type":"A","date":"2018-04-13T05:26:28.000Z","volume":10000,"label":" ","price":1.03},{"type":"A","date":"2018-04-13T05:26:36.000Z","volume":10000,"label":" ","price":1.03},{"type":"B","date":"2018-04-13T05:26:36.000Z","volume":10000,"label":" ","price":1.02},{"type":"A","date":"2018-04-13T05:26:36.000Z","volume":45000,"label":" ","price":1.03},{"type":"A","date":"2018-04-13T05:26:41.000Z","volume":3000,"label":" ","price":1.03},{"type":"A","date":"2018-04-13T05:26:51.000Z","volume":10000,"label":" ","price":1.03},{"type":"A","date":"2018-04-13T05:26:56.000Z","volume":10000,"label":" ","price":1.03},{"type":"B","date":"2018-04-13T05:27:06.000Z","volume":28000,"label":" ","price":1.02},{"type":"A","date":"2018-04-13T05:27:08.000Z","volume":40000,"label":" ","price":1.03},{"type":"A","date":"2018-04-13T05:27:15.000Z","volume":10000,"label":" ","price":1.03},{"type":"A","date":"2018-04-13T05:27:27.000Z","volume":61000,"label":" ","price":1.03},{"type":"B","date":"2018-04-13T05:27:28.000Z","volume":8000,"label":" ","price":1.02},{"type":"A","date":"2018-04-13T05:27:29.000Z","volume":14000,"label":" ","price":1.03},{"type":"A","date":"2018-04-13T05:27:29.000Z","volume":11000,"label":" ","price":1.03},{"type":"B","date":"2018-04-13T05:27:30.000Z","volume":9000,"label":" ","price":1.02},{"type":"A","date":"2018-04-13T05:27:49.000Z","volume":10000,"label":" ","price":1.03},{"type":"A","date":"2018-04-13T05:28:09.000Z","volume":10000,"label":" ","price":1.03},{"type":"B","date":"2018-04-13T05:28:09.000Z","volume":8000,"label":" ","price":1.02},{"type":"A","date":"2018-04-13T05:28:28.000Z","volume":10000,"label":" ","price":1.03},{"type":"A","date":"2018-04-13T05:28:48.000Z","volume":10000,"label":" ","price":1.03},{"type":"A","date":"2018-04-13T05:28:54.000Z","volume":10000,"label":" ","price":1.03},{"type":"B","date":"2018-04-13T05:29:06.000Z","volume":29000,"label":" ","price":1.02},{"type":"A","date":"2018-04-13T05:29:20.000Z","volume":10000,"label":" ","price":1.03},{"type":"A","date":"2018-04-13T05:29:23.000Z","volume":24000,"label":" ","price":1.03},{"type":"B","date":"2018-04-13T05:29:23.000Z","volume":8000,"label":" ","price":1.02},{"type":"A","date":"2018-04-13T05:29:27.000Z","volume":11000,"label":" ","price":1.03},{"type":"A","date":"2018-04-13T05:29:40.000Z","volume":10000,"label":" ","price":1.03},{"type":"A","date":"2018-04-13T05:29:41.000Z","volume":61000,"label":" ","price":1.03},{"type":"A","date":"2018-04-13T05:29:41.000Z","volume":3000,"label":"Y","price":1.03},{"type":"A","date":"2018-04-13T05:29:51.000Z","volume":10000,"label":"Y","price":1.03},{"type":"B","date":"2018-04-13T05:30:07.000Z","volume":30000,"label":" ","price":1.02},{"type":"A","date":"2018-04-13T05:30:08.000Z","volume":10000,"label":"Y","price":1.03},{"type":"A","date":"2018-04-13T05:30:36.000Z","volume":11000,"label":"Y","price":1.03},{"type":"B","date":"2018-04-13T05:30:39.000Z","volume":13000,"label":" ","price":1.02},{"type":"A","date":"2018-04-13T05:31:03.000Z","volume":100000,"label":" ","price":1.03},{"type":"B","date":"2018-04-13T05:31:06.000Z","volume":21000,"label":" ","price":1.02},{"type":"A","date":"2018-04-13T05:31:09.000Z","volume":11000,"label":" ","price":1.03},{"type":"A","date":"2018-04-13T05:31:31.000Z","volume":10000,"label":" ","price":1.03},{"type":"A","date":"2018-04-13T05:31:53.000Z","volume":61000,"label":" ","price":1.03},{"type":"B","date":"2018-04-13T05:32:36.000Z","volume":22000,"label":" ","price":1.02},{"type":"A","date":"2018-04-13T05:32:53.000Z","volume":29000,"label":" ","price":1.03},{"type":"A","date":"2018-04-13T05:32:56.000Z","volume":11000,"label":" ","price":1.03},{"type":"A","date":"2018-04-13T05:33:25.000Z","volume":12000,"label":"Y","price":1.03},{"type":"A","date":"2018-04-13T05:33:58.000Z","volume":13000,"label":" ","price":1.03},{"type":"A","date":"2018-04-13T05:34:07.000Z","volume":3000,"label":"Y","price":1.03},{"type":"A","date":"2018-04-13T05:34:25.000Z","volume":61000,"label":" ","price":1.03},{"type":"B","date":"2018-04-13T05:34:26.000Z","volume":1000,"label":" ","price":1.02},{"type":"A","date":"2018-04-13T05:34:33.000Z","volume":13000,"label":" ","price":1.03},{"type":"B","date":"2018-04-13T05:34:37.000Z","volume":28000,"label":" ","price":1.02},{"type":"A","date":"2018-04-13T05:34:38.000Z","volume":18000,"label":"Y","price":1.03},{"type":"A","date":"2018-04-13T05:34:38.000Z","volume":55000,"label":" ","price":1.03},{"type":"A","date":"2018-04-13T05:34:39.000Z","volume":6000,"label":"Y","price":1.03},{"type":"A","date":"2018-04-13T05:34:39.000Z","volume":20000,"label":" ","price":1.03},{"type":"B","date":"2018-04-13T05:36:07.000Z","volume":20000,"label":" ","price":1.02},{"type":"A","date":"2018-04-13T05:36:21.000Z","volume":11000,"label":" ","price":1.03},{"type":"A","date":"2018-04-13T05:36:37.000Z","volume":14000,"label":" ","price":1.03},{"type":"A","date":"2018-04-13T05:37:00.000Z","volume":61000,"label":" ","price":1.03},{"type":"A","date":"2018-04-13T05:37:03.000Z","volume":26000,"label":" ","price":1.03},{"type":"A","date":"2018-04-13T05:37:23.000Z","volume":29000,"label":" ","price":1.03},{"type":"A","date":"2018-04-13T05:37:26.000Z","volume":25000,"label":" ","price":1.03},{"type":"A","date":"2018-04-13T05:37:26.000Z","volume":3000,"label":" ","price":1.03},{"type":"B","date":"2018-04-13T05:37:37.000Z","volume":21000,"label":" ","price":1.02},{"type":"A","date":"2018-04-13T05:38:01.000Z","volume":2000,"label":" ","price":1.03},{"type":"A","date":"2018-04-13T05:38:27.000Z","volume":14000,"label":" ","price":1.03},{"type":"B","date":"2018-04-13T05:39:07.000Z","volume":20000,"label":" ","price":1.02},{"type":"B","date":"2018-04-13T05:39:19.000Z","volume":2000,"label":" ","price":1.02},{"type":"A","date":"2018-04-13T05:39:20.000Z","volume":1000,"label":"Y","price":1.03},{"type":"A","date":"2018-04-13T05:39:20.000Z","volume":60000,"label":" ","price":1.03},{"type":"A","date":"2018-04-13T05:39:31.000Z","volume":11000,"label":" ","price":1.03},{"type":"B","date":"2018-04-13T05:39:53.000Z","volume":3000,"label":" ","price":1.02},{"type":"B","date":"2018-04-13T05:40:37.000Z","volume":21000,"label":" ","price":1.02},{"type":"A","date":"2018-04-13T05:40:43.000Z","volume":12000,"label":"Y","price":1.03},{"type":"A","date":"2018-04-13T05:41:23.000Z","volume":28000,"label":" ","price":1.03},{"type":"B","date":"2018-04-13T05:41:37.000Z","volume":20000,"label":" ","price":1.02},{"type":"B","date":"2018-04-13T05:41:53.000Z","volume":2000,"label":" ","price":1.02},{"type":"A","date":"2018-04-13T05:41:54.000Z","volume":61000,"label":" ","price":1.03},{"type":"U","date":"2018-04-13T05:42:02.000Z","volume":1000,"label":"X","price":1.028},{"type":"U","date":"2018-04-13T05:42:02.000Z","volume":1000,"label":"X","price":1.028},{"type":"U","date":"2018-04-13T05:42:02.000Z","volume":1000,"label":"X","price":1.028},{"type":"U","date":"2018-04-13T05:42:02.000Z","volume":1000,"label":"X","price":1.028},{"type":"A","date":"2018-04-13T05:42:20.000Z","volume":12000,"label":" ","price":1.03},{"type":"B","date":"2018-04-13T05:43:07.000Z","volume":21000,"label":" ","price":1.02},{"type":"B","date":"2018-04-13T05:43:14.000Z","volume":100000,"label":" ","price":1.02},{"type":"A","date":"2018-04-13T05:43:53.000Z","volume":24000,"label":" ","price":1.03},{"type":"A","date":"2018-04-13T05:44:30.000Z","volume":61000,"label":" ","price":1.03},{"type":"B","date":"2018-04-13T05:44:37.000Z","volume":24000,"label":" ","price":1.02},{"type":"B","date":"2018-04-13T05:44:48.000Z","volume":20000,"label":" ","price":1.02},{"type":"B","date":"2018-04-13T05:45:35.000Z","volume":5000,"label":" ","price":1.02},{"type":"B","date":"2018-04-13T05:45:47.000Z","volume":10000,"label":" ","price":1.02},{"type":"B","date":"2018-04-13T05:46:07.000Z","volume":26000,"label":" ","price":1.02},{"type":"A","date":"2018-04-13T05:46:24.000Z","volume":27000,"label":" ","price":1.03},{"type":"A","date":"2018-04-13T05:46:24.000Z","volume":10000,"label":" ","price":1.03},{"type":"A","date":"2018-04-13T05:46:49.000Z","volume":61000,"label":" ","price":1.03},{"type":"U","date":"2018-04-13T05:47:02.000Z","volume":10000,"label":"X","price":1.025},{"type":"U","date":"2018-04-13T05:47:02.000Z","volume":5000,"label":"X","price":1.025},{"type":"U","date":"2018-04-13T05:47:02.000Z","volume":2000,"label":"X","price":1.025},{"type":"U","date":"2018-04-13T05:47:02.000Z","volume":1000,"label":"X","price":1.025},{"type":"U","date":"2018-04-13T05:47:02.000Z","volume":1000,"label":"X","price":1.025},{"type":"B","date":"2018-04-13T05:48:07.000Z","volume":22000,"label":" ","price":1.02},{"type":"A","date":"2018-04-13T05:48:54.000Z","volume":27000,"label":" ","price":1.03},{"type":"A","date":"2018-04-13T05:49:07.000Z","volume":61000,"label":" ","price":1.03},{"type":"B","date":"2018-04-13T05:49:37.000Z","volume":25000,"label":" ","price":1.02},{"type":"A","date":"2018-04-13T05:49:42.000Z","volume":10000,"label":" ","price":1.03},{"type":"B","date":"2018-04-13T05:51:07.000Z","volume":23000,"label":" ","price":1.02},{"type":"A","date":"2018-04-13T05:51:24.000Z","volume":26000,"label":" ","price":1.03},{"type":"A","date":"2018-04-13T05:51:26.000Z","volume":61000,"label":" ","price":1.03},{"type":"A","date":"2018-04-13T05:52:28.000Z","volume":11000,"label":" ","price":1.03},{"type":"B","date":"2018-04-13T05:52:37.000Z","volume":28000,"label":" ","price":1.02},{"type":"A","date":"2018-04-13T05:53:54.000Z","volume":27000,"label":" ","price":1.03},{"type":"A","date":"2018-04-13T05:53:54.000Z","volume":61000,"label":" ","price":1.03},{"type":"B","date":"2018-04-13T05:54:37.000Z","volume":25000,"label":" ","price":1.02},{"type":"B","date":"2018-04-13T05:55:07.000Z","volume":1000,"label":" ","price":1.02},{"type":"A","date":"2018-04-13T05:55:15.000Z","volume":11000,"label":" ","price":1.03},{"type":"B","date":"2018-04-13T05:56:07.000Z","volume":20000,"label":" ","price":1.02},{"type":"A","date":"2018-04-13T05:56:20.000Z","volume":61000,"label":" ","price":1.03},{"type":"A","date":"2018-04-13T05:56:22.000Z","volume":74000,"label":" ","price":1.03},{"type":"A","date":"2018-04-13T05:56:24.000Z","volume":28000,"label":" ","price":1.03},{"type":"U","date":"2018-04-13T05:57:02.000Z","volume":18000,"label":"X","price":1.028},{"type":"U","date":"2018-04-13T05:57:02.000Z","volume":8000,"label":"X","price":1.028},{"type":"U","date":"2018-04-13T05:57:02.000Z","volume":3000,"label":"X","price":1.028},{"type":"U","date":"2018-04-13T05:57:02.000Z","volume":2000,"label":"X","price":1.028},{"type":"U","date":"2018-04-13T05:57:02.000Z","volume":1000,"label":"X","price":1.028},{"type":"B","date":"2018-04-13T05:57:21.000Z","volume":5000,"label":" ","price":1.02},{"type":"B","date":"2018-04-13T05:57:37.000Z","volume":22000,"label":" ","price":1.02},{"type":"A","date":"2018-04-13T05:57:57.000Z","volume":27000,"label":" ","price":1.03},{"type":"A","date":"2018-04-13T05:58:35.000Z","volume":12000,"label":" ","price":1.03},{"type":"A","date":"2018-04-13T05:58:54.000Z","volume":3000,"label":" ","price":1.03},{"type":"A","date":"2018-04-13T05:58:54.000Z","volume":61000,"label":" ","price":1.03},{"type":"A","date":"2018-04-13T05:58:54.000Z","volume":22000,"label":" ","price":1.03},{"type":"U","date":"2018-04-13T05:59:02.000Z","volume":4000,"label":"X","price":1.028},{"type":"U","date":"2018-04-13T05:59:02.000Z","volume":2000,"label":"X","price":1.028},{"type":"U","date":"2018-04-13T05:59:02.000Z","volume":1000,"label":"X","price":1.028},{"type":"U","date":"2018-04-13T05:59:02.000Z","volume":1000,"label":"X","price":1.028},{"type":"B","date":"2018-04-13T05:59:07.000Z","volume":27000,"label":" ","price":1.02},{"type":"A","date":"2018-04-13T05:59:10.000Z","volume":27000,"label":" ","price":1.03},{"type":"A","date":"2018-04-13T05:59:56.000Z","volume":300000,"label":" ","price":1.03},{"type":"A","date":"2018-04-13T06:00:18.000Z","volume":11000,"label":"Y","price":1.03},{"type":"A","date":"2018-04-13T06:00:18.000Z","volume":17000,"label":" ","price":1.03},{"type":"B","date":"2018-04-13T06:00:37.000Z","volume":25000,"label":" ","price":1.02},{"type":"A","date":"2018-04-13T06:00:42.000Z","volume":25000,"label":"Y","price":1.03},{"type":"A","date":"2018-04-13T06:00:42.000Z","volume":7000,"label":" ","price":1.03},{"type":"A","date":"2018-04-13T06:00:46.000Z","volume":30000,"label":" ","price":1.03},{"type":"A","date":"2018-04-13T06:00:54.000Z","volume":20000,"label":" ","price":1.03},{"type":"A","date":"2018-04-13T06:00:56.000Z","volume":46000,"label":" ","price":1.03},{"type":"A","date":"2018-04-13T06:01:13.000Z","volume":61000,"label":"Y","price":1.03},{"type":"A","date":"2018-04-13T06:01:13.000Z","volume":10000,"label":" ","price":1.03},{"type":"A","date":"2018-04-13T06:01:21.000Z","volume":12000,"label":" ","price":1.03},{"type":"A","date":"2018-04-13T06:01:32.000Z","volume":1000,"label":" ","price":1.03},{"type":"A","date":"2018-04-13T06:01:43.000Z","volume":31000,"label":" ","price":1.03},{"type":"B","date":"2018-04-13T06:01:51.000Z","volume":10000,"label":" ","price":1.02},{"type":"B","date":"2018-04-13T06:02:07.000Z","volume":21000,"label":" ","price":1.02},{"type":"A","date":"2018-04-13T06:02:14.000Z","volume":30000,"label":" ","price":1.03},{"type":"A","date":"2018-04-13T06:02:14.000Z","volume":3000,"label":" ","price":1.03},{"type":"A","date":"2018-04-13T06:02:54.000Z","volume":27000,"label":" ","price":1.03},{"type":"A","date":"2018-04-13T06:03:23.000Z","volume":28000,"label":" ","price":1.03},{"type":"A","date":"2018-04-13T06:03:33.000Z","volume":48000,"label":"Y","price":1.03},{"type":"A","date":"2018-04-13T06:03:33.000Z","volume":13000,"label":" ","price":1.03},{"type":"B","date":"2018-04-13T06:03:38.000Z","volume":25000,"label":" ","price":1.02},{"type":"A","date":"2018-04-13T06:03:55.000Z","volume":29000,"label":" ","price":1.03},{"type":"U","date":"2018-04-13T06:04:02.000Z","volume":10000,"label":"X","price":1.029},{"type":"U","date":"2018-04-13T06:04:02.000Z","volume":4000,"label":"X","price":1.029},{"type":"U","date":"2018-04-13T06:04:02.000Z","volume":2000,"label":"X","price":1.029},{"type":"U","date":"2018-04-13T06:04:02.000Z","volume":1000,"label":"X","price":1.029},{"type":"U","date":"2018-04-13T06:04:02.000Z","volume":2000,"label":"X","price":1.029},{"type":"A","date":"2018-04-13T06:04:32.000Z","volume":20000,"label":" ","price":1.03},{"type":"A","date":"2018-04-13T06:04:33.000Z","volume":13000,"label":" ","price":1.03},{"type":"A","date":"2018-04-13T06:04:37.000Z","volume":28000,"label":" ","price":1.03},{"type":"U","date":"2018-04-13T06:05:02.000Z","volume":2000,"label":"X","price":1.03},{"type":"U","date":"2018-04-13T06:05:02.000Z","volume":1000,"label":"X","price":1.03},{"type":"U","date":"2018-04-13T06:05:02.000Z","volume":1000,"label":"X","price":1.03},{"type":"A","date":"2018-04-13T06:05:02.000Z","volume":28000,"label":" ","price":1.03},{"type":"A","date":"2018-04-13T06:05:25.000Z","volume":27000,"label":"Y","price":1.03},{"type":"A","date":"2018-04-13T06:05:36.000Z","volume":3000,"label":" ","price":1.03},{"type":"A","date":"2018-04-13T06:05:51.000Z","volume":29000,"label":" ","price":1.03},{"type":"A","date":"2018-04-13T06:05:51.000Z","volume":61000,"label":" ","price":1.03},{"type":"A","date":"2018-04-13T06:05:52.000Z","volume":21000,"label":" ","price":1.03},{"type":"A","date":"2018-04-13T06:06:38.000Z","volume":15000,"label":" ","price":1.03},{"type":"A","date":"2018-04-13T06:06:43.000Z","volume":27000,"label":" ","price":1.03},{"type":"A","date":"2018-04-13T06:06:56.000Z","volume":27000,"label":" ","price":1.03},{"type":"A","date":"2018-04-13T06:07:05.000Z","volume":10000,"label":" ","price":1.03},{"type":"A","date":"2018-04-13T06:07:16.000Z","volume":13000,"label":" ","price":1.03},{"type":"A","date":"2018-04-13T06:07:32.000Z","volume":29000,"label":" ","price":1.03},{"type":"A","date":"2018-04-13T06:07:55.000Z","volume":27000,"label":" ","price":1.03},{"type":"A","date":"2018-04-13T06:08:11.000Z","volume":61000,"label":" ","price":1.03},{"type":"A","date":"2018-04-13T06:08:12.000Z","volume":32000,"label":" ","price":1.03},{"type":"A","date":"2018-04-13T06:09:01.000Z","volume":29000,"label":" ","price":1.03},{"type":"A","date":"2018-04-13T06:09:37.000Z","volume":27000,"label":" ","price":1.03},{"type":"A","date":"2018-04-13T06:09:38.000Z","volume":33000,"label":" ","price":1.03},{"type":"A","date":"2018-04-13T06:09:48.000Z","volume":9000,"label":" ","price":1.03},{"type":"A","date":"2018-04-13T06:10:05.000Z","volume":3000,"label":" ","price":1.03},{"type":"B","date":"2018-04-13T06:10:16.000Z","volume":1000,"label":" ","price":1.02},{"type":"A","date":"2018-04-13T06:10:18.000Z","volume":14000,"label":" ","price":1.03},{"type":"A","date":"2018-04-13T06:10:25.000Z","volume":20000,"label":"Y","price":1.03},{"type":"A","date":"2018-04-13T06:10:27.000Z","volume":25000,"label":" ","price":1.03},{"type":"B","date":"2018-04-13T06:10:32.000Z","volume":16000,"label":" ","price":1.02},{"type":"A","date":"2018-04-13T06:10:32.000Z","volume":61000,"label":" ","price":1.03},{"type":"B","date":"2018-04-13T06:10:47.000Z","volume":3000,"label":" ","price":1.02},{"type":"A","date":"2018-04-13T06:11:03.000Z","volume":3000,"label":" ","price":1.03},{"type":"A","date":"2018-04-13T06:11:17.000Z","volume":8000,"label":"Y","price":1.03},{"type":"A","date":"2018-04-13T06:11:17.000Z","volume":19000,"label":" ","price":1.03},{"type":"A","date":"2018-04-13T06:11:22.000Z","volume":27000,"label":"Y","price":1.03},{"type":"A","date":"2018-04-13T06:11:49.000Z","volume":2000,"label":"Y","price":1.03},{"type":"A","date":"2018-04-13T06:11:49.000Z","volume":23000,"label":" ","price":1.03},{"type":"A","date":"2018-04-13T06:11:55.000Z","volume":26000,"label":" ","price":1.03},{"type":"A","date":"2018-04-13T06:12:21.000Z","volume":26000,"label":" ","price":1.03},{"type":"A","date":"2018-04-13T06:12:27.000Z","volume":10000,"label":" ","price":1.03},{"type":"A","date":"2018-04-13T06:13:00.000Z","volume":61000,"label":" ","price":1.03},{"type":"A","date":"2018-04-13T06:13:07.000Z","volume":1000,"label":" ","price":1.03},{"type":"A","date":"2018-04-13T06:13:11.000Z","volume":26000,"label":" ","price":1.03},{"type":"A","date":"2018-04-13T06:13:20.000Z","volume":25000,"label":" ","price":1.03},{"type":"A","date":"2018-04-13T06:13:21.000Z","volume":56000,"label":" ","price":1.03},{"type":"A","date":"2018-04-13T06:13:24.000Z","volume":28000,"label":" ","price":1.03},{"type":"A","date":"2018-04-13T06:13:26.000Z","volume":14000,"label":" ","price":1.03},{"type":"B","date":"2018-04-13T06:13:43.000Z","volume":100000,"label":" ","price":1.02},{"type":"A","date":"2018-04-13T06:14:24.000Z","volume":3000,"label":" ","price":1.03},{"type":"A","date":"2018-04-13T06:14:25.000Z","volume":27000,"label":" ","price":1.03},{"type":"A","date":"2018-04-13T06:14:49.000Z","volume":28000,"label":" ","price":1.03},{"type":"U","date":"2018-04-13T06:15:02.000Z","volume":19000,"label":"X","price":1.029},{"type":"U","date":"2018-04-13T06:15:02.000Z","volume":9000,"label":"X","price":1.029},{"type":"U","date":"2018-04-13T06:15:02.000Z","volume":3000,"label":"X","price":1.029},{"type":"U","date":"2018-04-13T06:15:02.000Z","volume":1000,"label":"X","price":1.029},{"type":"U","date":"2018-04-13T06:15:02.000Z","volume":2000,"label":"X","price":1.029},{"type":"A","date":"2018-04-13T06:15:28.000Z","volume":61000,"label":" ","price":1.03},{"type":"A","date":"2018-04-13T06:15:35.000Z","volume":28000,"label":" ","price":1.03},{"type":"A","date":"2018-04-13T06:16:25.000Z","volume":20000,"label":" ","price":1.03},{"type":"A","date":"2018-04-13T06:16:27.000Z","volume":29000,"label":" ","price":1.03},{"type":"A","date":"2018-04-13T06:16:42.000Z","volume":14000,"label":" ","price":1.03},{"type":"U","date":"2018-04-13T06:17:02.000Z","volume":4000,"label":"X","price":1.03},{"type":"U","date":"2018-04-13T06:17:02.000Z","volume":2000,"label":"X","price":1.03},{"type":"U","date":"2018-04-13T06:17:02.000Z","volume":1000,"label":"X","price":1.03},{"type":"U","date":"2018-04-13T06:17:02.000Z","volume":1000,"label":"X","price":1.03},{"type":"B","date":"2018-04-13T06:17:38.000Z","volume":26000,"label":" ","price":1.02},{"type":"B","date":"2018-04-13T06:17:39.000Z","volume":11000,"label":" ","price":1.02},{"type":"A","date":"2018-04-13T06:18:00.000Z","volume":61000,"label":" ","price":1.03},{"type":"A","date":"2018-04-13T06:18:00.000Z","volume":5000,"label":"Y","price":1.03},{"type":"A","date":"2018-04-13T06:18:00.000Z","volume":26000,"label":" ","price":1.03},{"type":"A","date":"2018-04-13T06:18:08.000Z","volume":27000,"label":" ","price":1.03},{"type":"A","date":"2018-04-13T06:18:25.000Z","volume":20000,"label":" ","price":1.03},{"type":"A","date":"2018-04-13T06:18:35.000Z","volume":10000,"label":" ","price":1.03},{"type":"U","date":"2018-04-13T06:19:02.000Z","volume":4000,"label":"X","price":1.028},{"type":"U","date":"2018-04-13T06:19:02.000Z","volume":2000,"label":"X","price":1.028},{"type":"U","date":"2018-04-13T06:19:02.000Z","volume":1000,"label":"X","price":1.028},{"type":"U","date":"2018-04-13T06:19:02.000Z","volume":1000,"label":"X","price":1.028},{"type":"B","date":"2018-04-13T06:19:08.000Z","volume":22000,"label":" ","price":1.02},{"type":"A","date":"2018-04-13T06:19:44.000Z","volume":14000,"label":" ","price":1.03},{"type":"A","date":"2018-04-13T06:19:55.000Z","volume":25000,"label":" ","price":1.03},{"type":"A","date":"2018-04-13T06:19:56.000Z","volume":27000,"label":" ","price":1.03},{"type":"B","date":"2018-04-13T06:20:08.000Z","volume":27000,"label":" ","price":1.02},{"type":"B","date":"2018-04-13T06:20:17.000Z","volume":1000,"label":" ","price":1.02},{"type":"A","date":"2018-04-13T06:20:30.000Z","volume":61000,"label":"Y","price":1.03},{"type":"B","date":"2018-04-13T06:20:40.000Z","volume":12000,"label":" ","price":1.02},{"type":"A","date":"2018-04-13T06:20:51.000Z","volume":3000,"label":" ","price":1.03},{"type":"A","date":"2018-04-13T06:20:56.000Z","volume":28000,"label":" ","price":1.03},{"type":"A","date":"2018-04-13T06:21:09.000Z","volume":8000,"label":" ","price":1.03},{"type":"B","date":"2018-04-13T06:21:34.000Z","volume":35000,"label":" ","price":1.02},{"type":"A","date":"2018-04-13T06:21:44.000Z","volume":25000,"label":" ","price":1.03},{"type":"A","date":"2018-04-13T06:22:03.000Z","volume":25000,"label":" ","price":1.03},{"type":"B","date":"2018-04-13T06:22:08.000Z","volume":25000,"label":" ","price":1.02},{"type":"A","date":"2018-04-13T06:22:25.000Z","volume":29000,"label":" ","price":1.03},{"type":"A","date":"2018-04-13T06:22:56.000Z","volume":30000,"label":"Y","price":1.03},{"type":"A","date":"2018-04-13T06:22:56.000Z","volume":31000,"label":" ","price":1.03},{"type":"A","date":"2018-04-13T06:23:17.000Z","volume":4000,"label":"Y","price":1.03},{"type":"A","date":"2018-04-13T06:23:17.000Z","volume":21000,"label":" ","price":1.03},{"type":"B","date":"2018-04-13T06:23:38.000Z","volume":29000,"label":" ","price":1.02},{"type":"A","date":"2018-04-13T06:23:57.000Z","volume":26000,"label":" ","price":1.03},{"type":"A","date":"2018-04-13T06:24:16.000Z","volume":74000,"label":" ","price":1.03},{"type":"A","date":"2018-04-13T06:24:23.000Z","volume":25000,"label":" ","price":1.03},{"type":"A","date":"2018-04-13T06:24:56.000Z","volume":28000,"label":" ","price":1.03},{"type":"A","date":"2018-04-13T06:24:56.000Z","volume":5000,"label":" ","price":1.03},{"type":"A","date":"2018-04-13T06:24:59.000Z","volume":25000,"label":" ","price":1.03},{"type":"B","date":"2018-04-13T06:25:08.000Z","volume":27000,"label":" ","price":1.02},{"type":"A","date":"2018-04-13T06:25:10.000Z","volume":24000,"label":" ","price":1.03},{"type":"A","date":"2018-04-13T06:25:16.000Z","volume":61000,"label":" ","price":1.03},{"type":"A","date":"2018-04-13T06:25:40.000Z","volume":13000,"label":" ","price":1.03},{"type":"A","date":"2018-04-13T06:25:44.000Z","volume":10000,"label":" ","price":1.03},{"type":"A","date":"2018-04-13T06:26:17.000Z","volume":26000,"label":" ","price":1.03},{"type":"A","date":"2018-04-13T06:26:25.000Z","volume":13000,"label":" ","price":1.03},{"type":"A","date":"2018-04-13T06:27:03.000Z","volume":8000,"label":"Y","price":1.03},{"type":"A","date":"2018-04-13T06:27:03.000Z","volume":17000,"label":" ","price":1.03},{"type":"A","date":"2018-04-13T06:27:07.000Z","volume":23000,"label":"Y","price":1.03},{"type":"B","date":"2018-04-13T06:27:08.000Z","volume":22000,"label":" ","price":1.02},{"type":"A","date":"2018-04-13T06:27:26.000Z","volume":29000,"label":" ","price":1.03},{"type":"A","date":"2018-04-13T06:27:50.000Z","volume":24000,"label":"Y","price":1.03},{"type":"A","date":"2018-04-13T06:27:51.000Z","volume":61000,"label":" ","price":1.03},{"type":"A","date":"2018-04-13T06:28:03.000Z","volume":10000,"label":" ","price":1.03},{"type":"A","date":"2018-04-13T06:28:08.000Z","volume":29000,"label":" ","price":1.03},{"type":"B","date":"2018-04-13T06:28:08.000Z","volume":24000,"label":" ","price":1.02},{"type":"A","date":"2018-04-13T06:28:09.000Z","volume":3000,"label":" ","price":1.03},{"type":"A","date":"2018-04-13T06:28:17.000Z","volume":3000,"label":" ","price":1.03},{"type":"A","date":"2018-04-13T06:28:30.000Z","volume":3000,"label":"Y","price":1.03},{"type":"U","date":"2018-04-13T06:29:02.000Z","volume":19000,"label":"X","price":1.028},{"type":"U","date":"2018-04-13T06:29:02.000Z","volume":8000,"label":"X","price":1.028},{"type":"U","date":"2018-04-13T06:29:02.000Z","volume":4000,"label":"X","price":1.028},{"type":"U","date":"2018-04-13T06:29:02.000Z","volume":2000,"label":"X","price":1.028},{"type":"U","date":"2018-04-13T06:29:02.000Z","volume":1000,"label":"X","price":1.028},{"type":"B","date":"2018-04-13T06:29:22.000Z","volume":10000,"label":" ","price":1.02},{"type":"B","date":"2018-04-13T06:29:38.000Z","volume":29000,"label":" ","price":1.02},{"type":"A","date":"2018-04-13T06:29:46.000Z","volume":14000,"label":" ","price":1.03},{"type":"B","date":"2018-04-13T06:29:49.000Z","volume":10000,"label":" ","price":1.02},{"type":"A","date":"2018-04-13T06:29:56.000Z","volume":26000,"label":" ","price":1.03},{"type":"A","date":"2018-04-13T06:30:16.000Z","volume":61000,"label":" ","price":1.03},{"type":"A","date":"2018-04-13T06:30:18.000Z","volume":39000,"label":" ","price":1.03},{"type":"A","date":"2018-04-13T06:30:19.000Z","volume":46000,"label":" ","price":1.03},{"type":"A","date":"2018-04-13T06:30:20.000Z","volume":120000,"label":" ","price":1.03},{"type":"A","date":"2018-04-13T06:30:22.000Z","volume":28000,"label":" ","price":1.03},{"type":"A","date":"2018-04-13T06:30:22.000Z","volume":24000,"label":"Y","price":1.03},{"type":"A","date":"2018-04-13T06:30:22.000Z","volume":47000,"label":" ","price":1.03},{"type":"A","date":"2018-04-13T06:30:27.000Z","volume":3000,"label":"Y","price":1.03},{"type":"U","date":"2018-04-13T06:31:02.000Z","volume":4000,"label":"X","price":1.029},{"type":"U","date":"2018-04-13T06:31:02.000Z","volume":2000,"label":"X","price":1.029},{"type":"U","date":"2018-04-13T06:31:02.000Z","volume":1000,"label":"X","price":1.029},{"type":"U","date":"2018-04-13T06:31:02.000Z","volume":1000,"label":"X","price":1.029},{"type":"A","date":"2018-04-13T06:31:04.000Z","volume":21000,"label":"Y","price":1.03},{"type":"A","date":"2018-04-13T06:31:04.000Z","volume":22000,"label":"Y","price":1.03},{"type":"B","date":"2018-04-13T06:31:39.000Z","volume":28000,"label":" ","price":1.02},{"type":"A","date":"2018-04-13T06:31:56.000Z","volume":25000,"label":" ","price":1.03},{"type":"A","date":"2018-04-13T06:32:50.000Z","volume":61000,"label":" ","price":1.03},{"type":"B","date":"2018-04-13T06:33:09.000Z","volume":22000,"label":" ","price":1.02},{"type":"A","date":"2018-04-13T06:33:14.000Z","volume":21000,"label":" ","price":1.03},{"type":"A","date":"2018-04-13T06:33:15.000Z","volume":14000,"label":" ","price":1.03},{"type":"A","date":"2018-04-13T06:34:07.000Z","volume":20000,"label":" ","price":1.03},{"type":"A","date":"2018-04-13T06:34:20.000Z","volume":9000,"label":" ","price":1.03},{"type":"A","date":"2018-04-13T06:34:26.000Z","volume":20000,"label":" ","price":1.03},{"type":"B","date":"2018-04-13T06:34:39.000Z","volume":22000,"label":" ","price":1.02},{"type":"A","date":"2018-04-13T06:35:11.000Z","volume":20000,"label":" ","price":1.03},{"type":"A","date":"2018-04-13T06:35:11.000Z","volume":61000,"label":" ","price":1.03},{"type":"A","date":"2018-04-13T06:35:15.000Z","volume":23000,"label":" ","price":1.03},{"type":"A","date":"2018-04-13T06:35:33.000Z","volume":3000,"label":" ","price":1.03},{"type":"A","date":"2018-04-13T06:35:56.000Z","volume":26000,"label":" ","price":1.03},{"type":"A","date":"2018-04-13T06:36:00.000Z","volume":20000,"label":" ","price":1.03},{"type":"U","date":"2018-04-13T06:36:02.000Z","volume":2000,"label":"X","price":1.028},{"type":"U","date":"2018-04-13T06:36:02.000Z","volume":10000,"label":"X","price":1.028},{"type":"U","date":"2018-04-13T06:36:02.000Z","volume":5000,"label":"X","price":1.028},{"type":"U","date":"2018-04-13T06:36:02.000Z","volume":2000,"label":"X","price":1.028},{"type":"B","date":"2018-04-13T06:36:09.000Z","volume":22000,"label":" ","price":1.02},{"type":"A","date":"2018-04-13T06:36:43.000Z","volume":13000,"label":" ","price":1.03},{"type":"A","date":"2018-04-13T06:36:55.000Z","volume":20000,"label":" ","price":1.03},{"type":"A","date":"2018-04-13T06:37:01.000Z","volume":28000,"label":" ","price":1.03},{"type":"B","date":"2018-04-13T06:37:09.000Z","volume":23000,"label":" ","price":1.02},{"type":"A","date":"2018-04-13T06:37:31.000Z","volume":61000,"label":" ","price":1.03},{"type":"A","date":"2018-04-13T06:37:37.000Z","volume":19000,"label":" ","price":1.03},{"type":"A","date":"2018-04-13T06:37:47.000Z","volume":20000,"label":" ","price":1.03},{"type":"U","date":"2018-04-13T06:38:02.000Z","volume":4000,"label":"X","price":1.028},{"type":"U","date":"2018-04-13T06:38:02.000Z","volume":2000,"label":"X","price":1.028},{"type":"U","date":"2018-04-13T06:38:02.000Z","volume":1000,"label":"X","price":1.028},{"type":"U","date":"2018-04-13T06:38:02.000Z","volume":1000,"label":"X","price":1.028},{"type":"A","date":"2018-04-13T06:38:26.000Z","volume":20000,"label":" ","price":1.03},{"type":"A","date":"2018-04-13T06:38:32.000Z","volume":19000,"label":" ","price":1.03},{"type":"B","date":"2018-04-13T06:38:39.000Z","volume":28000,"label":" ","price":1.02},{"type":"A","date":"2018-04-13T06:39:01.000Z","volume":19000,"label":" ","price":1.03}