[{"type":"U","date":"2018-04-06T01:20:00.000Z","volume":76500,"label":"U","price":4.91},{"type":"B","date":"2018-04-06T01:30:00.000Z","volume":5000,"label":" ","price":4.91},{"type":"B","date":"2018-04-06T01:30:00.000Z","volume":10500,"label":" ","price":4.91},{"type":"B","date":"2018-04-06T01:30:07.000Z","volume":500,"label":"Y","price":4.88},{"type":"A","date":"2018-04-06T01:30:07.000Z","volume":500,"label":" ","price":4.88},{"type":"A","date":"2018-04-06T01:30:17.000Z","volume":1500,"label":" ","price":4.87},{"type":"A","date":"2018-04-06T01:30:17.000Z","volume":12000,"label":" ","price":4.88},{"type":"B","date":"2018-04-06T01:30:40.000Z","volume":5500,"label":" ","price":4.88},{"type":"B","date":"2018-04-06T01:30:41.000Z","volume":500,"label":" ","price":4.88},{"type":"B","date":"2018-04-06T01:30:50.000Z","volume":500,"label":" ","price":4.88},{"type":"B","date":"2018-04-06T01:31:20.000Z","volume":1500,"label":"Y","price":4.88},{"type":"B","date":"2018-04-06T01:31:20.000Z","volume":500,"label":" ","price":4.88},{"type":"B","date":"2018-04-06T01:31:20.000Z","volume":500,"label":" ","price":4.88},{"type":"B","date":"2018-04-06T01:32:11.000Z","volume":500,"label":" ","price":4.86},{"type":"B","date":"2018-04-06T01:32:12.000Z","volume":1000,"label":" ","price":4.86},{"type":"B","date":"2018-04-06T01:32:19.000Z","volume":500,"label":" ","price":4.85},{"type":"A","date":"2018-04-06T01:35:33.000Z","volume":2000,"label":" ","price":4.82},{"type":"B","date":"2018-04-06T01:35:54.000Z","volume":4500,"label":" ","price":4.8},{"type":"B","date":"2018-04-06T01:36:04.000Z","volume":5500,"label":" ","price":4.78},{"type":"A","date":"2018-04-06T01:36:06.000Z","volume":10000,"label":" ","price":4.79},{"type":"A","date":"2018-04-06T01:36:06.000Z","volume":8000,"label":" ","price":4.8},{"type":"A","date":"2018-04-06T01:36:06.000Z","volume":2000,"label":" ","price":4.82},{"type":"B","date":"2018-04-06T01:36:20.000Z","volume":500,"label":" ","price":4.76},{"type":"B","date":"2018-04-06T01:36:20.000Z","volume":500,"label":" ","price":4.76},{"type":"A","date":"2018-04-06T01:36:21.000Z","volume":2000,"label":" ","price":4.76},{"type":"A","date":"2018-04-06T01:36:41.000Z","volume":500,"label":" ","price":4.78},{"type":"A","date":"2018-04-06T01:36:41.000Z","volume":500,"label":" ","price":4.78},{"type":"B","date":"2018-04-06T01:37:05.000Z","volume":5000,"label":" ","price":4.76},{"type":"B","date":"2018-04-06T01:37:05.000Z","volume":7000,"label":" ","price":4.76},{"type":"B","date":"2018-04-06T01:37:06.000Z","volume":500,"label":" ","price":4.75},{"type":"A","date":"2018-04-06T01:37:07.000Z","volume":7000,"label":" ","price":4.76},{"type":"B","date":"2018-04-06T01:37:30.000Z","volume":5000,"label":" ","price":4.75},{"type":"A","date":"2018-04-06T01:38:00.000Z","volume":10000,"label":" ","price":4.76},{"type":"B","date":"2018-04-06T01:38:04.000Z","volume":4500,"label":" ","price":4.75},{"type":"B","date":"2018-04-06T01:38:04.000Z","volume":1000,"label":" ","price":4.75},{"type":"A","date":"2018-04-06T01:39:13.000Z","volume":48500,"label":" ","price":4.75},{"type":"B","date":"2018-04-06T01:39:16.000Z","volume":500,"label":" ","price":4.75},{"type":"A","date":"2018-04-06T01:39:37.000Z","volume":20000,"label":" ","price":4.76},{"type":"B","date":"2018-04-06T01:39:57.000Z","volume":5000,"label":" ","price":4.75},{"type":"A","date":"2018-04-06T01:40:02.000Z","volume":3000,"label":" ","price":4.75},{"type":"A","date":"2018-04-06T01:40:02.000Z","volume":9500,"label":" ","price":4.76},{"type":"A","date":"2018-04-06T01:40:02.000Z","volume":17500,"label":" ","price":4.77},{"type":"A","date":"2018-04-06T01:40:17.000Z","volume":10000,"label":" ","price":4.8},{"type":"U","date":"2018-04-06T01:40:34.000Z","volume":1000,"label":" ","price":4.77},{"type":"B","date":"2018-04-06T01:41:15.000Z","volume":3500,"label":" ","price":4.76},{"type":"B","date":"2018-04-06T01:41:17.000Z","volume":1500,"label":" ","price":4.76},{"type":"B","date":"2018-04-06T01:41:20.000Z","volume":2000,"label":"Y","price":4.76},{"type":"B","date":"2018-04-06T01:41:20.000Z","volume":500,"label":" ","price":4.76},{"type":"B","date":"2018-04-06T01:41:52.000Z","volume":500,"label":" ","price":4.75},{"type":"B","date":"2018-04-06T01:41:52.000Z","volume":1000,"label":" ","price":4.75},{"type":"A","date":"2018-04-06T01:42:20.000Z","volume":500,"label":" ","price":4.78},{"type":"A","date":"2018-04-06T01:45:07.000Z","volume":1000,"label":" ","price":4.77},{"type":"A","date":"2018-04-06T01:45:20.000Z","volume":500,"label":" ","price":4.76},{"type":"B","date":"2018-04-06T01:45:25.000Z","volume":3500,"label":" ","price":4.75},{"type":"B","date":"2018-04-06T01:45:25.000Z","volume":500,"label":" ","price":4.75},{"type":"A","date":"2018-04-06T01:46:39.000Z","volume":134000,"label":" ","price":4.76},{"type":"A","date":"2018-04-06T01:46:39.000Z","volume":500,"label":" ","price":4.76},{"type":"B","date":"2018-04-06T01:46:41.000Z","volume":17000,"label":" ","price":4.75},{"type":"B","date":"2018-04-06T01:46:41.000Z","volume":500,"label":" ","price":4.74},{"type":"B","date":"2018-04-06T01:47:05.000Z","volume":9000,"label":" ","price":4.73},{"type":"A","date":"2018-04-06T01:47:05.000Z","volume":9500,"label":" ","price":4.73},{"type":"A","date":"2018-04-06T01:47:05.000Z","volume":1000,"label":" ","price":4.74},{"type":"B","date":"2018-04-06T01:47:05.000Z","volume":9500,"label":" ","price":4.74},{"type":"A","date":"2018-04-06T01:49:10.000Z","volume":30000,"label":" ","price":4.75},{"type":"A","date":"2018-04-06T01:49:58.000Z","volume":1500,"label":" ","price":4.76},{"type":"A","date":"2018-04-06T01:52:58.000Z","volume":2500,"label":" ","price":4.76},{"type":"A","date":"2018-04-06T01:55:12.000Z","volume":500,"label":" ","price":4.76},{"type":"A","date":"2018-04-06T01:55:48.000Z","volume":1000,"label":" ","price":4.76},{"type":"A","date":"2018-04-06T01:57:54.000Z","volume":2000,"label":" ","price":4.76},{"type":"A","date":"2018-04-06T01:58:40.000Z","volume":1000,"label":" ","price":4.76},{"type":"A","date":"2018-04-06T01:58:50.000Z","volume":500,"label":" ","price":4.76},{"type":"A","date":"2018-04-06T01:58:50.000Z","volume":500,"label":" ","price":4.76},{"type":"A","date":"2018-04-06T01:59:39.000Z","volume":2500,"label":" ","price":4.76},{"type":"B","date":"2018-04-06T02:00:17.000Z","volume":70000,"label":" ","price":4.75},{"type":"B","date":"2018-04-06T02:00:17.000Z","volume":4500,"label":" ","price":4.75},{"type":"B","date":"2018-04-06T02:00:17.000Z","volume":2500,"label":" ","price":4.75},{"type":"B","date":"2018-04-06T02:00:18.000Z","volume":6000,"label":" ","price":4.75},{"type":"U","date":"2018-04-06T02:00:18.000Z","volume":500,"label":" ","price":4.75},{"type":"B","date":"2018-04-06T02:00:20.000Z","volume":3000,"label":" ","price":4.75},{"type":"B","date":"2018-04-06T02:00:20.000Z","volume":500,"label":"Y","price":4.75},{"type":"B","date":"2018-04-06T02:00:20.000Z","volume":500,"label":" ","price":4.75},{"type":"B","date":"2018-04-06T02:00:22.000Z","volume":17500,"label":" ","price":4.74},{"type":"B","date":"2018-04-06T02:00:24.000Z","volume":4000,"label":" ","price":4.74},{"type":"B","date":"2018-04-06T02:00:35.000Z","volume":2000,"label":" ","price":4.73},{"type":"B","date":"2018-04-06T02:00:35.000Z","volume":2000,"label":"Y","price":4.73},{"type":"B","date":"2018-04-06T02:00:35.000Z","volume":500,"label":" ","price":4.73},{"type":"B","date":"2018-04-06T02:02:52.000Z","volume":2000,"label":" ","price":4.72},{"type":"B","date":"2018-04-06T02:02:52.000Z","volume":1500,"label":" ","price":4.72},{"type":"B","date":"2018-04-06T02:02:52.000Z","volume":2500,"label":" ","price":4.71},{"type":"B","date":"2018-04-06T02:03:05.000Z","volume":1000,"label":" ","price":4.71},{"type":"B","date":"2018-04-06T02:03:05.000Z","volume":2500,"label":" ","price":4.71},{"type":"B","date":"2018-04-06T02:03:10.000Z","volume":4500,"label":" ","price":4.71},{"type":"A","date":"2018-04-06T02:03:14.000Z","volume":20000,"label":" ","price":4.71},{"type":"A","date":"2018-04-06T02:04:11.000Z","volume":5000,"label":" ","price":4.71},{"type":"A","date":"2018-04-06T02:04:12.000Z","volume":500,"label":" ","price":4.71},{"type":"A","date":"2018-04-06T02:04:22.000Z","volume":50000,"label":" ","price":4.71},{"type":"A","date":"2018-04-06T02:04:22.000Z","volume":13000,"label":" ","price":4.72},{"type":"A","date":"2018-04-06T02:04:22.000Z","volume":3000,"label":" ","price":4.73},{"type":"A","date":"2018-04-06T02:05:59.000Z","volume":15500,"label":" ","price":4.78},{"type":"A","date":"2018-04-06T02:05:59.000Z","volume":224500,"label":" ","price":4.79},{"type":"A","date":"2018-04-06T02:06:23.000Z","volume":1500,"label":" ","price":4.77},{"type":"B","date":"2018-04-06T02:07:15.000Z","volume":11500,"label":" ","price":4.73},{"type":"B","date":"2018-04-06T02:07:20.000Z","volume":11000,"label":" ","price":4.72},{"type":"B","date":"2018-04-06T02:07:20.000Z","volume":500,"label":" ","price":4.71},{"type":"A","date":"2018-04-06T02:07:20.000Z","volume":3000,"label":" ","price":4.72},{"type":"U","date":"2018-04-06T02:07:20.000Z","volume":2000,"label":" ","price":4.71},{"type":"B","date":"2018-04-06T02:07:20.000Z","volume":1000,"label":" ","price":4.7},{"type":"B","date":"2018-04-06T02:07:25.000Z","volume":2000,"label":" ","price":4.71},{"type":"B","date":"2018-04-06T02:07:30.000Z","volume":18500,"label":" ","price":4.7},{"type":"B","date":"2018-04-06T02:07:32.000Z","volume":14500,"label":" ","price":4.7},{"type":"A","date":"2018-04-06T02:07:32.000Z","volume":16000,"label":" ","price":4.7},{"type":"A","date":"2018-04-06T02:07:32.000Z","volume":6500,"label":" ","price":4.7},{"type":"A","date":"2018-04-06T02:07:35.000Z","volume":5000,"label":" ","price":4.7},{"type":"B","date":"2018-04-06T02:07:52.000Z","volume":500,"label":" ","price":4.7},{"type":"B","date":"2018-04-06T02:07:55.000Z","volume":2500,"label":" ","price":4.7},{"type":"B","date":"2018-04-06T02:08:07.000Z","volume":3500,"label":" ","price":4.7},{"type":"B","date":"2018-04-06T02:08:10.000Z","volume":1500,"label":" ","price":4.7},{"type":"B","date":"2018-04-06T02:08:35.000Z","volume":1500,"label":" ","price":4.7},{"type":"A","date":"2018-04-06T02:09:04.000Z","volume":500,"label":" ","price":4.71},{"type":"A","date":"2018-04-06T02:09:22.000Z","volume":27000,"label":"Y","price":4.71},{"type":"A","date":"2018-04-06T02:09:22.000Z","volume":11500,"label":" ","price":4.71},{"type":"A","date":"2018-04-06T02:09:22.000Z","volume":1500,"label":" ","price":4.73},{"type":"B","date":"2018-04-06T02:09:32.000Z","volume":1500,"label":" ","price":4.72},{"type":"A","date":"2018-04-06T02:09:41.000Z","volume":2000,"label":" ","price":4.75},{"type":"B","date":"2018-04-06T02:11:22.000Z","volume":3500,"label":" ","price":4.73},{"type":"A","date":"2018-04-06T02:11:51.000Z","volume":500,"label":" ","price":4.75},{"type":"A","date":"2018-04-06T02:12:45.000Z","volume":500,"label":"Y","price":4.75},{"type":"A","date":"2018-04-06T02:14:48.000Z","volume":2000,"label":" ","price":4.75},{"type":"A","date":"2018-04-06T02:14:54.000Z","volume":38500,"label":" ","price":4.75},{"type":"A","date":"2018-04-06T02:15:30.000Z","volume":18000,"label":" ","price":4.76},{"type":"A","date":"2018-04-06T02:15:48.000Z","volume":500,"label":" ","price":4.77},{"type":"U","date":"2018-04-06T02:15:53.000Z","volume":500,"label":" ","price":4.76},{"type":"B","date":"2018-04-06T02:15:58.000Z","volume":6000,"label":" ","price":4.75},{"type":"B","date":"2018-04-06T02:20:00.000Z","volume":500,"label":" ","price":4.74},{"type":"B","date":"2018-04-06T02:20:12.000Z","volume":11000,"label":" ","price":4.74},{"type":"B","date":"2018-04-06T02:20:15.000Z","volume":2000,"label":" ","price":4.74},{"type":"B","date":"2018-04-06T02:20:15.000Z","volume":4500,"label":" ","price":4.74},{"type":"B","date":"2018-04-06T02:20:15.000Z","volume":2000,"label":" ","price":4.73},{"type":"B","date":"2018-04-06T02:20:20.000Z","volume":1000,"label":" ","price":4.72},{"type":"B","date":"2018-04-06T02:20:20.000Z","volume":500,"label":" ","price":4.71},{"type":"B","date":"2018-04-06T02:20:20.000Z","volume":1500,"label":" ","price":4.71},{"type":"A","date":"2018-04-06T02:21:12.000Z","volume":30000,"label":" ","price":4.72},{"type":"A","date":"2018-04-06T02:21:12.000Z","volume":3500,"label":" ","price":4.72},{"type":"A","date":"2018-04-06T02:21:49.000Z","volume":21500,"label":" ","price":4.73},{"type":"A","date":"2018-04-06T02:23:34.000Z","volume":8000,"label":" ","price":4.73},{"type":"A","date":"2018-04-06T02:23:34.000Z","volume":14500,"label":" ","price":4.74},{"type":"A","date":"2018-04-06T02:23:34.000Z","volume":2500,"label":" ","price":4.75},{"type":"A","date":"2018-04-06T02:23:34.000Z","volume":180000,"label":" ","price":4.78},{"type":"A","date":"2018-04-06T02:23:34.000Z","volume":500,"label":" ","price":4.78},{"type":"B","date":"2018-04-06T02:23:34.000Z","volume":500,"label":" ","price":4.78},{"type":"B","date":"2018-04-06T02:23:34.000Z","volume":500,"label":" ","price":4.77},{"type":"A","date":"2018-04-06T02:23:36.000Z","volume":500,"label":" ","price":4.78},{"type":"B","date":"2018-04-06T02:23:50.000Z","volume":1500,"label":" ","price":4.72},{"type":"A","date":"2018-04-06T02:23:50.000Z","volume":4500,"label":"Y","price":4.72},{"type":"A","date":"2018-04-06T02:23:50.000Z","volume":500,"label":" ","price":4.72},{"type":"B","date":"2018-04-06T02:24:40.000Z","volume":1000,"label":" ","price":4.71},{"type":"B","date":"2018-04-06T02:24:45.000Z","volume":18500,"label":" ","price":4.7},{"type":"B","date":"2018-04-06T02:24:45.000Z","volume":1000,"label":" ","price":4.7},{"type":"B","date":"2018-04-06T02:24:47.000Z","volume":1500,"label":" ","price":4.7},{"type":"B","date":"2018-04-06T02:24:50.000Z","volume":4000,"label":" ","price":4.69},{"type":"A","date":"2018-04-06T02:24:50.000Z","volume":1500,"label":" ","price":4.69},{"type":"A","date":"2018-04-06T02:25:29.000Z","volume":28000,"label":" ","price":4.69},{"type":"A","date":"2018-04-06T02:25:29.000Z","volume":17500,"label":" ","price":4.69},{"type":"A","date":"2018-04-06T02:25:29.000Z","volume":1000,"label":" ","price":4.71},{"type":"B","date":"2018-04-06T02:25:31.000Z","volume":8000,"label":" ","price":4.71},{"type":"A","date":"2018-04-06T02:26:00.000Z","volume":5500,"label":" ","price":4.71},{"type":"A","date":"2018-04-06T02:26:37.000Z","volume":500,"label":" ","price":4.72},{"type":"A","date":"2018-04-06T02:28:46.000Z","volume":10000,"label":" ","price":4.72},{"type":"B","date":"2018-04-06T02:28:53.000Z","volume":3000,"label":" ","price":4.7},{"type":"B","date":"2018-04-06T02:28:53.000Z","volume":3000,"label":" ","price":4.7},{"type":"B","date":"2018-04-06T02:28:54.000Z","volume":6500,"label":" ","price":4.69},{"type":"B","date":"2018-04-06T02:28:54.000Z","volume":1500,"label":" ","price":4.69},{"type":"B","date":"2018-04-06T02:28:55.000Z","volume":2000,"label":" ","price":4.68},{"type":"A","date":"2018-04-06T02:31:15.000Z","volume":500,"label":"Y","price":4.71},{"type":"B","date":"2018-04-06T02:32:49.000Z","volume":500,"label":" ","price":4.69},{"type":"B","date":"2018-04-06T02:33:00.000Z","volume":4000,"label":" ","price":4.69},{"type":"B","date":"2018-04-06T02:33:45.000Z","volume":1500,"label":" ","price":4.69},{"type":"B","date":"2018-04-06T02:33:45.000Z","volume":500,"label":" ","price":4.69},{"type":"B","date":"2018-04-06T02:35:39.000Z","volume":500,"label":" ","price":4.69},{"type":"B","date":"2018-04-06T02:36:05.000Z","volume":4500,"label":" ","price":4.69},{"type":"B","date":"2018-04-06T02:36:30.000Z","volume":1000,"label":" ","price":4.69},{"type":"B","date":"2018-04-06T02:38:10.000Z","volume":500,"label":" ","price":4.69},{"type":"A","date":"2018-04-06T02:38:26.000Z","volume":5000,"label":" ","price":4.7},{"type":"B","date":"2018-04-06T02:38:27.000Z","volume":500,"label":"Y","price":4.69},{"type":"U","date":"2018-04-06T02:38:41.000Z","volume":2500,"label":"X","price":4.695},{"type":"U","date":"2018-04-06T02:39:45.000Z","volume":500,"label":"X","price":4.695},{"type":"B","date":"2018-04-06T02:42:20.000Z","volume":500,"label":"Y","price":4.69},{"type":"B","date":"2018-04-06T02:42:20.000Z","volume":2000,"label":"Y","price":4.69},{"type":"B","date":"2018-04-06T02:42:30.000Z","volume":500,"label":" ","price":4.69},{"type":"B","date":"2018-04-06T02:42:31.000Z","volume":500,"label":" ","price":4.69},{"type":"B","date":"2018-04-06T02:44:32.000Z","volume":500,"label":" ","price":4.69},{"type":"B","date":"2018-04-06T02:44:33.000Z","volume":500,"label":"Y","price":4.69},{"type":"B","date":"2018-04-06T02:44:35.000Z","volume":500,"label":"Y","price":4.69},{"type":"B","date":"2018-04-06T02:44:35.000Z","volume":1000,"label":" ","price":4.69},{"type":"B","date":"2018-04-06T02:44:35.000Z","volume":1500,"label":"Y","price":4.69},{"type":"B","date":"2018-04-06T02:44:35.000Z","volume":500,"label":"Y","price":4.69},{"type":"B","date":"2018-04-06T02:44:35.000Z","volume":500,"label":"Y","price":4.69},{"type":"B","date":"2018-04-06T02:44:35.000Z","volume":500,"label":" ","price":4.69},{"type":"B","date":"2018-04-06T02:44:35.000Z","volume":1500,"label":" ","price":4.69},{"type":"B","date":"2018-04-06T02:44:35.000Z","volume":1500,"label":" ","price":4.69},{"type":"B","date":"2018-04-06T02:44:35.000Z","volume":16500,"label":" ","price":4.68},{"type":"B","date":"2018-04-06T02:44:36.000Z","volume":500,"label":" ","price":4.69},{"type":"B","date":"2018-04-06T02:44:45.000Z","volume":3500,"label":" ","price":4.67},{"type":"B","date":"2018-04-06T02:44:46.000Z","volume":1000,"label":" ","price":4.66},{"type":"A","date":"2018-04-06T02:44:46.000Z","volume":1000,"label":" ","price":4.66},{"type":"A","date":"2018-04-06T02:44:49.000Z","volume":500,"label":" ","price":4.66},{"type":"B","date":"2018-04-06T02:45:00.000Z","volume":1000,"label":" ","price":4.66},{"type":"B","date":"2018-04-06T02:45:02.000Z","volume":5000,"label":" ","price":4.66},{"type":"A","date":"2018-04-06T02:45:05.000Z","volume":4500,"label":" ","price":4.66},{"type":"B","date":"2018-04-06T02:45:07.000Z","volume":500,"label":" ","price":4.65},{"type":"B","date":"2018-04-06T02:45:07.000Z","volume":2000,"label":" ","price":4.64},{"type":"A","date":"2018-04-06T02:45:07.000Z","volume":2500,"label":" ","price":4.64},{"type":"A","date":"2018-04-06T02:45:09.000Z","volume":2000,"label":" ","price":4.64},{"type":"A","date":"2018-04-06T02:45:11.000Z","volume":17000,"label":" ","price":4.64},{"type":"A","date":"2018-04-06T02:45:13.000Z","volume":5000,"label":" ","price":4.65},{"type":"B","date":"2018-04-06T02:45:16.000Z","volume":3000,"label":" ","price":4.64},{"type":"B","date":"2018-04-06T02:45:16.000Z","volume":12000,"label":" ","price":4.64},{"type":"A","date":"2018-04-06T02:45:18.000Z","volume":12500,"label":" ","price":4.66},{"type":"A","date":"2018-04-06T02:45:18.000Z","volume":11000,"label":" ","price":4.67},{"type":"A","date":"2018-04-06T02:45:18.000Z","volume":10500,"label":" ","price":4.68},{"type":"A","date":"2018-04-06T02:45:18.000Z","volume":1000,"label":" ","price":4.69},{"type":"U","date":"2018-04-06T02:47:30.000Z","volume":500,"label":"X","price":4.69},{"type":"U","date":"2018-04-06T02:47:32.000Z","volume":500,"label":"X","price":4.69},{"type":"U","date":"2018-04-06T02:47:32.000Z","volume":2000,"label":"X","price":4.69},{"type":"B","date":"2018-04-06T02:48:13.000Z","volume":500,"label":" ","price":4.68},{"type":"B","date":"2018-04-06T02:48:13.000Z","volume":42500,"label":" ","price":4.68},{"type":"U","date":"2018-04-06T02:48:16.000Z","volume":165,"label":"D","price":4.74},{"type":"A","date":"2018-04-06T02:48:17.000Z","volume":2500,"label":" ","price":4.69},{"type":"B","date":"2018-04-06T02:48:26.000Z","volume":25500,"label":" ","price":4.68},{"type":"B","date":"2018-04-06T02:48:26.000Z","volume":500,"label":" ","price":4.67},{"type":"U","date":"2018-04-06T02:48:38.000Z","volume":500,"label":" ","price":4.66},{"type":"B","date":"2018-04-06T02:49:54.000Z","volume":500,"label":" ","price":4.66},{"type":"B","date":"2018-04-06T02:50:05.000Z","volume":500,"label":"Y","price":4.66},{"type":"B","date":"2018-04-06T02:50:05.000Z","volume":2000,"label":" ","price":4.66},{"type":"B","date":"2018-04-06T02:50:07.000Z","volume":500,"label":" ","price":4.66},{"type":"B","date":"2018-04-06T02:50:33.000Z","volume":23000,"label":" ","price":4.65},{"type":"B","date":"2018-04-06T02:51:34.000Z","volume":500,"label":" ","price":4.64},{"type":"A","date":"2018-04-06T02:51:47.000Z","volume":49500,"label":" ","price":4.65},{"type":"B","date":"2018-04-06T02:51:49.000Z","volume":500,"label":" ","price":4.65},{"type":"A","date":"2018-04-06T02:52:37.000Z","volume":40500,"label":" ","price":4.65},{"type":"A","date":"2018-04-06T02:52:37.000Z","volume":4500,"label":" ","price":4.65},{"type":"B","date":"2018-04-06T02:52:39.000Z","volume":3000,"label":" ","price":4.65},{"type":"A","date":"2018-04-06T02:52:39.000Z","volume":2500,"label":" ","price":4.65},{"type":"A","date":"2018-04-06T02:52:42.000Z","volume":1500,"label":" ","price":4.65},{"type":"B","date":"2018-04-06T02:52:45.000Z","volume":1500,"label":" ","price":4.65},{"type":"A","date":"2018-04-06T02:52:47.000Z","volume":5000,"label":" ","price":4.65},{"type":"A","date":"2018-04-06T02:52:47.000Z","volume":6500,"label":" ","price":4.66},{"type":"A","date":"2018-04-06T02:53:17.000Z","volume":5000,"label":" ","price":4.7},{"type":"A","date":"2018-04-06T02:54:03.000Z","volume":5000,"label":" ","price":4.7},{"type":"B","date":"2018-04-06T02:54:14.000Z","volume":1000,"label":" ","price":4.68},{"type":"A","date":"2018-04-06T02:54:15.000Z","volume":500,"label":"Y","price":4.69},{"type":"B","date":"2018-04-06T02:54:26.000Z","volume":3500,"label":" ","price":4.68},{"type":"A","date":"2018-04-06T02:55:01.000Z","volume":3000,"label":" ","price":4.69},{"type":"B","date":"2018-04-06T02:56:36.000Z","volume":500,"label":" ","price":4.68},{"type":"A","date":"2018-04-06T02:57:27.000Z","volume":1000,"label":" ","price":4.69},{"type":"B","date":"2018-04-06T02:58:17.000Z","volume":500,"label":" ","price":4.68},{"type":"B","date":"2018-04-06T02:59:05.000Z","volume":500,"label":" ","price":4.68},{"type":"B","date":"2018-04-06T02:59:47.000Z","volume":500,"label":" ","price":4.68},{"type":"B","date":"2018-04-06T03:00:06.000Z","volume":5000,"label":" ","price":4.68},{"type":"A","date":"2018-04-06T03:00:06.000Z","volume":2000,"label":" ","price":4.68},{"type":"A","date":"2018-04-06T03:00:06.000Z","volume":500,"label":" ","price":4.68},{"type":"A","date":"2018-04-06T03:00:06.000Z","volume":3000,"label":" ","price":4.68},{"type":"B","date":"2018-04-06T03:00:50.000Z","volume":1500,"label":"Y","price":4.67},{"type":"B","date":"2018-04-06T03:00:50.000Z","volume":500,"label":" ","price":4.67},{"type":"B","date":"2018-04-06T03:00:50.000Z","volume":500,"label":"Y","price":4.67},{"type":"B","date":"2018-04-06T03:00:50.000Z","volume":1500,"label":" ","price":4.67},{"type":"B","date":"2018-04-06T03:00:50.000Z","volume":1000,"label":" ","price":4.67},{"type":"B","date":"2018-04-06T03:00:50.000Z","volume":1500,"label":" ","price":4.67},{"type":"B","date":"2018-04-06T03:01:05.000Z","volume":500,"label":" ","price":4.66},{"type":"B","date":"2018-04-06T03:01:37.000Z","volume":500,"label":" ","price":4.66},{"type":"A","date":"2018-04-06T03:02:27.000Z","volume":20000,"label":" ","price":4.67},{"type":"A","date":"2018-04-06T03:03:12.000Z","volume":4500,"label":" ","price":4.67},{"type":"B","date":"2018-04-06T03:05:17.000Z","volume":500,"label":" ","price":4.66},{"type":"A","date":"2018-04-06T03:05:57.000Z","volume":14000,"label":" ","price":4.67},{"type":"B","date":"2018-04-06T03:06:05.000Z","volume":1000,"label":"Y","price":4.67},{"type":"B","date":"2018-04-06T03:06:05.000Z","volume":1000,"label":" ","price":4.67},{"type":"B","date":"2018-04-06T03:07:37.000Z","volume":2000,"label":"Y","price":4.67},{"type":"B","date":"2018-04-06T03:09:22.000Z","volume":2000,"label":"Y","price":4.67},{"type":"B","date":"2018-04-06T03:09:28.000Z","volume":500,"label":" ","price":4.67},{"type":"A","date":"2018-04-06T03:10:20.000Z","volume":500,"label":" ","price":4.68},{"type":"A","date":"2018-04-06T03:11:02.000Z","volume":29000,"label":" ","price":4.68},{"type":"A","date":"2018-04-06T03:11:02.000Z","volume":3500,"label":" ","price":4.69},{"type":"A","date":"2018-04-06T03:11:02.000Z","volume":11000,"label":" ","price":4.7},{"type":"B","date":"2018-04-06T03:11:02.000Z","volume":500,"label":" ","price":4.7},{"type":"U","date":"2018-04-06T03:11:15.000Z","volume":500,"label":"X","price":4.72},{"type":"A","date":"2018-04-06T03:11:17.000Z","volume":1500,"label":" ","price":4.74},{"type":"A","date":"2018-04-06T03:11:17.000Z","volume":500,"label":" ","price":4.74},{"type":"A","date":"2018-04-06T03:11:17.000Z","volume":2000,"label":" ","price":4.74},{"type":"U","date":"2018-04-06T03:11:17.000Z","volume":2000,"label":"X","price":4.745},{"type":"U","date":"2018-04-06T03:11:17.000Z","volume":1000,"label":"X","price":4.745},{"type":"B","date":"2018-04-06T03:11:17.000Z","volume":500,"label":"Y","price":4.74},{"type":"A","date":"2018-04-06T03:11:17.000Z","volume":1000,"label":" ","price":4.75},{"type":"A","date":"2018-04-06T03:11:17.000Z","volume":500,"label":" ","price":4.75},{"type":"B","date":"2018-04-06T03:11:17.000Z","volume":500,"label":" ","price":4.74},{"type":"B","date":"2018-04-06T03:11:21.000Z","volume":500,"label":" ","price":4.73},{"type":"B","date":"2018-04-06T03:11:32.000Z","volume":6000,"label":" ","price":4.7},{"type":"A","date":"2018-04-06T03:11:47.000Z","volume":1000,"label":" ","price":4.69},{"type":"U","date":"2018-04-06T03:12:22.000Z","volume":2000,"label":"X","price":4.7},{"type":"B","date":"2018-04-06T03:12:35.000Z","volume":500,"label":" ","price":4.69},{"type":"A","date":"2018-04-06T03:12:47.000Z","volume":2000,"label":"Y","price":4.69},{"type":"B","date":"2018-04-06T03:12:50.000Z","volume":6000,"label":" ","price":4.68},{"type":"B","date":"2018-04-06T03:14:22.000Z","volume":2000,"label":" ","price":4.68},{"type":"B","date":"2018-04-06T03:18:00.000Z","volume":500,"label":" ","price":4.68},{"type":"A","date":"2018-04-06T03:18:15.000Z","volume":500,"label":"Y","price":4.69},{"type":"B","date":"2018-04-06T03:19:48.000Z","volume":1500,"label":" ","price":4.68},{"type":"B","date":"2018-04-06T03:20:53.000Z","volume":1500,"label":" ","price":4.68},{"type":"B","date":"2018-04-06T03:21:55.000Z","volume":500,"label":" ","price":4.68},{"type":"B","date":"2018-04-06T03:22:21.000Z","volume":500,"label":" ","price":4.68},{"type":"A","date":"2018-04-06T03:25:00.000Z","volume":500,"label":"Y","price":4.69},{"type":"B","date":"2018-04-06T03:25:19.000Z","volume":1500,"label":" ","price":4.68},{"type":"B","date":"2018-04-06T03:25:31.000Z","volume":2500,"label":" ","price":4.68},{"type":"A","date":"2018-04-06T03:26:45.000Z","volume":500,"label":" ","price":4.69},{"type":"B","date":"2018-04-06T03:27:12.000Z","volume":500,"label":" ","price":4.68},{"type":"A","date":"2018-04-06T03:28:58.000Z","volume":500,"label":"Y","price":4.69},{"type":"A","date":"2018-04-06T03:28:58.000Z","volume":11000,"label":" ","price":4.69},{"type":"A","date":"2018-04-06T03:29:20.000Z","volume":500,"label":"Y","price":4.69},{"type":"A","date":"2018-04-06T03:29:30.000Z","volume":1500,"label":" ","price":4.69},{"type":"A","date":"2018-04-06T03:29:30.000Z","volume":2000,"label":" ","price":4.69},{"type":"A","date":"2018-04-06T03:29:32.000Z","volume":1000,"label":" ","price":4.69},{"type":"A","date":"2018-04-06T03:29:32.000Z","volume":2000,"label":"Y","price":4.69},{"type":"A","date":"2018-04-06T03:29:32.000Z","volume":35500,"label":" ","price":4.69},{"type":"A","date":"2018-04-06T03:29:32.000Z","volume":14000,"label":" ","price":4.7},{"type":"B","date":"2018-04-06T03:29:32.000Z","volume":4000,"label":"Y","price":4.69},{"type":"B","date":"2018-04-06T03:29:32.000Z","volume":500,"label":" ","price":4.69},{"type":"B","date":"2018-04-06T03:29:32.000Z","volume":500,"label":"Y","price":4.69},{"type":"B","date":"2018-04-06T03:30:06.000Z","volume":500,"label":" ","price":4.69},{"type":"B","date":"2018-04-06T03:30:06.000Z","volume":1000,"label":" ","price":4.69},{"type":"U","date":"2018-04-06T03:30:22.000Z","volume":1500,"label":"X","price":4.695},{"type":"A","date":"2018-04-06T03:32:08.000Z","volume":22500,"label":" ","price":4.71},{"type":"A","date":"2018-04-06T03:32:08.000Z","volume":9000,"label":" ","price":4.72},{"type":"A","date":"2018-04-06T03:32:08.000Z","volume":2500,"label":" ","price":4.73},{"type":"A","date":"2018-04-06T03:32:08.000Z","volume":1000,"label":" ","price":4.75},{"type":"A","date":"2018-04-06T03:32:08.000Z","volume":87500,"label":" ","price":4.77},{"type":"B","date":"2018-04-06T03:32:08.000Z","volume":14000,"label":" ","price":4.7},{"type":"A","date":"2018-04-06T03:35:27.000Z","volume":12500,"label":" ","price":4.72},{"type":"A","date":"2018-04-06T03:35:27.000Z","volume":87500,"label":" ","price":4.73},{"type":"B","date":"2018-04-06T03:35:28.000Z","volume":12000,"label":" ","price":4.7},{"type":"A","date":"2018-04-06T03:35:52.000Z","volume":11500,"label":" ","price":4.73},{"type":"B","date":"2018-04-06T03:35:54.000Z","volume":1500,"label":" ","price":4.7},{"type":"B","date":"2018-04-06T03:36:05.000Z","volume":500,"label":" ","price":4.7},{"type":"B","date":"2018-04-06T03:37:25.000Z","volume":500,"label":" ","price":4.7},{"type":"B","date":"2018-04-06T03:37:36.000Z","volume":500,"label":"Y","price":4.7},{"type":"B","date":"2018-04-06T03:37:36.000Z","volume":1000,"label":" ","price":4.7},{"type":"A","date":"2018-04-06T03:37:36.000Z","volume":1000,"label":" ","price":4.7},{"type":"U","date":"2018-04-06T03:37:47.000Z","volume":1500,"label":"X","price":4.695},{"type":"U","date":"2018-04-06T03:37:47.000Z","volume":1500,"label":"X","price":4.695},{"type":"U","date":"2018-04-06T03:37:48.000Z","volume":1000,"label":"X","price":4.695},{"type":"U","date":"2018-04-06T03:37:49.000Z","volume":2500,"label":"X","price":4.695},{"type":"A","date":"2018-04-06T03:38:14.000Z","volume":19500,"label":" ","price":4.7},{"type":"A","date":"2018-04-06T03:38:14.000Z","volume":2000,"label":" ","price":4.71},{"type":"A","date":"2018-04-06T03:38:14.000Z","volume":1000,"label":" ","price":4.72},{"type":"A","date":"2018-04-06T03:38:14.000Z","volume":14500,"label":" ","price":4.73},{"type":"A","date":"2018-04-06T03:38:14.000Z","volume":8500,"label":" ","price":4.74},{"type":"A","date":"2018-04-06T03:38:14.000Z","volume":4500,"label":" ","price":4.74},{"type":"B","date":"2018-04-06T03:38:14.000Z","volume":4000,"label":" ","price":4.7},{"type":"A","date":"2018-04-06T03:38:39.000Z","volume":32000,"label":" ","price":4.74},{"type":"A","date":"2018-04-06T03:38:39.000Z","volume":10000,"label":" ","price":4.74},{"type":"A","date":"2018-04-06T03:38:39.000Z","volume":8000,"label":" ","price":4.74},{"type":"B","date":"2018-04-06T03:38:39.000Z","volume":4500,"label":" ","price":4.7},{"type":"A","date":"2018-04-06T03:38:47.000Z","volume":2000,"label":" ","price":4.74},{"type":"A","date":"2018-04-06T03:40:46.000Z","volume":18500,"label":" ","price":4.74},{"type":"A","date":"2018-04-06T03:40:46.000Z","volume":18000,"label":" ","price":4.75},{"type":"A","date":"2018-04-06T03:40:46.000Z","volume":13500,"label":" ","price":4.75},{"type":"A","date":"2018-04-06T03:40:46.000Z","volume":500,"label":" ","price":4.75},{"type":"B","date":"2018-04-06T03:40:46.000Z","volume":500,"label":" ","price":4.74},{"type":"B","date":"2018-04-06T03:40:46.000Z","volume":4000,"label":" ","price":4.71},{"type":"U","date":"2018-04-06T03:41:15.000Z","volume":500,"label":"X","price":4.725},{"type":"U","date":"2018-04-06T03:41:45.000Z","volume":500,"label":"X","price":4.725},{"type":"A","date":"2018-04-06T03:42:02.000Z","volume":1000,"label":" ","price":4.74},{"type":"A","date":"2018-04-06T03:42:17.000Z","volume":500,"label":"Y","price":4.73},{"type":"A","date":"2018-04-06T03:42:17.000Z","volume":500,"label":" ","price":4.73},{"type":"B","date":"2018-04-06T03:43:44.000Z","volume":4000,"label":" ","price":4.73},{"type":"U","date":"2018-04-06T03:43:45.000Z","volume":1500,"label":"X","price":4.725},{"type":"B","date":"2018-04-06T03:43:45.000Z","volume":500,"label":" ","price":4.72},{"type":"B","date":"2018-04-06T03:44:22.000Z","volume":1000,"label":" ","price":4.72},{"type":"B","date":"2018-04-06T03:44:37.000Z","volume":500,"label":" ","price":4.72},{"type":"B","date":"2018-04-06T03:45:07.000Z","volume":1500,"label":"Y","price":4.72},{"type":"B","date":"2018-04-06T03:45:07.000Z","volume":1500,"label":" ","price":4.72},{"type":"B","date":"2018-04-06T03:45:08.000Z","volume":500,"label":"Y","price":4.72},{"type":"U","date":"2018-04-06T03:46:02.000Z","volume":2500,"label":"X","price":4.725},{"type":"A","date":"2018-04-06T03:46:40.000Z","volume":37500,"label":" ","price":4.73},{"type":"B","date":"2018-04-06T03:46:40.000Z","volume":2500,"label":" ","price":4.73},{"type":"U","date":"2018-04-06T03:46:41.000Z","volume":500,"label":"X","price":4.735},{"type":"A","date":"2018-04-06T03:46:58.000Z","volume":3500,"label":" ","price":4.74},{"type":"A","date":"2018-04-06T03:47:03.000Z","volume":3000,"label":" ","price":4.75},{"type":"A","date":"2018-04-06T03:47:03.000Z","volume":47000,"label":" ","price":4.76},{"type":"A","date":"2018-04-06T03:47:03.000Z","volume":12000,"label":" ","price":4.76},{"type":"B","date":"2018-04-06T03:47:03.000Z","volume":500,"label":" ","price":4.73},{"type":"A","date":"2018-04-06T03:47:32.000Z","volume":36500,"label":" ","price":4.77},{"type":"B","date":"2018-04-06T03:47:32.000Z","volume":500,"label":" ","price":4.77},{"type":"B","date":"2018-04-06T03:47:32.000Z","volume":13500,"label":" ","price":4.77},{"type":"B","date":"2018-04-06T03:47:32.000Z","volume":2500,"label":" ","price":4.77},{"type":"B","date":"2018-04-06T03:47:32.000Z","volume":500,"label":" ","price":4.76},{"type":"B","date":"2018-04-06T03:47:32.000Z","volume":1000,"label":" ","price":4.74},{"type":"B","date":"2018-04-06T03:47:32.000Z","volume":2000,"label":" ","price":4.74},{"type":"U","date":"2018-04-06T03:47:52.000Z","volume":2000,"label":"X","price":4.755},{"type":"A","date":"2018-04-06T03:47:59.000Z","volume":5000,"label":" ","price":4.77},{"type":"A","date":"2018-04-06T03:48:12.000Z","volume":5000,"label":" ","price":4.77},{"type":"B","date":"2018-04-06T03:48:13.000Z","volume":500,"label":" ","price":4.75},{"type":"B","date":"2018-04-06T03:48:14.000Z","volume":500,"label":" ","price":4.74},{"type":"A","date":"2018-04-06T03:48:17.000Z","volume":2000,"label":" ","price":4.77},{"type":"A","date":"2018-04-06T03:48:17.000Z","volume":2000,"label":" ","price":4.77},{"type":"A","date":"2018-04-06T03:48:17.000Z","volume":500,"label":" ","price":4.77},{"type":"A","date":"2018-04-06T03:48:17.000Z","volume":2000,"label":" ","price":4.77},{"type":"B","date":"2018-04-06T03:48:18.000Z","volume":500,"label":" ","price":4.74},{"type":"A","date":"2018-04-06T03:48:42.000Z","volume":10000,"label":" ","price":4.77},{"type":"B","date":"2018-04-06T03:48:43.000Z","volume":1000,"label":" ","price":4.74},{"type":"B","date":"2018-04-06T03:49:00.000Z","volume":10000,"label":" ","price":4.77},{"type":"A","date":"2018-04-06T03:49:24.000Z","volume":2500,"label":" ","price":4.77},{"type":"A","date":"2018-04-06T03:49:24.000Z","volume":6500,"label":" ","price":4.78},{"type":"A","date":"2018-04-06T03:49:24.000Z","volume":1000,"label":" ","price":4.78},{"type":"A","date":"2018-04-06T03:49:39.000Z","volume":500,"label":"Y","price":4.77},{"type":"A","date":"2018-04-06T03:49:39.000Z","volume":500,"label":" ","price":4.77},{"type":"B","date":"2018-04-06T03:49:49.000Z","volume":6500,"label":" ","price":4.78},{"type":"B","date":"2018-04-06T03:49:49.000Z","volume":5000,"label":" ","price":4.78},{"type":"B","date":"2018-04-06T03:49:49.000Z","volume":500,"label":" ","price":4.77},{"type":"B","date":"2018-04-06T03:49:50.000Z","volume":1000,"label":" ","price":4.76},{"type":"B","date":"2018-04-06T03:49:50.000Z","volume":1000,"label":" ","price":4.75},{"type":"B","date":"2018-04-06T03:49:51.000Z","volume":500,"label":" ","price":4.75},{"type":"B","date":"2018-04-06T03:49:51.000Z","volume":500,"label":" ","price":4.74},{"type":"B","date":"2018-04-06T03:49:51.000Z","volume":500,"label":" ","price":4.74},{"type":"A","date":"2018-04-06T03:50:14.000Z","volume":5000,"label":" ","price":4.78},{"type":"B","date":"2018-04-06T03:50:15.000Z","volume":1000,"label":" ","price":4.74},{"type":"U","date":"2018-04-06T03:50:31.000Z","volume":5000,"label":" ","price":4.77},{"type":"B","date":"2018-04-06T03:50:32.000Z","volume":500,"label":" ","price":4.74},{"type":"A","date":"2018-04-06T03:50:50.000Z","volume":10000,"label":" ","price":4.77},{"type":"A","date":"2018-04-06T03:51:07.000Z","volume":7000,"label":" ","price":4.78},{"type":"B","date":"2018-04-06T03:51:07.000Z","volume":500,"label":" ","price":4.78},{"type":"B","date":"2018-04-06T03:51:07.000Z","volume":3000,"label":" ","price":4.78},{"type":"B","date":"2018-04-06T03:51:35.000Z","volume":6000,"label":" ","price":4.78},{"type":"B","date":"2018-04-06T03:51:35.000Z","volume":4500,"label":" ","price":4.78},{"type":"B","date":"2018-04-06T03:51:36.000Z","volume":1000,"label":" ","price":4.75},{"type":"A","date":"2018-04-06T03:51:47.000Z","volume":27500,"label":" ","price":4.79},{"type":"B","date":"2018-04-06T03:51:47.000Z","volume":500,"label":" ","price":4.79},{"type":"B","date":"2018-04-06T03:51:47.000Z","volume":2000,"label":" ","price":4.79},{"type":"A","date":"2018-04-06T03:52:06.000Z","volume":3000,"label":" ","price":4.78},{"type":"A","date":"2018-04-06T03:52:33.000Z","volume":1000,"label":" ","price":4.79},{"type":"A","date":"2018-04-06T03:52:33.000Z","volume":4000,"label":" ","price":4.8},{"type":"A","date":"2018-04-06T03:52:41.000Z","volume":1500,"label":" ","price":4.78},{"type":"U","date":"2018-04-06T03:53:02.000Z","volume":1000,"label":"X","price":4.79},{"type":"A","date":"2018-04-06T03:53:06.000Z","volume":1000,"label":" ","price":4.8},{"type":"A","date":"2018-04-06T03:53:06.000Z","volume":4000,"label":" ","price":4.8},{"type":"A","date":"2018-04-06T03:53:40.000Z","volume":3000,"label":" ","price":4.8},{"type":"B","date":"2018-04-06T03:53:40.000Z","volume":500,"label":" ","price":4.8},{"type":"B","date":"2018-04-06T03:53:40.000Z","volume":1500,"label":" ","price":4.8},{"type":"B","date":"2018-04-06T03:53:40.000Z","volume":500,"label":" ","price":4.8},{"type":"B","date":"2018-04-06T03:55:21.000Z","volume":1500,"label":" ","price":4.78},{"type":"B","date":"2018-04-06T03:55:21.000Z","volume":500,"label":" ","price":4.78},{"type":"B","date":"2018-04-06T03:55:21.000Z","volume":500,"label":" ","price":4.78},{"type":"B","date":"2018-04-06T03:56:03.000Z","volume":1000,"label":"Y","price":4.78},{"type":"B","date":"2018-04-06T03:56:03.000Z","volume":1000,"label":" ","price":4.78},{"type":"B","date":"2018-04-06T03:56:03.000Z","volume":3000,"label":" ","price":4.78},{"type":"U","date":"2018-04-06T03:56:12.000Z","volume":500,"label":"X","price":4.78},{"type":"A","date":"2018-04-06T03:56:19.000Z","volume":10000,"label":" ","price":4.79},{"type":"A","date":"2018-04-06T03:56:19.000Z","volume":2000,"label":" ","price":4.8},{"type":"B","date":"2018-04-06T03:57:22.000Z","volume":1000,"label":" ","price":4.77},{"type":"A","date":"2018-04-06T03:57:26.000Z","volume":3000,"label":" ","price":4.79},{"type":"A","date":"2018-04-06T03:57:32.000Z","volume":500,"label":"Y","price":4.79},{"type":"U","date":"2018-04-06T03:57:44.000Z","volume":2000,"label":" ","price":4.79},{"type":"B","date":"2018-04-06T03:57:44.000Z","volume":3000,"label":" ","price":4.79},{"type":"B","date":"2018-04-06T03:57:51.000Z","volume":500,"label":" ","price":4.76},{"type":"U","date":"2018-04-06T03:58:07.000Z","volume":500,"label":"X","price":4.775},{"type":"A","date":"2018-04-06T03:58:27.000Z","volume":6500,"label":" ","price":4.79},{"type":"A","date":"2018-04-06T03:58:27.000Z","volume":500,"label":" ","price":4.8},{"type":"B","date":"2018-04-06T03:58:27.000Z","volume":500,"label":" ","price":4.76},{"type":"B","date":"2018-04-06T03:58:49.000Z","volume":500,"label":"Y","price":4.78},{"type":"B","date":"2018-04-06T03:58:49.000Z","volume":2500,"label":" ","price":4.78},{"type":"B","date":"2018-04-06T03:58:51.000Z","volume":500,"label":" ","price":4.75},{"type":"A","date":"2018-04-06T03:59:02.000Z","volume":500,"label":" ","price":4.79},{"type":"A","date":"2018-04-06T03:59:32.000Z","volume":500,"label":" ","price":4.78},{"type":"A","date":"2018-04-06T03:59:32.000Z","volume":1000,"label":" ","price":4.78},{"type":"B","date":"2018-04-06T03:59:36.000Z","volume":500,"label":" ","price":4.75},{"type":"B","date":"2018-04-06T03:59:36.000Z","volume":500,"label":" ","price":4.75},{"type":"B","date":"2018-04-06T05:00:03.000Z","volume":12500,"label":" ","price":4.77},{"type":"B","date":"2018-04-06T05:00:11.000Z","volume":500,"label":" ","price":4.76},{"type":"B","date":"2018-04-06T05:00:11.000Z","volume":3000,"label":"Y","price":4.76},{"type":"B","date":"2018-04-06T05:00:17.000Z","volume":500,"label":" ","price":4.75},{"type":"U","date":"2018-04-06T05:00:19.000Z","volume":5500,"label":"X","price":4.775},{"type":"B","date":"2018-04-06T05:01:02.000Z","volume":500,"label":" ","price":4.75},{"type":"B","date":"2018-04-06T05:02:40.000Z","volume":9500,"label":" ","price":4.75},{"type":"B","date":"2018-04-06T05:02:41.000Z","volume":2000,"label":" ","price":4.75},{"type":"A","date":"2018-04-06T05:05:02.000Z","volume":2500,"label":"Y","price":4.76},{"type":"B","date":"2018-04-06T05:05:02.000Z","volume":500,"label":" ","price":4.75},{"type":"A","date":"2018-04-06T05:06:41.000Z","volume":1000,"label":"Y","price":4.76},{"type":"A","date":"2018-04-06T05:08:41.000Z","volume":1000,"label":"Y","price":4.76},{"type":"B","date":"2018-04-06T05:09:24.000Z","volume":1000,"label":" ","price":4.75},{"type":"U","date":"2018-04-06T05:09:27.000Z","volume":1000,"label":"X","price":4.755},{"type":"U","date":"2018-04-06T05:10:10.000Z","volume":2000,"label":"X","price":4.755},{"type":"U","date":"2018-04-06T05:13:02.000Z","volume":2000,"label":"X","price":4.755},{"type":"U","date":"2018-04-06T05:13:19.000Z","volume":500,"label":"X","price":4.755},{"type":"B","date":"2018-04-06T05:15:17.000Z","volume":2000,"label":" ","price":4.75},{"type":"B","date":"2018-04-06T05:15:17.000Z","volume":3000,"label":" ","price":4.75},{"type":"B","date":"2018-04-06T05:15:17.000Z","volume":1000,"label":" ","price":4.75},{"type":"B","date":"2018-04-06T05:16:03.000Z","volume":1000,"label":" ","price":4.75},{"type":"A","date":"2018-04-06T05:17:30.000Z","volume":500,"label":" ","price":4.76},{"type":"A","date":"2018-04-06T05:18:02.000Z","volume":500,"label":"Y","price":4.76},{"type":"A","date":"2018-04-06T05:18:02.000Z","volume":1500,"label":"Y","price":4.76},{"type":"B","date":"2018-04-06T05:18:02.000Z","volume":500,"label":" ","price":4.75},{"type":"A","date":"2018-04-06T05:18:20.000Z","volume":500,"label":" ","price":4.76},{"type":"B","date":"2018-04-06T05:20:12.000Z","volume":20000,"label":" ","price":4.75},{"type":"B","date":"2018-04-06T05:20:13.000Z","volume":2500,"label":" ","price":4.75},{"type":"A","date":"2018-04-06T05:20:47.000Z","volume":500,"label":" ","price":4.76},{"type":"A","date":"2018-04-06T05:20:47.000Z","volume":500,"label":" ","price":4.76},{"type":"B","date":"2018-04-06T05:20:48.000Z","volume":88000,"label":" ","price":4.75},{"type":"B","date":"2018-04-06T05:20:48.000Z","volume":500,"label":" ","price":4.74},{"type":"B","date":"2018-04-06T05:20:49.000Z","volume":10500,"label":" ","price":4.73},{"type":"B","date":"2018-04-06T05:21:32.000Z","volume":500,"label":" ","price":4.72},{"type":"B","date":"2018-04-06T05:21:32.000Z","volume":500,"label":" ","price":4.72},{"type":"B","date":"2018-04-06T05:21:32.000Z","volume":1000,"label":" ","price":4.72},{"type":"B","date":"2018-04-06T05:22:14.000Z","volume":1000,"label":" ","price":4.72},{"type":"B","date":"2018-04-06T05:23:47.000Z","volume":500,"label":" ","price":4.72},{"type":"B","date":"2018-04-06T05:23:47.000Z","volume":1000,"label":" ","price":4.72},{"type":"A","date":"2018-04-06T05:23:59.000Z","volume":500,"label":" ","price":4.73},{"type":"B","date":"2018-04-06T05:24:23.000Z","volume":50000,"label":" ","price":4.72},{"type":"B","date":"2018-04-06T05:24:23.000Z","volume":4000,"label":" ","price":4.72},{"type":"U","date":"2018-04-06T05:24:37.000Z","volume":500,"label":"X","price":4.715},{"type":"B","date":"2018-04-06T05:25:04.000Z","volume":46000,"label":" ","price":4.71},{"type":"U","date":"2018-04-06T05:25:10.000Z","volume":2500,"label":"X","price":4.715},{"type":"B","date":"2018-04-06T05:26:32.000Z","volume":1500,"label":" ","price":4.71},{"type":"A","date":"2018-04-06T05:27:00.000Z","volume":2000,"label":" ","price":4.72},{"type":"B","date":"2018-04-06T05:27:32.000Z","volume":1500,"label":" ","price":4.71},{"type":"B","date":"2018-04-06T05:27:55.000Z","volume":500,"label":" ","price":4.71},{"type":"B","date":"2018-04-06T05:27:55.000Z","volume":500,"label":" ","price":4.71},{"type":"B","date":"2018-04-06T05:28:02.000Z","volume":1500,"label":" ","price":4.71},{"type":"B","date":"2018-04-06T05:28:03.000Z","volume":8000,"label":" ","price":4.71},{"type":"U","date":"2018-04-06T05:28:10.000Z","volume":1500,"label":"X","price":4.715},{"type":"B","date":"2018-04-06T05:28:17.000Z","volume":1500,"label":" ","price":4.71},{"type":"B","date":"2018-04-06T05:28:32.000Z","volume":500,"label":" ","price":4.71},{"type":"A","date":"2018-04-06T05:30:17.000Z","volume":1500,"label":"Y","price":4.72},{"type":"A","date":"2018-04-06T05:30:17.000Z","volume":1500,"label":"Y","price":4.72},{"type":"B","date":"2018-04-06T05:30:17.000Z","volume":1500,"label":" ","price":4.71},{"type":"U","date":"2018-04-06T05:31:42.000Z","volume":1000,"label":"X","price":4.715},{"type":"A","date":"2018-04-06T05:32:16.000Z","volume":500,"label":" ","price":4.72},{"type":"A","date":"2018-04-06T05:32:26.000Z","volume":500,"label":" ","price":4.72},{"type":"B","date":"2018-04-06T05:32:47.000Z","volume":1000,"label":" ","price":4.71},{"type":"B","date":"2018-04-06T05:33:02.000Z","volume":500,"label":" ","price":4.71},{"type":"U","date":"2018-04-06T05:33:17.000Z","volume":1000,"label":"X","price":4.715},{"type":"A","date":"2018-04-06T05:33:56.000Z","volume":500,"label":" ","price":4.72},{"type":"B","date":"2018-04-06T05:34:18.000Z","volume":1000,"label":" ","price":4.71},{"type":"U","date":"2018-04-06T05:34:52.000Z","volume":1000,"label":"X","price":4.715},{"type":"A","date":"2018-04-06T05:35:16.000Z","volume":10000,"label":" ","price":4.72},{"type":"A","date":"2018-04-06T05:35:17.000Z","volume":1000,"label":" ","price":4.72},{"type":"A","date":"2018-04-06T05:35:17.000Z","volume":1000,"label":" ","price":4.72},{"type":"A","date":"2018-04-06T05:35:17.000Z","volume":1500,"label":"Y","price":4.72},{"type":"A","date":"2018-04-06T05:35:17.000Z","volume":78500,"label":" ","price":4.72},{"type":"B","date":"2018-04-06T05:35:17.000Z","volume":1000,"label":"Y","price":4.72},{"type":"B","date":"2018-04-06T05:35:17.000Z","volume":1000,"label":"Y","price":4.72},{"type":"B","date":"2018-04-06T05:35:17.000Z","volume":500,"label":"Y","price":4.72},{"type":"A","date":"2018-04-06T05:35:17.000Z","volume":500,"label":"Y","price":4.72},{"type":"A","date":"2018-04-06T05:35:17.000Z","volume":1500,"label":"Y","price":4.72},{"type":"A","date":"2018-04-06T05:35:33.000Z","volume":500,"label":" ","price":4.72},{"type":"A","date":"2018-04-06T05:37:10.000Z","volume":14000,"label":" ","price":4.72},{"type":"A","date":"2018-04-06T05:37:17.000Z","volume":500,"label":" ","price":4.72},{"type":"A","date":"2018-04-06T05:37:17.000Z","volume":500,"label":" ","price":4.72},{"type":"A","date":"2018-04-06T05:37:32.000Z","volume":500,"label":" ","price":4.72},{"type":"A","date":"2018-04-06T05:37:35.000Z","volume":2000,"label":" ","price":4.72},{"type":"A","date":"2018-04-06T05:37:56.000Z","volume":500,"label":" ","price":4.72},{"type":"A","date":"2018-04-06T05:38:14.000Z","volume":500,"label":" ","price":4.72},{"type":"A","date":"2018-04-06T05:38:56.000Z","volume":500,"label":" ","price":4.72},{"type":"B","date":"2018-04-06T05:39:02.000Z","volume":500,"label":" ","price":4.71},{"type":"U","date":"2018-04-06T05:39:07.000Z","volume":500,"label":"X","price":4.715},{"type":"B","date":"2018-04-06T05:39:32.000Z","volume":500,"label":" ","price":4.71},{"type":"B","date":"2018-04-06T05:39:47.000Z","volume":500,"label":" ","price":4.71},{"type":"A","date":"2018-04-06T05:39:48.000Z","volume":500,"label":" ","price":4.72},{"type":"U","date":"2018-04-06T05:40:10.000Z","volume":1500,"label":"X","price":4.715},{"type":"A","date":"2018-04-06T05:40:11.000Z","volume":1000,"label":" ","price":4.72},{"type":"A","date":"2018-04-06T05:40:19.000Z","volume":500,"label":" ","price":4.72},{"type":"B","date":"2018-04-06T05:40:36.000Z","volume":5000,"label":" ","price":4.71},{"type":"U","date":"2018-04-06T05:41:34.000Z","volume":500,"label":"X","price":4.715},{"type":"A","date":"2018-04-06T05:42:26.000Z","volume":1000,"label":" ","price":4.72},{"type":"B","date":"2018-04-06T05:43:02.000Z","volume":1000,"label":" ","price":4.71},{"type":"B","date":"2018-04-06T05:44:02.000Z","volume":500,"label":" ","price":4.71},{"type":"B","date":"2018-04-06T05:44:02.000Z","volume":500,"label":" ","price":4.71},{"type":"B","date":"2018-04-06T05:44:17.000Z","volume":1000,"label":" ","price":4.71},{"type":"U","date":"2018-04-06T05:44:32.000Z","volume":1000,"label":"X","price":4.715},{"type":"U","date":"2018-04-06T05:45:10.000Z","volume":3000,"label":"X","price":4.715},{"type":"U","date":"2018-04-06T05:48:48.000Z","volume":2000,"label":"X","price":4.715},{"type":"B","date":"2018-04-06T05:50:17.000Z","volume":2000,"label":" ","price":4.71},{"type":"B","date":"2018-04-06T05:50:17.000Z","volume":500,"label":" ","price":4.71},{"type":"A","date":"2018-04-06T05:51:53.000Z","volume":500,"label":" ","price":4.72},{"type":"B","date":"2018-04-06T05:52:32.000Z","volume":1500,"label":" ","price":4.71},{"type":"A","date":"2018-04-06T05:53:17.000Z","volume":1000,"label":"Y","price":4.72},{"type":"A","date":"2018-04-06T05:53:17.000Z","volume":500,"label":" ","price":4.72},{"type":"A","date":"2018-04-06T05:53:17.000Z","volume":2000,"label":" ","price":4.72},{"type":"B","date":"2018-04-06T05:53:17.000Z","volume":500,"label":" ","price":4.71},{"type":"A","date":"2018-04-06T05:53:51.000Z","volume":1000,"label":" ","price":4.72},{"type":"B","date":"2018-04-06T05:54:17.000Z","volume":3500,"label":" ","price":4.71},{"type":"B","date":"2018-04-06T05:54:18.000Z","volume":500,"label":" ","price":4.71},{"type":"A","date":"2018-04-06T05:54:46.000Z","volume":500,"label":"Y","price":4.72},{"type":"B","date":"2018-04-06T05:55:42.000Z","volume":1000,"label":" ","price":4.71},{"type":"A","date":"2018-04-06T05:56:02.000Z","volume":1500,"label":" ","price":4.72},{"type":"B","date":"2018-04-06T05:56:02.000Z","volume":500,"label":" ","price":4.71},{"type":"A","date":"2018-04-06T05:56:49.000Z","volume":500,"label":" ","price":4.72},{"type":"A","date":"2018-04-06T05:56:55.000Z","volume":500,"label":" ","price":4.72},{"type":"B","date":"2018-04-06T05:57:17.000Z","volume":500,"label":" ","price":4.71},{"type":"U","date":"2018-04-06T05:57:18.000Z","volume":1000,"label":"X","price":4.715},{"type":"A","date":"2018-04-06T05:58:11.000Z","volume":500,"label":" ","price":4.72},{"type":"A","date":"2018-04-06T05:58:17.000Z","volume":1000,"label":" ","price":4.72},{"type":"A","date":"2018-04-06T05:58:17.000Z","volume":3000,"label":" ","price":4.72},{"type":"B","date":"2018-04-06T05:58:17.000Z","volume":1000,"label":" ","price":4.71},{"type":"B","date":"2018-04-06T05:58:17.000Z","volume":500,"label":" ","price":4.71},{"type":"A","date":"2018-04-06T05:58:50.000Z","volume":500,"label":" ","price":4.72},{"type":"A","date":"2018-04-06T05:59:24.000Z","volume":500,"label":" ","price":4.72},{"type":"B","date":"2018-04-06T05:59:26.000Z","volume":500,"label":" ","price":4.71},{"type":"U","date":"2018-04-06T05:59:37.000Z","volume":1000,"label":"X","price":4.715},{"type":"B","date":"2018-04-06T05:59:47.000Z","volume":1000,"label":" ","price":4.71},{"type":"U","date":"2018-04-06T06:00:10.000Z","volume":2500,"label":"X","price":4.715},{"type":"A","date":"2018-04-06T06:01:32.000Z","volume":50000,"label":" ","price":4.72},{"type":"A","date":"2018-04-06T06:01:32.000Z","volume":7500,"label":" ","price":4.72},{"type":"B","date":"2018-04-06T06:01:32.000Z","volume":1000,"label":" ","price":4.71},{"type":"B","date":"2018-04-06T06:01:33.000Z","volume":1000,"label":" ","price":4.71},{"type":"A","date":"2018-04-06T06:01:33.000Z","volume":2000,"label":" ","price":4.72},{"type":"B","date":"2018-04-06T06:01:33.000Z","volume":500,"label":" ","price":4.71},{"type":"A","date":"2018-04-06T06:02:02.000Z","volume":500,"label":" ","price":4.72},{"type":"U","date":"2018-04-06T06:03:07.000Z","volume":2000,"label":"X","price":4.715},{"type":"A","date":"2018-04-06T06:04:10.000Z","volume":500,"label":" ","price":4.72},{"type":"A","date":"2018-04-06T06:04:14.000Z","volume":15500,"label":" ","price":4.72},{"type":"A","date":"2018-04-06T06:04:14.000Z","volume":500,"label":" ","price":4.72},{"type":"B","date":"2018-04-06T06:04:15.000Z","volume":2000,"label":" ","price":4.71},{"type":"A","date":"2018-04-06T06:04:17.000Z","volume":1500,"label":"Y","price":4.72},{"type":"A","date":"2018-04-06T06:04:17.000Z","volume":500,"label":" ","price":4.72},{"type":"A","date":"2018-04-06T06:04:17.000Z","volume":1500,"label":"Y","price":4.72},{"type":"A","date":"2018-04-06T06:04:17.000Z","volume":1500,"label":" ","price":4.72},{"type":"A","date":"2018-04-06T06:04:17.000Z","volume":1000,"label":" ","price":4.72},{"type":"A","date":"2018-04-06T06:04:17.000Z","volume":1000,"label":" ","price":4.72},{"type":"A","date":"2018-04-06T06:04:41.000Z","volume":2000,"label":" ","price":4.72},{"type":"A","date":"2018-04-06T06:05:16.000Z","volume":1500,"label":" ","price":4.72},{"type":"A","date":"2018-04-06T06:05:48.000Z","volume":4500,"label":" ","price":4.72},{"type":"A","date":"2018-04-06T06:06:06.000Z","volume":500,"label":" ","price":4.73},{"type":"A","date":"2018-04-06T06:08:06.000Z","volume":7500,"label":" ","price":4.73},{"type":"U","date":"2018-04-06T06:08:34.000Z","volume":500,"label":"X","price":4.725},{"type":"B","date":"2018-04-06T06:09:05.000Z","volume":1500,"label":" ","price":4.72},{"type":"B","date":"2018-04-06T06:09:05.000Z","volume":500,"label":" ","price":4.72},{"type":"B","date":"2018-04-06T06:09:05.000Z","volume":500,"label":" ","price":4.72},{"type":"B","date":"2018-04-06T06:09:32.000Z","volume":1000,"label":" ","price":4.72},{"type":"U","date":"2018-04-06T06:10:10.000Z","volume":2000,"label":"X","price":4.725},{"type":"A","date":"2018-04-06T06:10:56.000Z","volume":2000,"label":"Y","price":4.73},{"type":"B","date":"2018-04-06T06:10:57.000Z","volume":500,"label":" ","price":4.72},{"type":"A","date":"2018-04-06T06:13:05.000Z","volume":500,"label":"Y","price":4.73},{"type":"U","date":"2018-04-06T06:13:37.000Z","volume":2000,"label":"X","price":4.725},{"type":"B","date":"2018-04-06T06:14:47.000Z","volume":2000,"label":" ","price":4.72},{"type":"A","date":"2018-04-06T06:15:06.000Z","volume":500,"label":"Y","price":4.73},{"type":"A","date":"2018-04-06T06:17:26.000Z","volume":500,"label":"Y","price":4.73},{"type":"B","date":"2018-04-06T06:17:27.000Z","volume":500,"label":" ","price":4.72},{"type":"B","date":"2018-04-06T06:17:41.000Z","volume":1500,"label":" ","price":4.72},{"type":"U","date":"2018-04-06T06:18:47.000Z","volume":1500,"label":"X","price":4.725},{"type":"A","date":"2018-04-06T06:19:55.000Z","volume":500,"label":"Y","price":4.73},{"type":"B","date":"2018-04-06T06:21:11.000Z","volume":1500,"label":" ","price":4.72},{"type":"U","date":"2018-04-06T06:21:22.000Z","volume":1500,"label":"X","price":4.725},{"type":"A","date":"2018-04-06T06:21:34.000Z","volume":500,"label":" ","price":4.73},{"type":"A","date":"2018-04-06T06:22:13.000Z","volume":500,"label":"Y","price":4.73},{"type":"B","date":"2018-04-06T06:22:14.000Z","volume":500,"label":" ","price":4.72},{"type":"B","date":"2018-04-06T06:22:56.000Z","volume":1500,"label":" ","price":4.72},{"type":"U","date":"2018-04-06T06:23:42.000Z","volume":2000,"label":"X","price":4.725},{"type":"A","date":"2018-04-06T06:23:47.000Z","volume":500,"label":"Y","price":4.73},{"type":"A","date":"2018-04-06T06:23:47.000Z","volume":1000,"label":" ","price":4.73},{"type":"A","date":"2018-04-06T06:23:47.000Z","volume":1500,"label":"Y","price":4.73},{"type":"B","date":"2018-04-06T06:23:47.000Z","volume":500,"label":" ","price":4.72},{"type":"A","date":"2018-04-06T06:24:13.000Z","volume":500,"label":" ","price":4.73},{"type":"B","date":"2018-04-06T06:24:38.000Z","volume":1000,"label":" ","price":4.72},{"type":"B","date":"2018-04-06T06:27:32.000Z","volume":2500,"label":" ","price":4.72},{"type":"B","date":"2018-04-06T06:27:33.000Z","volume":500,"label":" ","price":4.72},{"type":"U","date":"2018-04-06T06:28:22.000Z","volume":2000,"label":"X","price":4.725},{"type":"B","date":"2018-04-06T06:29:19.000Z","volume":1000,"label":" ","price":4.72},{"type":"A","date":"2018-04-06T06:29:47.000Z","volume":2500,"label":"Y","price":4.73},{"type":"A","date":"2018-04-06T06:29:47.000Z","volume":500,"label":" ","price":4.73},{"type":"A","date":"2018-04-06T06:30:33.000Z","volume":500,"label":" ","price":4.73},{"type":"A","date":"2018-04-06T06:30:42.000Z","volume":20000,"label":" ","price":4.73},{"type":"A","date":"2018-04-06T06:31:24.000Z","volume":1000,"label":" ","price":4.73},{"type":"A","date":"2018-04-06T06:31:25.000Z","volume":500,"label":"Y","price":4.73},{"type":"A","date":"2018-04-06T06:31:25.000Z","volume":1500,"label":" ","price":4.73},{"type":"A","date":"2018-04-06T06:32:33.000Z","volume":500,"label":" ","price":4.73},{"type":"U","date":"2018-04-06T06:32:33.000Z","volume":2000,"label":"X","price":4.725},{"type":"B","date":"2018-04-06T06:32:34.000Z","volume":500,"label":" ","price":4.72},{"type":"U","date":"2018-04-06T06:33:34.000Z","volume":500,"label":"X","price":4.725},{"type":"B","date":"2018-04-06T06:33:47.000Z","volume":2000,"label":" ","price":4.72},{"type":"A","date":"2018-04-06T06:34:32.000Z","volume":500,"label":"Y","price":4.73},{"type":"A","date":"2018-04-06T06:34:32.000Z","volume":1500,"label":" ","price":4.73},{"type":"B","date":"2018-04-06T06:34:32.000Z","volume":500,"label":" ","price":4.72},{"type":"A","date":"2018-04-06T06:34:53.000Z","volume":500,"label":" ","price":4.73},{"type":"A","date":"2018-04-06T06:35:21.000Z","volume":500,"label":" ","price":4.73},{"type":"A","date":"2018-04-06T06:35:35.000Z","volume":1000,"label":" ","price":4.73},{"type":"B","date":"2018-04-06T06:36:02.000Z","volume":2000,"label":" ","price":4.72},{"type":"A","date":"2018-04-06T06:36:21.000Z","volume":500,"label":" ","price":4.73},{"type":"B","date":"2018-04-06T06:36:22.000Z","volume":500,"label":" ","price":4.72},{"type":"U","date":"2018-04-06T06:36:37.000Z","volume":1500,"label":"X","price":4.725},{"type":"B","date":"2018-04-06T06:36:40.000Z","volume":1000,"label":" ","price":4.72},{"type":"A","date":"2018-04-06T06:37:32.000Z","volume":500,"label":"Y","price":4.73},{"type":"A","date":"2018-04-06T06:37:32.000Z","volume":1000,"label":" ","price":4.73},{"type":"A","date":"2018-04-06T06:37:32.000Z","volume":1500,"label":" ","price":4.73},{"type":"A","date":"2018-04-06T06:39:01.000Z","volume":500,"label":"Y","price":4.73},{"type":"B","date":"2018-04-06T06:39:02.000Z","volume":500,"label":" ","price":4.72},{"type":"B","date":"2018-04-06T06:39:32.000Z","volume":1500,"label":" ","price":4.72},{"type":"B","date":"2018-04-06T06:39:32.000Z","volume":1500,"label":" ","price":4.72},{"type":"U","date":"2018-04-06T06:39:40.000Z","volume":1500,"label":"X","price":4.725},{"type":"A","date":"2018-04-06T06:40:24.000Z","volume":20000,"label":" ","price":4.73},{"type":"A","date":"2018-04-06T06:40:26.000Z","volume":1000,"label":" ","price":4.73},{"type":"B","date":"2018-04-06T06:41:04.000Z","volume":10000,"label":" ","price":4.72},{"type":"B","date":"2018-04-06T06:41:05.000Z","volume":1000,"label":" ","price":4.72},{"type":"U","date":"2018-04-06T06:41:22.000Z","volume":2000,"label":"X","price":4.725},{"type":"B","date":"2018-04-06T06:41:40.000Z","volume":1000,"label":" ","price":4.72},{"type":"A","date":"2018-04-06T06:42:32.000Z","volume":2500,"label":" ","price":4.73},{"type":"B","date":"2018-04-06T06:42:32.000Z","volume":500,"label":" ","price":4.72},{"type":"A","date":"2018-04-06T06:44:47.000Z","volume":1500,"label":" ","price":4.73},{"type":"A","date":"2018-04-06T06:44:47.000Z","volume":1500,"label":" ","price":4.73},{"type":"A","date":"2018-04-06T06:45:06.000Z","volume":500,"label":" ","price":4.73},{"type":"B","date":"2018-04-06T06:45:07.000Z","volume":500,"label":" ","price":4.72},{"type":"A","date":"2018-04-06T06:45:23.000Z","volume":500,"label":" ","price":4.73},{"type":"A","date":"2018-04-06T06:45:25.000Z","volume":500,"label":" ","price":4.73},{"type":"B","date":"2018-04-06T06:46:02.000Z","volume":2000,"label":" ","price":4.72},{"type":"B","date":"2018-04-06T06:46:32.000Z","volume":1000,"label":" ","price":4.72},{"type":"B","date":"2018-04-06T06:46:33.000Z","volume":500,"label":" ","price":4.72},{"type":"U","date":"2018-04-06T06:46:55.000Z","volume":1500,"label":"X","price":4.725},{"type":"A","date":"2018-04-06T06:48:02.000Z","volume":1500,"label":" ","price":4.73},{"type":"A","date":"2018-04-06T06:48:31.000Z","volume":500,"label":" ","price":4.73},{"type":"B","date":"2018-04-06T06:48:32.000Z","volume":1500,"label":" ","price":4.72},{"type":"A","date":"2018-04-06T06:50:17.000Z","volume":1000,"label":"Y","price":4.73},{"type":"A","date":"2018-04-06T06:50:17.000Z","volume":500,"label":" ","price":4.73},{"type":"A","date":"2018-04-06T06:50:17.000Z","volume":1500,"label":" ","price":4.73},{"type":"B","date":"2018-04-06T06:50:17.000Z","volume":500,"label":" ","price":4.72},{"type":"B","date":"2018-04-06T06:50:17.000Z","volume":1500,"label":" ","price":4.72},{"type":"B","date":"2018-04-06T06:50:17.000Z","volume":2000,"label":"Y","price":4.72},{"type":"B","date":"2018-04-06T06:50:18.000Z","volume":500,"label":" ","price":4.72},{"type":"A","date":"2018-04-06T06:50:23.000Z","volume":2000,"label":" ","price":4.73},{"type":"A","date":"2018-04-06T06:51:26.000Z","volume":500,"label":" ","price":4.73},{"type":"U","date":"2018-04-06T06:52:02.000Z","volume":1000,"label":"X","price":4.725},{"type":"A","date":"2018-04-06T06:52:47.000Z","volume":500,"label":"Y","price":4.73},{"type":"A","date":"2018-04-06T06:52:47.000Z","volume":500,"label":" ","price":4.73},{"type":"A","date":"2018-04-06T06:52:47.000Z","volume":1000,"label":" ","price":4.73},{"type":"B","date":"2018-04-06T06:52:47.000Z","volume":500,"label":" ","price":4.72},{"type":"B","date":"2018-04-06T06:53:25.000Z","volume":1000,"label":" ","price":4.72},{"type":"U","date":"2018-04-06T06:53:33.000Z","volume":1000,"label":"X","price":4.725},{"type":"B","date":"2018-04-06T06:54:32.000Z","volume":1000,"label":" ","price":4.72},{"type":"B","date":"2018-04-06T06:54:32.000Z","volume":1000,"label":" ","price":4.72},{"type":"B","date":"2018-04-06T06:54:33.000Z","volume":500,"label":" ","price":4.72},{"type":"U","date":"2018-04-06T06:55:10.000Z","volume":3500,"label":"X","price":4.725},{"type":"A","date":"2018-04-06T06:55:21.000Z","volume":500,"label":" ","price":4.73},{"type":"U","date":"2018-04-06T06:56:19.000Z","volume":500,"label":"X","price":4.725},{"type":"B","date":"2018-04-06T06:57:46.000Z","volume":1000,"label":" ","price":4.72},{"type":"A","date":"2018-04-06T06:58:02.000Z","volume":1000,"label":"Y","price":4.73},{"type":"A","date":"2018-04-06T06:58:02.000Z","volume":1500,"label":" ","price":4.73},{"type":"B","date":"2018-04-06T06:58:02.000Z","volume":500,"label":" ","price":4.72},{"type":"B","date":"2018-04-06T06:58:17.000Z","volume":500,"label":" ","price":4.72},{"type":"B","date":"2018-04-06T06:58:47.000Z","volume":3000,"label":" ","price":4.72},{"type":"A","date":"2018-04-06T06:59:45.000Z","volume":500,"label":" ","price":4.73},{"type":"A","date":"2018-04-06T07:00:17.000Z","volume":2000,"label":" ","price":4.73},{"type":"B","date":"2018-04-06T07:00:17.000Z","volume":500,"label":" ","price":4.72},{"type":"U","date":"2018-04-06T07:00:33.000Z","volume":2000,"label":"X","price":4.725},{"type":"A","date":"2018-04-06T07:00:56.000Z","volume":500,"label":" ","price":4.73},{"type":"B","date":"2018-04-06T07:01:17.000Z","volume":1500,"label":" ","price":4.72},{"type":"B","date":"2018-04-06T07:01:17.000Z","volume":2000,"label":" ","price":4.72},{"type":"B","date":"2018-04-06T07:01:18.000Z","volume":500,"label":" ","price":4.72},{"type":"B","date":"2018-04-06T07:01:37.000Z","volume":1000,"label":" ","price":4.72},{"type":"A","date":"2018-04-06T07:01:52.000Z","volume":1000,"label":" ","price":4.73},{"type":"A","date":"2018-04-06T07:02:02.000Z","volume":2000,"label":" ","price":4.73},{"type":"B","date":"2018-04-06T07:02:02.000Z","volume":500,"label":" ","price":4.72},{"type":"A","date":"2018-04-06T07:03:11.000Z","volume":500,"label":" ","price":4.73},{"type":"A","date":"2018-04-06T07:04:31.000Z","volume":500,"label":" ","price":4.73},{"type":"A","date":"2018-04-06T07:04:32.000Z","volume":1500,"label":" ","price":4.73},{"type":"U","date":"2018-04-06T07:04:33.000Z","volume":2000,"label":"X","price":4.725},{"type":"B","date":"2018-04-06T07:05:17.000Z","volume":2000,"label":" ","price":4.72},{"type":"B","date":"2018-04-06T07:05:18.000Z","volume":500,"label":" ","price":4.72},{"type":"B","date":"2018-04-06T07:05:26.000Z","volume":500,"label":" ","price":4.72},{"type":"A","date":"2018-04-06T07:05:26.000Z","volume":500,"label":"Y","price":4.73},{"type":"B","date":"2018-04-06T07:05:28.000Z","volume":1000,"label":" ","price":4.72},{"type":"A","date":"2018-04-06T07:06:31.000Z","volume":500,"label":" ","price":4.73},{"type":"A","date":"2018-04-06T07:06:31.000Z","volume":3500,"label":" ","price":4.73},{"type":"U","date":"2018-04-06T07:07:03.000Z","volume":2000,"label":"X","price":4.725},{"type":"A","date":"2018-04-06T07:07:17.000Z","volume":2000,"label":"Y","price":4.73},{"type":"A","date":"2018-04-06T07:08:11.000Z","volume":500,"label":" ","price":4.73},{"type":"A","date":"2018-04-06T07:08:33.000Z","volume":5000,"label":" ","price":4.73},{"type":"U","date":"2018-04-06T07:08:55.000Z","volume":2500,"label":"X","price":4.725},{"type":"A","date":"2018-04-06T07:08:55.000Z","volume":500,"label":" ","price":4.73},{"type":"B","date":"2018-04-06T07:08:59.000Z","volume":1000,"label":" ","price":4.72},{"type":"B","date":"2018-04-06T07:09:00.000Z","volume":2000,"label":" ","price":4.72},{"type":"A","date":"2018-04-06T07:09:15.000Z","volume":10000,"label":" ","price":4.73},{"type":"A","date":"2018-04-06T07:09:29.000Z","volume":2000,"label":" ","price":4.73},{"type":"A","date":"2018-04-06T07:10:17.000Z","volume":2000,"label":" ","price":4.73},{"type":"A","date":"2018-04-06T07:10:17.000Z","volume":1500,"label":" ","price":4.73},{"type":"A","date":"2018-04-06T07:10:17.000Z","volume":2000,"label":" ","price":4.73},{"type":"A","date":"2018-04-06T07:10:19.000Z","volume":500,"label":" ","price":4.73},{"type":"A","date":"2018-04-06T07:10:20.000Z","volume":500,"label":" ","price":4.73},{"type":"A","date":"2018-04-06T07:10:25.000Z","volume":2500,"label":" ","price":4.73},{"type":"B","date":"2018-04-06T07:10:26.000Z","volume":500,"label":" ","price":4.72},{"type":"A","date":"2018-04-06T07:10:27.000Z","volume":500,"label":" ","price":4.73},{"type":"B","date":"2018-04-06T07:11:02.000Z","volume":2000,"label":" ","price":4.72},{"type":"B","date":"2018-04-06T07:11:02.000Z","volume":2000,"label":" ","price":4.72},{"type":"B","date":"2018-04-06T07:11:03.000Z","volume":500,"label":" ","price":4.72},{"type":"A","date":"2018-04-06T07:11:03.000Z","volume":1000,"label":" ","price":4.73},{"type":"A","date":"2018-04-06T07:12:27.000Z","volume":500,"label":" ","price":4.73},{"type":"B","date":"2018-04-06T07:12:40.000Z","volume":1000,"label":" ","price":4.72},{"type":"U","date":"2018-04-06T07:12:41.000Z","volume":2000,"label":"X","price":4.725},{"type":"B","date":"2018-04-06T07:12:41.000Z","volume":500,"label":" ","price":4.72},{"type":"A","date":"2018-04-06T07:13:56.000Z","volume":500,"label":"Y","price":4.73},{"type":"A","date":"2018-04-06T07:14:18.000Z","volume":2000,"label":" ","price":4.73},{"type":"A","date":"2018-04-06T07:14:54.000Z","volume":500,"label":" ","price":4.73},{"type":"B","date":"2018-04-06T07:15:02.000Z","volume":1500,"label":" ","price":4.72},{"type":"B","date":"2018-04-06T07:15:02.000Z","volume":1500,"label":"Y","price":4.72},{"type":"B","date":"2018-04-06T07:15:02.000Z","volume":500,"label":" ","price":4.72},{"type":"B","date":"2018-04-06T07:15:03.000Z","volume":500,"label":"Y","price":4.72},{"type":"A","date":"2018-04-06T07:15:20.000Z","volume":500,"label":" ","price":4.73},{"type":"A","date":"2018-04-06T07:16:19.000Z","volume":500,"label":" ","price":4.73},{"type":"U","date":"2018-04-06T07:16:48.000Z","volume":2000,"label":"X","price":4.725},{"type":"B","date":"2018-04-06T07:17:03.000Z","volume":25000,"label":" ","price":4.72},{"type":"B","date":"2018-04-06T07:17:04.000Z","volume":3000,"label":"Y","price":4.72},{"type":"U","date":"2018-04-06T07:17:34.000Z","volume":500,"label":"X","price":4.725},{"type":"B","date":"2018-04-06T07:18:12.000Z","volume":1000,"label":" ","price":4.72},{"type":"A","date":"2018-04-06T07:20:17.000Z","volume":1500,"label":"Y","price":4.73},{"type":"A","date":"2018-04-06T07:20:17.000Z","volume":1000,"label":" ","price":4.73},{"type":"A","date":"2018-04-06T07:20:17.000Z","volume":1500,"label":"Y","price":4.73},{"type":"A","date":"2018-04-06T07:20:17.000Z","volume":500,"label":"Y","price":4.73},{"type":"A","date":"2018-04-06T07:20:17.000Z","volume":1500,"label":" ","price":4.73},{"type":"B","date":"2018-04-06T07:20:17.000Z","volume":2000,"label":"Y","price":4.72},{"type":"B","date":"2018-04-06T07:20:17.000Z","volume":500,"label":" ","price":4.72},{"type":"B","date":"2018-04-06T07:20:17.000Z","volume":4000,"label":"Y","price":4.72},{"type":"U","date":"2018-04-06T07:20:53.000Z","volume":2000,"label":"X","price":4.725},{"type":"B","date":"2018-04-06T07:22:03.000Z","volume":1000,"label":" ","price":4.72},{"type":"A","date":"2018-04-06T07:23:47.000Z","volume":500,"label":" ","price":4.73},{"type":"B","date":"2018-04-06T07:24:04.000Z","volume":1000,"label":" ","price":4.72},{"type":"B","date":"2018-04-06T07:24:14.000Z","volume":500,"label":" ","price":4.72},{"type":"A","date":"2018-04-06T07:24:17.000Z","volume":1000,"label":"Y","price":4.73},{"type":"A","date":"2018-04-06T07:24:17.000Z","volume":500,"label":" ","price":4.73},{"type":"A","date":"2018-04-06T07:24:17.000Z","volume":1500,"label":"Y","price":4.73},{"type":"B","date":"2018-04-06T07:24:54.000Z","volume":41500,"label":" ","price":4.72},{"type":"B","date":"2018-04-06T07:24:54.000Z","volume":238500,"label":" ","price":4.71},{"type":"B","date":"2018-04-06T07:24:55.000Z","volume":24000,"label":" ","price":4.72},{"type":"B","date":"2018-04-06T07:24:55.000Z","volume":8500,"label":"Y","price":4.72},{"type":"B","date":"2018-04-06T07:24:55.000Z","volume":1500,"label":" ","price":4.72},{"type":"B","date":"2018-04-06T07:24:55.000Z","volume":21000,"label":" ","price":4.71},{"type":"B","date":"2018-04-06T07:24:55.000Z","volume":2500,"label":"Y","price":4.72},{"type":"U","date":"2018-04-06T07:24:58.000Z","volume":1500,"label":"X","price":4.725},{"type":"B","date":"2018-04-06T07:25:02.000Z","volume":1000,"label":"Y","price":4.72},{"type":"B","date":"2018-04-06T07:25:02.000Z","volume":500,"label":" ","price":4.72},{"type":"B","date":"2018-04-06T07:25:02.000Z","volume":2500,"label":" ","price":4.72},{"type":"B","date":"2018-04-06T07:25:03.000Z","volume":500,"label":" ","price":4.71},{"type":"B","date":"2018-04-06T07:25:20.000Z","volume":500,"label":"Y","price":4.71},{"type":"B","date":"2018-04-06T07:25:20.000Z","volume":500,"label":" ","price":4.71},{"type":"B","date":"2018-04-06T07:25:45.000Z","volume":4000,"label":" ","price":4.71},{"type":"B","date":"2018-04-06T07:25:46.000Z","volume":500,"label":" ","price":4.71},{"type":"B","date":"2018-04-06T07:26:11.000Z","volume":1500,"label":" ","price":4.71},{"type":"B","date":"2018-04-06T07:26:12.000Z","volume":500,"label":" ","price":4.71},{"type":"B","date":"2018-04-06T07:26:15.000Z","volume":3500,"label":" ","price":4.71},{"type":"B","date":"2018-04-06T07:26:15.000Z","volume":500,"label":" ","price":4.71},{"type":"B","date":"2018-04-06T07:26:16.000Z","volume":24000,"label":" ","price":4.7},{"type":"B","date":"2018-04-06T07:26:16.000Z","volume":1500,"label":" ","price":4.69},{"type":"B","date":"2018-04-06T07:26:16.000Z","volume":1500,"label":" ","price":4.69},{"type":"B","date":"2018-04-06T07:26:27.000Z","volume":500,"label":" ","price":4.68},{"type":"U","date":"2018-04-06T07:28:39.000Z","volume":1500,"label":"X","price":4.695},{"type":"B","date":"2018-04-06T07:28:47.000Z","volume":500,"label":" ","price":4.68},{"type":"A","date":"2018-04-06T07:28:55.000Z","volume":50000,"label":" ","price":4.71},{"type":"U","date":"2018-04-06T07:28:56.000Z","volume":2000,"label":" ","price":4.69},{"type":"A","date":"2018-04-06T07:30:05.000Z","volume":500,"label":" ","price":4.71},{"type":"A","date":"2018-04-06T07:34:07.000Z","volume":500,"label":" ","price":4.69},{"type":"A","date":"2018-04-06T07:34:47.000Z","volume":2000,"label":"Y","price":4.69},{"type":"B","date":"2018-04-06T07:34:47.000Z","volume":2000,"label":" ","price":4.68},{"type":"B","date":"2018-04-06T07:35:24.000Z","volume":1000,"label":" ","price":4.68},{"type":"B","date":"2018-04-06T07:35:59.000Z","volume":500,"label":" ","price":4.68},{"type":"B","date":"2018-04-06T07:37:47.000Z","volume":1500,"label":" ","price":4.68},{"type":"A","date":"2018-04-06T07:38:17.000Z","volume":500,"label":"Y","price":4.69},{"type":"A","date":"2018-04-06T07:38:17.000Z","volume":1500,"label":" ","price":4.69},{"type":"A","date":"2018-04-06T07:38:17.000Z","volume":2500,"label":" ","price":4.69},{"type":"B","date":"2018-04-06T07:38:17.000Z","volume":1000,"label":"Y","price":4.68},{"type":"B","date":"2018-04-06T07:38:17.000Z","volume":1500,"label":" ","price":4.68},{"type":"B","date":"2018-04-06T07:38:17.000Z","volume":1000,"label":"Y","price":4.68},{"type":"B","date":"2018-04-06T07:38:17.000Z","volume":500,"label":"Y","price":4.68},{"type":"B","date":"2018-04-06T07:38:17.000Z","volume":500,"label":" ","price":4.68},{"type":"B","date":"2018-04-06T07:38:17.000Z","volume":1500,"label":"Y","price":4.68},{"type":"B","date":"2018-04-06T07:38:17.000Z","volume":500,"label":"Y","price":4.68},{"type":"B","date":"2018-04-06T07:38:17.000Z","volume":1500,"label":" ","price":4.68},{"type":"B","date":"2018-04-06T07:38:17.000Z","volume":1000,"label":"Y","price":4.68},{"type":"B","date":"2018-04-06T07:38:19.000Z","volume":500,"label":" ","price":4.68},{"type":"A","date":"2018-04-06T07:38:34.000Z","volume":500,"label":" ","price":4.69},{"type":"A","date":"2018-04-06T07:38:48.000Z","volume":500,"label":" ","price":4.69},{"type":"A","date":"2018-04-06T07:39:07.000Z","volume":3500,"label":" ","price":4.69},{"type":"A","date":"2018-04-06T07:39:07.000Z","volume":2000,"label":" ","price":4.69},{"type":"A","date":"2018-04-06T07:39:19.000Z","volume":500,"label":" ","price":4.69},{"type":"A","date":"2018-04-06T07:40:08.000Z","volume":8000,"label":" ","price":4.69},{"type":"B","date":"2018-04-06T07:40:20.000Z","volume":500,"label":" ","price":4.68},{"type":"B","date":"2018-04-06T07:40:24.000Z","volume":1000,"label":" ","price":4.68},{"type":"B","date":"2018-04-06T07:40:39.000Z","volume":4000,"label":" ","price":4.68},{"type":"A","date":"2018-04-06T07:40:49.000Z","volume":2000,"label":" ","price":4.69},{"type":"A","date":"2018-04-06T07:41:32.000Z","volume":1500,"label":"Y","price":4.69},{"type":"A","date":"2018-04-06T07:41:32.000Z","volume":500,"label":" ","price":4.69},{"type":"A","date":"2018-04-06T07:41:32.000Z","volume":1500,"label":" ","price":4.69},{"type":"A","date":"2018-04-06T07:42:11.000Z","volume":500,"label":" ","price":4.69},{"type":"B","date":"2018-04-06T07:42:20.000Z","volume":500,"label":" ","price":4.68},{"type":"B","date":"2018-04-06T07:43:46.000Z","volume":7500,"label":" ","price":4.68},{"type":"A","date":"2018-04-06T07:43:46.000Z","volume":500,"label":" ","price":4.69},{"type":"B","date":"2018-04-06T07:43:47.000Z","volume":1500,"label":" ","price":4.68},{"type":"B","date":"2018-04-06T07:43:47.000Z","volume":1000,"label":"Y","price":4.68},{"type":"B","date":"2018-04-06T07:43:47.000Z","volume":1500,"label":" ","price":4.68},{"type":"B","date":"2018-04-06T07:44:01.000Z","volume":500,"label":" ","price":4.68},{"type":"B","date":"2018-04-06T07:45:31.000Z","volume":500,"label":" ","price":4.68},{"type":"A","date":"2018-04-06T07:45:43.000Z","volume":36000,"label":" ","price":4.69},{"type":"B","date":"2018-04-06T07:45:43.000Z","volume":500,"label":" ","price":4.69},{"type":"B","date":"2018-04-06T07:45:43.000Z","volume":1500,"label":" ","price":4.69},{"type":"B","date":"2018-04-06T07:45:47.000Z","volume":1500,"label":" ","price":4.69},{"type":"U","date":"2018-04-06T07:45:47.000Z","volume":2500,"label":"X","price":4.695},{"type":"U","date":"2018-04-06T07:46:38.000Z","volume":1500,"label":"X","price":4.695},{"type":"B","date":"2018-04-06T07:46:56.000Z","volume":1500,"label":" ","price":4.69},{"type":"B","date":"2018-04-06T07:47:41.000Z","volume":1000,"label":"Y","price":4.69},{"type":"B","date":"2018-04-06T07:47:41.000Z","volume":1000,"label":" ","price":4.69},{"type":"A","date":"2018-04-06T07:47:49.000Z","volume":40000,"label":" ","price":4.7},{"type":"B","date":"2018-04-06T07:47:49.000Z","volume":500,"label":" ","price":4.7},{"type":"B","date":"2018-04-06T07:47:49.000Z","volume":2000,"label":"Y","price":4.69},{"type":"U","date":"2018-04-06T07:48:53.000Z","volume":1500,"label":"X","price":4.705},{"type":"B","date":"2018-04-06T07:49:13.000Z","volume":500,"label":" ","price":4.7},{"type":"A","date":"2018-04-06T07:50:20.000Z","volume":1000,"label":" ","price":4.71},{"type":"B","date":"2018-04-06T07:50:24.000Z","volume":500,"label":" ","price":4.7},{"type":"A","date":"2018-04-06T07:50:24.000Z","volume":1000,"label":" ","price":4.71},{"type":"U","date":"2018-04-06T07:50:25.000Z","volume":2000,"label":"X","price":4.705},{"type":"A","date":"2018-04-06T07:50:57.000Z","volume":3000,"label":" ","price":4.71},{"type":"B","date":"2018-04-06T07:50:58.000Z","volume":500,"label":"Y","price":4.7},{"type":"A","date":"2018-04-06T07:51:11.000Z","volume":500,"label":" ","price":4.71},{"type":"A","date":"2018-04-06T07:51:19.000Z","volume":39500,"label":" ","price":4.71},{"type":"A","date":"2018-04-06T07:51:19.000Z","volume":6000,"label":" ","price":4.72},{"type":"A","date":"2018-04-06T07:51:19.000Z","volume":500,"label":" ","price":4.73},{"type":"A","date":"2018-04-06T07:51:19.000Z","volume":30500,"label":" ","price":4.74},{"type":"A","date":"2018-04-06T07:51:19.000Z","volume":23500,"label":" ","price":4.74},{"type":"U","date":"2018-04-06T07:51:19.000Z","volume":1500,"label":" ","price":4.74},{"type":"B","date":"2018-04-06T07:51:19.000Z","volume":500,"label":" ","price":4.73},{"type":"B","date":"2018-04-06T07:51:19.000Z","volume":4500,"label":"Y","price":4.7},{"type":"B","date":"2018-04-06T07:51:19.000Z","volume":3500,"label":" ","price":4.7},{"type":"A","date":"2018-04-06T07:51:20.000Z","volume":4500,"label":" ","price":4.74},{"type":"B","date":"2018-04-06T07:51:20.000Z","volume":500,"label":"Y","price":4.7},{"type":"A","date":"2018-04-06T07:51:40.000Z","volume":35000,"label":" ","price":4.73},{"type":"A","date":"2018-04-06T07:51:40.000Z","volume":51000,"label":" ","price":4.74},{"type":"A","date":"2018-04-06T07:51:40.000Z","volume":14000,"label":" ","price":4.75},{"type":"U","date":"2018-04-06T07:51:40.000Z","volume":3500,"label":" ","price":4.71},{"type":"A","date":"2018-04-06T07:51:47.000Z","volume":1500,"label":" ","price":4.75},{"type":"U","date":"2018-04-06T07:52:03.000Z","volume":1500,"label":"X","price":4.755},{"type":"A","date":"2018-04-06T07:52:04.000Z","volume":139500,"label":" ","price":4.76},{"type":"A","date":"2018-04-06T07:52:04.000Z","volume":23000,"label":" ","price":4.77},{"type":"A","date":"2018-04-06T07:52:04.000Z","volume":10000,"label":" ","price":4.79},{"type":"A","date":"2018-04-06T07:52:04.000Z","volume":19500,"label":" ","price":4.8},{"type":"B","date":"2018-04-06T07:52:04.000Z","volume":8000,"label":" ","price":4.8},{"type":"B","date":"2018-04-06T07:52:04.000Z","volume":500,"label":" ","price":4.8},{"type":"B","date":"2018-04-06T07:52:04.000Z","volume":500,"label":" ","price":4.79},{"type":"B","date":"2018-04-06T07:52:04.000Z","volume":2500,"label":" ","price":4.79},{"type":"B","date":"2018-04-06T07:52:04.000Z","volume":4000,"label":"Y","price":4.75},{"type":"A","date":"2018-04-06T07:52:05.000Z","volume":4500,"label":" ","price":4.8},{"type":"B","date":"2018-04-06T07:52:05.000Z","volume":500,"label":" ","price":4.76},{"type":"A","date":"2018-04-06T07:52:32.000Z","volume":37000,"label":" ","price":4.79},{"type":"A","date":"2018-04-06T07:52:32.000Z","volume":23500,"label":" ","price":4.8},{"type":"A","date":"2018-04-06T07:52:32.000Z","volume":20000,"label":" ","price":4.81},{"type":"A","date":"2018-04-06T07:52:32.000Z","volume":19500,"label":" ","price":4.84},{"type":"A","date":"2018-04-06T07:52:32.000Z","volume":40000,"label":" ","price":4.85},{"type":"A","date":"2018-04-06T07:52:32.000Z","volume":54500,"label":" ","price":4.85},{"type":"B","date":"2018-04-06T07:52:32.000Z","volume":6000,"label":" ","price":4.85},{"type":"B","date":"2018-04-06T07:52:32.000Z","volume":500,"label":" ","price":4.84},{"type":"B","date":"2018-04-06T07:52:32.000Z","volume":4000,"label":" ","price":4.78},{"type":"B","date":"2018-04-06T07:52:32.000Z","volume":2500,"label":"Y","price":4.77},{"type":"B","date":"2018-04-06T07:52:32.000Z","volume":9000,"label":" ","price":4.77},{"type":"U","date":"2018-04-06T07:53:02.000Z","volume":500,"label":"X","price":4.81},{"type":"A","date":"2018-04-06T07:53:10.000Z","volume":34500,"label":" ","price":4.82},{"type":"A","date":"2018-04-06T07:53:10.000Z","volume":8000,"label":" ","price":4.83},{"type":"A","date":"2018-04-06T07:53:10.000Z","volume":24000,"label":" ","price":4.84},{"type":"A","date":"2018-04-06T07:53:10.000Z","volume":8500,"label":" ","price":4.85},{"type":"B","date":"2018-04-06T07:53:10.000Z","volume":6000,"label":" ","price":4.85},{"type":"A","date":"2018-04-06T07:53:17.000Z","volume":2500,"label":" ","price":4.87},{"type":"B","date":"2018-04-06T07:53:23.000Z","volume":19500,"label":" ","price":4.85},{"type":"B","date":"2018-04-06T07:53:24.000Z","volume":3000,"label":" ","price":4.81},{"type":"A","date":"2018-04-06T07:53:26.000Z","volume":10000,"label":" ","price":4.85},{"type":"B","date":"2018-04-06T07:53:27.000Z","volume":1000,"label":"Y","price":4.8},{"type":"A","date":"2018-04-06T07:53:27.000Z","volume":22000,"label":" ","price":4.85},{"type":"A","date":"2018-04-06T07:53:27.000Z","volume":18000,"label":" ","price":4.86},{"type":"A","date":"2018-04-06T07:53:27.000Z","volume":32500,"label":" ","price":4.87},{"type":"A","date":"2018-04-06T07:53:27.000Z","volume":19500,"label":" ","price":4.88},{"type":"A","date":"2018-04-06T07:53:27.000Z","volume":8000,"label":" ","price":4.89},{"type":"B","date":"2018-04-06T07:53:27.000Z","volume":7500,"label":" ","price":4.81},{"type":"B","date":"2018-04-06T07:53:27.000Z","volume":1000,"label":"Y","price":4.8},{"type":"A","date":"2018-04-06T07:54:34.000Z","volume":1000,"label":" ","price":4.86},{"type":"B","date":"2018-04-06T07:54:35.000Z","volume":500,"label":" ","price":4.84},{"type":"B","date":"2018-04-06T07:54:35.000Z","volume":500,"label":" ","price":4.84},{"type":"B","date":"2018-04-06T07:54:51.000Z","volume":500,"label":"Y","price":4.83},{"type":"B","date":"2018-04-06T07:54:51.000Z","volume":13500,"label":" ","price":4.83},{"type":"B","date":"2018-04-06T07:54:52.000Z","volume":1500,"label":"Y","price":4.83},{"type":"A","date":"2018-04-06T07:55:01.000Z","volume":45000,"label":" ","price":4.84},{"type":"A","date":"2018-04-06T07:55:01.000Z","volume":14000,"label":" ","price":4.85},{"type":"A","date":"2018-04-06T07:55:01.000Z","volume":27500,"label":" ","price":4.86},{"type":"A","date":"2018-04-06T07:55:01.000Z","volume":2000,"label":" ","price":4.87},{"type":"A","date":"2018-04-06T07:55:01.000Z","volume":7500,"label":" ","price":4.88},{"type":"A","date":"2018-04-06T07:55:01.000Z","volume":4000,"label":" ","price":4.89},{"type":"B","date":"2018-04-06T07:55:01.000Z","volume":5500,"label":"Y","price":4.83},{"type":"B","date":"2018-04-06T07:55:01.000Z","volume":4500,"label":"Y","price":4.82},{"type":"B","date":"2018-04-06T07:55:01.000Z","volume":500,"label":" ","price":4.82},{"type":"A","date":"2018-04-06T07:55:20.000Z","volume":1000,"label":" ","price":4.86},{"type":"U","date":"2018-04-06T07:55:35.000Z","volume":2500,"label":"X","price":4.85},{"type":"A","date":"2018-04-06T07:55:41.000Z","volume":500,"label":" ","price":4.85},{"type":"U","date":"2018-04-06T07:55:58.000Z","volume":500,"label":"X","price":4.845},{"type":"B","date":"2018-04-06T07:56:07.000Z","volume":3500,"label":" ","price":4.84},{"type":"B","date":"2018-04-06T07:56:08.000Z","volume":500,"label":" ","price":4.84},{"type":"B","date":"2018-04-06T07:56:23.000Z","volume":6000,"label":" ","price":4.84},{"type":"B","date":"2018-04-06T07:56:23.000Z","volume":500,"label":" ","price":4.84},{"type":"B","date":"2018-04-06T07:56:24.000Z","volume":1000,"label":" ","price":4.83},{"type":"B","date":"2018-04-06T07:56:25.000Z","volume":4000,"label":" ","price":4.83},{"type":"B","date":"2018-04-06T07:56:26.000Z","volume":500,"label":" ","price":4.82},{"type":"A","date":"2018-04-06T07:56:30.000Z","volume":500,"label":" ","price":4.83},{"type":"A","date":"2018-04-06T07:56:32.000Z","volume":500,"label":" ","price":4.83},{"type":"A","date":"2018-04-06T07:56:38.000Z","volume":9000,"label":" ","price":4.83},{"type":"A","date":"2018-04-06T07:56:38.000Z","volume":5500,"label":" ","price":4.84},{"type":"A","date":"2018-04-06T07:56:38.000Z","volume":10500,"label":" ","price":4.85},{"type":"A","date":"2018-04-06T07:56:38.000Z","volume":1000,"label":" ","price":4.86},{"type":"A","date":"2018-04-06T07:56:38.000Z","volume":16500,"label":" ","price":4.87},{"type":"A","date":"2018-04-06T07:56:38.000Z","volume":33500,"label":" ","price":4.88},{"type":"A","date":"2018-04-06T07:56:38.000Z","volume":24000,"label":" ","price":4.89},{"type":"B","date":"2018-04-06T07:56:38.000Z","volume":500,"label":"Y","price":4.82},{"type":"B","date":"2018-04-06T07:56:38.000Z","volume":5500,"label":" ","price":4.82},{"type":"B","date":"2018-04-06T07:56:38.000Z","volume":11000,"label":" ","price":4.82},{"type":"B","date":"2018-04-06T07:56:38.000Z","volume":500,"label":" ","price":4.81},{"type":"B","date":"2018-04-06T07:57:32.000Z","volume":6500,"label":" ","price":4.82},{"type":"B","date":"2018-04-06T07:57:33.000Z","volume":1000,"label":" ","price":4.81},{"type":"U","date":"2018-04-06T07:57:48.000Z","volume":500,"label":"X","price":4.815},{"type":"B","date":"2018-04-06T07:57:51.000Z","volume":1000,"label":" ","price":4.81},{"type":"A","date":"2018-04-06T07:57:52.000Z","volume":4000,"label":" ","price":4.82},{"type":"A","date":"2018-04-06T07:57:52.000Z","volume":500,"label":" ","price":4.83},{"type":"A","date":"2018-04-06T07:57:52.000Z","volume":95500,"label":" ","price":4.84},{"type":"B","date":"2018-04-06T07:57:52.000Z","volume":1000,"label":"Y","price":4.81},{"type":"B","date":"2018-04-06T07:57:52.000Z","volume":2500,"label":" ","price":4.81},{"type":"B","date":"2018-04-06T07:57:52.000Z","volume":1500,"label":" ","price":4.79},{"type":"A","date":"2018-04-06T07:58:13.000Z","volume":28500,"label":" ","price":4.83},{"type":"A","date":"2018-04-06T07:58:13.000Z","volume":128500,"label":" ","price":4.84},{"type":"B","date":"2018-04-06T07:58:27.000Z","volume":46000,"label":" ","price":4.84},{"type":"A","date":"2018-04-06T07:59:02.000Z","volume":2500,"label":" ","price":4.84},{"type":"B","date":"2018-04-06T07:59:02.000Z","volume":500,"label":"Y","price":4.83},{"type":"A","date":"2018-04-06T07:59:02.000Z","volume":500,"label":" ","price":4.84},{"type":"A","date":"2018-04-06T07:59:02.000Z","volume":500,"label":" ","price":4.84},{"type":"A","date":"2018-04-06T07:59:03.000Z","volume":27000,"label":" ","price":4.84},{"type":"A","date":"2018-04-06T07:59:03.000Z","volume":6000,"label":" ","price":4.85},{"type":"A","date":"2018-04-06T07:59:03.000Z","volume":26000,"label":" ","price":4.87},{"type":"A","date":"2018-04-06T07:59:03.000Z","volume":38500,"label":" ","price":4.89},{"type":"A","date":"2018-04-06T07:59:03.000Z","volume":2500,"label":" ","price":4.9},{"type":"A","date":"2018-04-06T07:59:04.000Z","volume":500,"label":"Y","price":4.9},{"type":"A","date":"2018-04-06T07:59:20.000Z","volume":18500,"label":" ","price":4.87},{"type":"A","date":"2018-04-06T07:59:20.000Z","volume":81500,"label":" ","price":4.9},{"type":"B","date":"2018-04-06T07:59:32.000Z","volume":500,"label":"Y","price":4.88},{"type":"B","date":"2018-04-06T07:59:32.000Z","volume":1500,"label":" ","price":4.88},{"type":"A","date":"2018-04-06T07:59:41.000Z","volume":1000,"label":" ","price":4.9},{"type":"B","date":"2018-04-06T07:59:41.000Z","volume":500,"label":" ","price":4.84},{"type":"A","date":"2018-04-06T07:59:41.000Z","volume":33000,"label":" ","price":4.9},{"type":"A","date":"2018-04-06T07:59:41.000Z","volume":16000,"label":" ","price":4.91},{"type":"A","date":"2018-04-06T07:59:41.000Z","volume":16000,"label":" ","price":4.92},{"type":"A","date":"2018-04-06T07:59:41.000Z","volume":16000,"label":" ","price":4.93},{"type":"A","date":"2018-04-06T07:59:41.000Z","volume":18000,"label":" ","price":4.94},{"type":"A","date":"2018-04-06T07:59:41.000Z","volume":1000,"label":" ","price":4.95},{"type":"A","date":"2018-04-06T07:59:48.000Z","volume":3000,"label":" ","price":4.95},{"type":"B","date":"2018-04-06T07:59:56.000Z","volume":500,"label":"Y","price":4.88},{"type":"A","date":"2018-04-06T07:59:59.000Z","volume":3000,"label":" ","price":4.95},{"type":"U","date":"2018-04-06T08:08:20.000Z","volume":250500,"label":"U","price":4.94}]