[{"type":"A","date":"2018-04-19T01:30:06.000Z","volume":23000,"label":" ","price":6.5},{"type":"A","date":"2018-04-19T01:32:52.000Z","volume":5000,"label":" ","price":6.47},{"type":"A","date":"2018-04-19T01:49:04.000Z","volume":17000,"label":" ","price":6.45},{"type":"A","date":"2018-04-19T02:05:54.000Z","volume":5000,"label":" ","price":6.46},{"type":"A","date":"2018-04-19T02:06:18.000Z","volume":1000,"label":" ","price":6.46},{"type":"A","date":"2018-04-19T02:09:11.000Z","volume":3000,"label":" ","price":6.48},{"type":"A","date":"2018-04-19T02:31:42.000Z","volume":13000,"label":" ","price":6.42},{"type":"A","date":"2018-04-19T02:41:29.000Z","volume":11000,"label":" ","price":6.41},{"type":"A","date":"2018-04-19T03:12:22.000Z","volume":8000,"label":" ","price":6.39},{"type":"A","date":"2018-04-19T03:22:18.000Z","volume":6000,"label":" ","price":6.39},{"type":"A","date":"2018-04-19T03:56:26.000Z","volume":10000,"label":" ","price":6.39},{"type":"A","date":"2018-04-19T05:04:55.000Z","volume":14000,"label":" ","price":6.42},{"type":"A","date":"2018-04-19T05:06:06.000Z","volume":9000,"label":" ","price":6.42},{"type":"A","date":"2018-04-19T05:11:11.000Z","volume":23000,"label":" ","price":6.4},{"type":"A","date":"2018-04-19T05:22:11.000Z","volume":18000,"label":" ","price":6.43},{"type":"A","date":"2018-04-19T05:22:16.000Z","volume":5000,"label":" ","price":6.43},{"type":"A","date":"2018-04-19T05:47:59.000Z","volume":16000,"label":" ","price":6.4},{"type":"A","date":"2018-04-19T06:34:04.000Z","volume":7000,"label":" ","price":6.38},{"type":"A","date":"2018-04-19T06:50:34.000Z","volume":9000,"label":" ","price":6.34},{"type":"A","date":"2018-04-19T06:50:35.000Z","volume":7000,"label":" ","price":6.34},{"type":"A","date":"2018-04-19T07:01:48.000Z","volume":23000,"label":" ","price":6.34},{"type":"A","date":"2018-04-19T07:09:01.000Z","volume":2000,"label":" ","price":6.34},{"type":"A","date":"2018-04-19T07:31:17.000Z","volume":30000,"label":" ","price":6.4},{"type":"A","date":"2018-04-19T07:48:03.000Z","volume":11000,"label":" ","price":6.38}]