[{"type":"B","date":"2018-03-22T01:30:30.000Z","volume":5000,"label":" ","price":0.32},{"type":"U","date":"2018-03-22T01:30:42.000Z","volume":1880,"label":"D","price":0.3},{"type":"B","date":"2018-03-22T01:38:25.000Z","volume":5000,"label":" ","price":0.32},{"type":"A","date":"2018-03-22T01:43:00.000Z","volume":200000,"label":" ","price":0.325},{"type":"A","date":"2018-03-22T02:15:53.000Z","volume":200000,"label":"Y","price":0.325},{"type":"B","date":"2018-03-22T02:34:05.000Z","volume":1000000,"label":"Y","price":0.32},{"type":"B","date":"2018-03-22T02:34:05.000Z","volume":620000,"label":" ","price":0.32},{"type":"A","date":"2018-03-22T02:34:07.000Z","volume":50000,"label":" ","price":0.32},{"type":"A","date":"2018-03-22T02:34:13.000Z","volume":25000,"label":" ","price":0.32},{"type":"B","date":"2018-03-22T02:53:22.000Z","volume":200000,"label":" ","price":0.315},{"type":"B","date":"2018-03-22T03:06:16.000Z","volume":320000,"label":" ","price":0.315},{"type":"B","date":"2018-03-22T03:06:30.000Z","volume":10000,"label":" ","price":0.315},{"type":"B","date":"2018-03-22T03:24:41.000Z","volume":30000,"label":" ","price":0.31},{"type":"B","date":"2018-03-22T03:26:32.000Z","volume":200000,"label":" ","price":0.31},{"type":"B","date":"2018-03-22T03:33:53.000Z","volume":380000,"label":" ","price":0.31},{"type":"B","date":"2018-03-22T03:36:39.000Z","volume":10000,"label":" ","price":0.31},{"type":"B","date":"2018-03-22T03:38:57.000Z","volume":150000,"label":" ","price":0.31},{"type":"B","date":"2018-03-22T03:39:30.000Z","volume":100000,"label":" ","price":0.31},{"type":"B","date":"2018-03-22T03:44:27.000Z","volume":10000,"label":" ","price":0.31},{"type":"B","date":"2018-03-22T03:44:38.000Z","volume":50000,"label":" ","price":0.31},{"type":"B","date":"2018-03-22T03:46:41.000Z","volume":100000,"label":" ","price":0.31},{"type":"A","date":"2018-03-22T03:47:57.000Z","volume":20000,"label":" ","price":0.315},{"type":"A","date":"2018-03-22T03:48:43.000Z","volume":40000,"label":" ","price":0.315},{"type":"A","date":"2018-03-22T03:54:13.000Z","volume":1000000,"label":" ","price":0.315},{"type":"A","date":"2018-03-22T05:03:50.000Z","volume":5000,"label":" ","price":0.315},{"type":"A","date":"2018-03-22T05:05:53.000Z","volume":40000,"label":" ","price":0.315},{"type":"B","date":"2018-03-22T05:11:51.000Z","volume":5000,"label":" ","price":0.315},{"type":"B","date":"2018-03-22T05:51:10.000Z","volume":5000,"label":"Y","price":0.315},{"type":"B","date":"2018-03-22T05:51:10.000Z","volume":95000,"label":" ","price":0.315},{"type":"U","date":"2018-03-22T05:51:27.000Z","volume":2851,"label":"D","price":0.3},{"type":"B","date":"2018-03-22T05:52:57.000Z","volume":75000,"label":" ","price":0.315},{"type":"B","date":"2018-03-22T06:01:26.000Z","volume":20000,"label":" ","price":0.315},{"type":"B","date":"2018-03-22T06:02:38.000Z","volume":150000,"label":" ","price":0.315},{"type":"B","date":"2018-03-22T06:03:02.000Z","volume":10000,"label":" ","price":0.315},{"type":"B","date":"2018-03-22T06:04:57.000Z","volume":30000,"label":" ","price":0.315},{"type":"B","date":"2018-03-22T06:06:33.000Z","volume":100000,"label":" ","price":0.315},{"type":"B","date":"2018-03-22T06:07:59.000Z","volume":125000,"label":" ","price":0.315},{"type":"B","date":"2018-03-22T06:35:40.000Z","volume":60000,"label":" ","price":0.31},{"type":"B","date":"2018-03-22T06:47:34.000Z","volume":100000,"label":" ","price":0.31},{"type":"B","date":"2018-03-22T06:48:51.000Z","volume":30000,"label":" ","price":0.31},{"type":"A","date":"2018-03-22T07:13:48.000Z","volume":5000,"label":" ","price":0.315},{"type":"B","date":"2018-03-22T07:19:44.000Z","volume":35000,"label":" ","price":0.31},{"type":"B","date":"2018-03-22T07:24:47.000Z","volume":40000,"label":" ","price":0.31},{"type":"B","date":"2018-03-22T07:45:53.000Z","volume":220000,"label":" ","price":0.31},{"type":"B","date":"2018-03-22T07:47:19.000Z","volume":40000,"label":" ","price":0.31},{"type":"B","date":"2018-03-22T07:47:32.000Z","volume":15000,"label":" ","price":0.31},{"type":"A","date":"2018-03-22T07:51:27.000Z","volume":100000,"label":" ","price":0.31},{"type":"A","date":"2018-03-22T07:52:39.000Z","volume":100000,"label":" ","price":0.31},{"type":"B","date":"2018-03-22T07:56:48.000Z","volume":140000,"label":" ","price":0.305}]