[{"type":"U","date":"2018-03-29T01:20:00.000Z","volume":6600,"label":"U","price":39.05},{"type":"B","date":"2018-03-29T01:30:13.000Z","volume":400,"label":" ","price":38.65},{"type":"U","date":"2018-03-29T01:30:14.000Z","volume":16,"label":"D","price":39.05},{"type":"A","date":"2018-03-29T01:30:15.000Z","volume":100,"label":" ","price":38.95},{"type":"U","date":"2018-03-29T01:30:17.000Z","volume":100,"label":"X","price":38.65},{"type":"A","date":"2018-03-29T01:30:24.000Z","volume":100,"label":" ","price":38.95},{"type":"U","date":"2018-03-29T01:30:30.000Z","volume":300,"label":" ","price":38.9},{"type":"U","date":"2018-03-29T01:30:30.000Z","volume":100,"label":" ","price":38.9},{"type":"U","date":"2018-03-29T01:30:30.000Z","volume":300,"label":" ","price":38.9},{"type":"B","date":"2018-03-29T01:30:30.000Z","volume":300,"label":" ","price":38.9},{"type":"U","date":"2018-03-29T01:30:31.000Z","volume":100,"label":"X","price":38.9},{"type":"A","date":"2018-03-29T01:30:31.000Z","volume":300,"label":" ","price":38.95},{"type":"A","date":"2018-03-29T01:30:33.000Z","volume":300,"label":" ","price":38.95},{"type":"B","date":"2018-03-29T01:30:33.000Z","volume":100,"label":" ","price":38.9},{"type":"A","date":"2018-03-29T01:30:34.000Z","volume":200,"label":" ","price":38.95},{"type":"B","date":"2018-03-29T01:30:35.000Z","volume":3700,"label":"Y","price":38.9},{"type":"B","date":"2018-03-29T01:30:35.000Z","volume":700,"label":" ","price":38.9},{"type":"B","date":"2018-03-29T01:30:35.000Z","volume":2500,"label":" ","price":38.9},{"type":"B","date":"2018-03-29T01:30:35.000Z","volume":400,"label":" ","price":38.75},{"type":"B","date":"2018-03-29T01:30:35.000Z","volume":500,"label":" ","price":38.75},{"type":"B","date":"2018-03-29T01:30:35.000Z","volume":200,"label":" ","price":38.75},{"type":"B","date":"2018-03-29T01:30:35.000Z","volume":100,"label":" ","price":38.75},{"type":"U","date":"2018-03-29T01:30:36.000Z","volume":300,"label":"X","price":38.75},{"type":"A","date":"2018-03-29T01:30:37.000Z","volume":1600,"label":" ","price":38.9},{"type":"B","date":"2018-03-29T01:30:37.000Z","volume":200,"label":" ","price":38.75},{"type":"B","date":"2018-03-29T01:30:37.000Z","volume":300,"label":" ","price":38.75},{"type":"U","date":"2018-03-29T01:30:39.000Z","volume":100,"label":"X","price":38.75},{"type":"A","date":"2018-03-29T01:30:39.000Z","volume":200,"label":" ","price":38.9},{"type":"A","date":"2018-03-29T01:30:59.000Z","volume":400,"label":" ","price":38.9},{"type":"B","date":"2018-03-29T01:31:00.000Z","volume":100,"label":" ","price":38.8},{"type":"B","date":"2018-03-29T01:31:00.000Z","volume":100,"label":" ","price":38.8},{"type":"A","date":"2018-03-29T01:31:00.000Z","volume":100,"label":" ","price":38.85},{"type":"B","date":"2018-03-29T01:31:03.000Z","volume":1400,"label":" ","price":38.8},{"type":"B","date":"2018-03-29T01:31:03.000Z","volume":300,"label":" ","price":38.8},{"type":"B","date":"2018-03-29T01:31:03.000Z","volume":1000,"label":" ","price":38.8},{"type":"B","date":"2018-03-29T01:31:03.000Z","volume":200,"label":" ","price":38.75},{"type":"B","date":"2018-03-29T01:31:03.000Z","volume":200,"label":" ","price":38.75},{"type":"A","date":"2018-03-29T01:31:03.000Z","volume":300,"label":" ","price":38.85},{"type":"A","date":"2018-03-29T01:31:04.000Z","volume":300,"label":" ","price":38.85},{"type":"B","date":"2018-03-29T01:31:04.000Z","volume":100,"label":" ","price":38.75},{"type":"A","date":"2018-03-29T01:31:04.000Z","volume":500,"label":" ","price":38.85},{"type":"B","date":"2018-03-29T01:31:04.000Z","volume":100,"label":" ","price":38.8},{"type":"A","date":"2018-03-29T01:31:06.000Z","volume":200,"label":" ","price":38.85},{"type":"A","date":"2018-03-29T01:31:19.000Z","volume":6800,"label":" ","price":38.85},{"type":"A","date":"2018-03-29T01:31:20.000Z","volume":500,"label":" ","price":38.9},{"type":"A","date":"2018-03-29T01:31:20.000Z","volume":1600,"label":" ","price":38.9},{"type":"B","date":"2018-03-29T01:31:20.000Z","volume":700,"label":" ","price":38.85},{"type":"B","date":"2018-03-29T01:31:20.000Z","volume":200,"label":" ","price":38.85},{"type":"B","date":"2018-03-29T01:31:20.000Z","volume":100,"label":" ","price":38.85},{"type":"A","date":"2018-03-29T01:31:21.000Z","volume":100,"label":" ","price":38.9},{"type":"A","date":"2018-03-29T01:31:21.000Z","volume":100,"label":" ","price":38.9},{"type":"A","date":"2018-03-29T01:31:21.000Z","volume":1500,"label":" ","price":38.9},{"type":"B","date":"2018-03-29T01:31:21.000Z","volume":200,"label":" ","price":38.8},{"type":"B","date":"2018-03-29T01:31:21.000Z","volume":300,"label":" ","price":38.8},{"type":"A","date":"2018-03-29T01:31:22.000Z","volume":100,"label":" ","price":38.9},{"type":"A","date":"2018-03-29T01:31:24.000Z","volume":600,"label":" ","price":38.9},{"type":"A","date":"2018-03-29T01:31:24.000Z","volume":100,"label":" ","price":38.9},{"type":"A","date":"2018-03-29T01:31:26.000Z","volume":100,"label":" ","price":38.9},{"type":"A","date":"2018-03-29T01:31:36.000Z","volume":100,"label":" ","price":38.9},{"type":"A","date":"2018-03-29T01:31:49.000Z","volume":500,"label":" ","price":38.9},{"type":"A","date":"2018-03-29T01:31:50.000Z","volume":600,"label":" ","price":38.9},{"type":"A","date":"2018-03-29T01:31:51.000Z","volume":200,"label":" ","price":38.9},{"type":"B","date":"2018-03-29T01:32:05.000Z","volume":1400,"label":"Y","price":38.85},{"type":"B","date":"2018-03-29T01:32:05.000Z","volume":6600,"label":" ","price":38.85},{"type":"B","date":"2018-03-29T01:32:05.000Z","volume":300,"label":" ","price":38.85},{"type":"A","date":"2018-03-29T01:32:05.000Z","volume":600,"label":" ","price":38.9},{"type":"B","date":"2018-03-29T01:32:05.000Z","volume":300,"label":" ","price":38.85},{"type":"B","date":"2018-03-29T01:32:05.000Z","volume":100,"label":" ","price":38.85},{"type":"B","date":"2018-03-29T01:32:05.000Z","volume":2600,"label":" ","price":38.85},{"type":"B","date":"2018-03-29T01:32:05.000Z","volume":200,"label":" ","price":38.8},{"type":"A","date":"2018-03-29T01:32:05.000Z","volume":100,"label":" ","price":38.9},{"type":"B","date":"2018-03-29T01:32:05.000Z","volume":100,"label":" ","price":38.8},{"type":"B","date":"2018-03-29T01:32:05.000Z","volume":400,"label":" ","price":38.8},{"type":"A","date":"2018-03-29T01:32:06.000Z","volume":300,"label":" ","price":38.9},{"type":"A","date":"2018-03-29T01:32:06.000Z","volume":600,"label":" ","price":38.9},{"type":"B","date":"2018-03-29T01:32:06.000Z","volume":100,"label":" ","price":38.8},{"type":"A","date":"2018-03-29T01:32:08.000Z","volume":1400,"label":" ","price":38.9},{"type":"A","date":"2018-03-29T01:32:08.000Z","volume":600,"label":" ","price":38.9},{"type":"B","date":"2018-03-29T01:32:08.000Z","volume":100,"label":" ","price":38.8},{"type":"B","date":"2018-03-29T01:32:08.000Z","volume":200,"label":" ","price":38.8},{"type":"B","date":"2018-03-29T01:32:08.000Z","volume":100,"label":" ","price":38.8},{"type":"A","date":"2018-03-29T01:32:09.000Z","volume":100,"label":" ","price":38.9},{"type":"A","date":"2018-03-29T01:32:11.000Z","volume":100,"label":" ","price":38.9},{"type":"A","date":"2018-03-29T01:32:14.000Z","volume":100,"label":" ","price":38.9},{"type":"B","date":"2018-03-29T01:33:12.000Z","volume":2000,"label":" ","price":38.85},{"type":"B","date":"2018-03-29T01:33:12.000Z","volume":100,"label":" ","price":38.85},{"type":"B","date":"2018-03-29T01:33:12.000Z","volume":300,"label":" ","price":38.85},{"type":"A","date":"2018-03-29T01:33:12.000Z","volume":500,"label":" ","price":38.9},{"type":"A","date":"2018-03-29T01:33:14.000Z","volume":200,"label":" ","price":38.9},{"type":"A","date":"2018-03-29T01:33:17.000Z","volume":300,"label":" ","price":38.9},{"type":"A","date":"2018-03-29T01:33:17.000Z","volume":100,"label":" ","price":38.9},{"type":"A","date":"2018-03-29T01:33:40.000Z","volume":100,"label":" ","price":38.9},{"type":"A","date":"2018-03-29T01:33:40.000Z","volume":200,"label":" ","price":38.9},{"type":"A","date":"2018-03-29T01:33:41.000Z","volume":500,"label":" ","price":38.9},{"type":"A","date":"2018-03-29T01:33:42.000Z","volume":100,"label":" ","price":38.9},{"type":"A","date":"2018-03-29T01:33:47.000Z","volume":100,"label":" ","price":38.9},{"type":"A","date":"2018-03-29T01:33:52.000Z","volume":100,"label":" ","price":38.9},{"type":"A","date":"2018-03-29T01:33:52.000Z","volume":3700,"label":"Y","price":38.9},{"type":"A","date":"2018-03-29T01:33:52.000Z","volume":24300,"label":" ","price":38.9},{"type":"A","date":"2018-03-29T01:33:52.000Z","volume":300,"label":" ","price":38.9},{"type":"A","date":"2018-03-29T01:33:52.000Z","volume":400,"label":" ","price":38.9},{"type":"A","date":"2018-03-29T01:33:52.000Z","volume":300,"label":" ","price":38.9},{"type":"A","date":"2018-03-29T01:33:52.000Z","volume":200,"label":" ","price":38.9},{"type":"A","date":"2018-03-29T01:33:52.000Z","volume":100,"label":" ","price":38.9},{"type":"A","date":"2018-03-29T01:33:52.000Z","volume":400,"label":" ","price":38.95},{"type":"A","date":"2018-03-29T01:33:52.000Z","volume":200,"label":" ","price":38.9},{"type":"A","date":"2018-03-29T01:33:52.000Z","volume":100,"label":" ","price":38.9},{"type":"A","date":"2018-03-29T01:33:53.000Z","volume":8300,"label":" ","price":38.95},{"type":"A","date":"2018-03-29T01:33:53.000Z","volume":500,"label":" ","price":39},{"type":"B","date":"2018-03-29T01:33:53.000Z","volume":100,"label":" ","price":38.9},{"type":"B","date":"2018-03-29T01:33:53.000Z","volume":200,"label":" ","price":38.9},{"type":"A","date":"2018-03-29T01:33:54.000Z","volume":2400,"label":" ","price":39},{"type":"U","date":"2018-03-29T01:33:54.000Z","volume":200,"label":" ","price":38.95},{"type":"B","date":"2018-03-29T01:33:54.000Z","volume":200,"label":" ","price":38.9},{"type":"U","date":"2018-03-29T01:33:54.000Z","volume":200,"label":" ","price":38.95},{"type":"U","date":"2018-03-29T01:33:54.000Z","volume":200,"label":" ","price":38.95},{"type":"A","date":"2018-03-29T01:33:55.000Z","volume":3000,"label":" ","price":39},{"type":"B","date":"2018-03-29T01:33:55.000Z","volume":300,"label":" ","price":39},{"type":"B","date":"2018-03-29T01:33:55.000Z","volume":300,"label":" ","price":39},{"type":"A","date":"2018-03-29T01:33:55.000Z","volume":400,"label":" ","price":39.05},{"type":"A","date":"2018-03-29T01:33:55.000Z","volume":2300,"label":" ","price":39.05},{"type":"B","date":"2018-03-29T01:33:56.000Z","volume":300,"label":" ","price":39},{"type":"A","date":"2018-03-29T01:33:56.000Z","volume":3800,"label":" ","price":39.05},{"type":"A","date":"2018-03-29T01:33:56.000Z","volume":300,"label":" ","price":39.05},{"type":"A","date":"2018-03-29T01:33:56.000Z","volume":400,"label":" ","price":39.05},{"type":"A","date":"2018-03-29T01:33:57.000Z","volume":1300,"label":" ","price":39.05},{"type":"B","date":"2018-03-29T01:33:57.000Z","volume":500,"label":"Y","price":39},{"type":"B","date":"2018-03-29T01:33:57.000Z","volume":4500,"label":" ","price":39},{"type":"A","date":"2018-03-29T01:33:57.000Z","volume":300,"label":" ","price":39.05},{"type":"B","date":"2018-03-29T01:33:57.000Z","volume":200,"label":" ","price":39},{"type":"B","date":"2018-03-29T01:33:57.000Z","volume":300,"label":" ","price":39},{"type":"B","date":"2018-03-29T01:33:57.000Z","volume":100,"label":" ","price":39},{"type":"A","date":"2018-03-29T01:33:59.000Z","volume":100,"label":" ","price":39.05},{"type":"B","date":"2018-03-29T01:34:18.000Z","volume":400,"label":" ","price":39},{"type":"B","date":"2018-03-29T01:34:19.000Z","volume":200,"label":" ","price":39},{"type":"A","date":"2018-03-29T01:34:21.000Z","volume":200,"label":" ","price":39.05},{"type":"B","date":"2018-03-29T01:34:51.000Z","volume":5000,"label":" ","price":39},{"type":"B","date":"2018-03-29T01:34:51.000Z","volume":400,"label":" ","price":39},{"type":"B","date":"2018-03-29T01:34:51.000Z","volume":100,"label":" ","price":39},{"type":"A","date":"2018-03-29T01:34:51.000Z","volume":700,"label":" ","price":39.05},{"type":"B","date":"2018-03-29T01:35:21.000Z","volume":800,"label":"Y","price":39},{"type":"B","date":"2018-03-29T01:35:21.000Z","volume":300,"label":" ","price":39},{"type":"B","date":"2018-03-29T01:35:21.000Z","volume":200,"label":" ","price":39},{"type":"A","date":"2018-03-29T01:35:23.000Z","volume":400,"label":" ","price":39.05},{"type":"B","date":"2018-03-29T01:35:47.000Z","volume":2000,"label":" ","price":39},{"type":"B","date":"2018-03-29T01:35:56.000Z","volume":1000,"label":" ","price":39},{"type":"B","date":"2018-03-29T01:35:56.000Z","volume":200,"label":" ","price":39},{"type":"B","date":"2018-03-29T01:36:00.000Z","volume":9400,"label":" ","price":39},{"type":"B","date":"2018-03-29T01:36:00.000Z","volume":600,"label":" ","price":38.95},{"type":"B","date":"2018-03-29T01:36:00.000Z","volume":12600,"label":" ","price":38.95},{"type":"A","date":"2018-03-29T01:36:00.000Z","volume":100,"label":" ","price":38.95},{"type":"A","date":"2018-03-29T01:36:00.000Z","volume":200,"label":" ","price":39},{"type":"B","date":"2018-03-29T01:36:00.000Z","volume":100,"label":" ","price":38.9},{"type":"A","date":"2018-03-29T01:36:00.000Z","volume":2300,"label":" ","price":39},{"type":"A","date":"2018-03-29T01:36:00.000Z","volume":600,"label":" ","price":39},{"type":"A","date":"2018-03-29T01:36:02.000Z","volume":300,"label":" ","price":39},{"type":"B","date":"2018-03-29T01:36:18.000Z","volume":300,"label":" ","price":38.9},{"type":"B","date":"2018-03-29T01:36:18.000Z","volume":300,"label":" ","price":38.9},{"type":"B","date":"2018-03-29T01:36:18.000Z","volume":500,"label":" ","price":38.9},{"type":"A","date":"2018-03-29T01:36:18.000Z","volume":300,"label":" ","price":38.95},{"type":"A","date":"2018-03-29T01:36:20.000Z","volume":200,"label":" ","price":38.95},{"type":"A","date":"2018-03-29T01:36:20.000Z","volume":600,"label":" ","price":38.95},{"type":"A","date":"2018-03-29T01:36:22.000Z","volume":100,"label":" ","price":38.95},{"type":"B","date":"2018-03-29T01:36:24.000Z","volume":3000,"label":" ","price":38.9},{"type":"B","date":"2018-03-29T01:36:24.000Z","volume":200,"label":" ","price":38.9},{"type":"A","date":"2018-03-29T01:36:25.000Z","volume":500,"label":" ","price":38.95},{"type":"B","date":"2018-03-29T01:36:26.000Z","volume":100,"label":" ","price":38.9},{"type":"B","date":"2018-03-29T01:36:26.000Z","volume":4200,"label":" ","price":38.9},{"type":"B","date":"2018-03-29T01:36:26.000Z","volume":400,"label":" ","price":38.85},{"type":"B","date":"2018-03-29T01:36:26.000Z","volume":6500,"label":" ","price":38.85},{"type":"B","date":"2018-03-29T01:36:26.000Z","volume":500,"label":" ","price":38.8},{"type":"B","date":"2018-03-29T01:36:26.000Z","volume":3300,"label":" ","price":38.8},{"type":"B","date":"2018-03-29T01:36:26.000Z","volume":2300,"label":" ","price":38.75},{"type":"B","date":"2018-03-29T01:36:26.000Z","volume":100,"label":" ","price":38.7},{"type":"B","date":"2018-03-29T01:36:26.000Z","volume":100,"label":" ","price":38.7},{"type":"B","date":"2018-03-29T01:36:27.000Z","volume":400,"label":" ","price":38.7},{"type":"B","date":"2018-03-29T01:36:33.000Z","volume":200,"label":" ","price":38.7},{"type":"B","date":"2018-03-29T01:36:33.000Z","volume":500,"label":" ","price":38.7},{"type":"B","date":"2018-03-29T01:36:33.000Z","volume":500,"label":" ","price":38.7},{"type":"B","date":"2018-03-29T01:36:33.000Z","volume":100,"label":" ","price":38.7},{"type":"B","date":"2018-03-29T01:36:33.000Z","volume":600,"label":" ","price":38.7},{"type":"A","date":"2018-03-29T01:36:33.000Z","volume":200,"label":" ","price":38.7},{"type":"B","date":"2018-03-29T01:36:33.000Z","volume":200,"label":" ","price":38.65},{"type":"A","date":"2018-03-29T01:36:33.000Z","volume":2800,"label":" ","price":38.7},{"type":"A","date":"2018-03-29T01:36:47.000Z","volume":3300,"label":" ","price":38.75},{"type":"A","date":"2018-03-29T01:36:47.000Z","volume":300,"label":" ","price":38.75},{"type":"A","date":"2018-03-29T01:36:49.000Z","volume":200,"label":" ","price":38.85},{"type":"U","date":"2018-03-29T01:37:02.000Z","volume":2000,"label":" ","price":38.8},{"type":"B","date":"2018-03-29T01:37:18.000Z","volume":900,"label":" ","price":38.8},{"type":"B","date":"2018-03-29T01:37:18.000Z","volume":300,"label":" ","price":38.8},{"type":"B","date":"2018-03-29T01:37:51.000Z","volume":900,"label":" ","price":38.8},{"type":"B","date":"2018-03-29T01:37:51.000Z","volume":400,"label":" ","price":38.8},{"type":"B","date":"2018-03-29T01:38:11.000Z","volume":1600,"label":" ","price":38.8},{"type":"A","date":"2018-03-29T01:38:24.000Z","volume":400,"label":" ","price":38.8},{"type":"A","date":"2018-03-29T01:38:25.000Z","volume":500,"label":" ","price":38.8},{"type":"B","date":"2018-03-29T01:38:26.000Z","volume":600,"label":" ","price":38.75},{"type":"A","date":"2018-03-29T01:38:26.000Z","volume":500,"label":" ","price":38.8},{"type":"B","date":"2018-03-29T01:39:17.000Z","volume":8000,"label":" ","price":38.75},{"type":"B","date":"2018-03-29T01:39:17.000Z","volume":300,"label":" ","price":38.7},{"type":"B","date":"2018-03-29T01:39:19.000Z","volume":1000,"label":"Y","price":38.7},{"type":"B","date":"2018-03-29T01:39:19.000Z","volume":900,"label":" ","price":38.7},{"type":"B","date":"2018-03-29T01:39:20.000Z","volume":200,"label":" ","price":38.7},{"type":"B","date":"2018-03-29T01:39:50.000Z","volume":2300,"label":" ","price":38.7},{"type":"B","date":"2018-03-29T01:39:50.000Z","volume":200,"label":" ","price":38.65},{"type":"U","date":"2018-03-29T01:39:50.000Z","volume":400,"label":" ","price":38.7},{"type":"U","date":"2018-03-29T01:39:50.000Z","volume":200,"label":" ","price":38.7},{"type":"B","date":"2018-03-29T01:39:50.000Z","volume":100,"label":" ","price":38.7},{"type":"B","date":"2018-03-29T01:39:52.000Z","volume":700,"label":" ","price":38.65},{"type":"B","date":"2018-03-29T01:39:52.000Z","volume":1700,"label":" ","price":38.65},{"type":"B","date":"2018-03-29T01:39:52.000Z","volume":200,"label":" ","price":38.6},{"type":"A","date":"2018-03-29T01:39:52.000Z","volume":500,"label":" ","price":38.75},{"type":"B","date":"2018-03-29T01:39:56.000Z","volume":4800,"label":" ","price":38.6},{"type":"B","date":"2018-03-29T01:39:56.000Z","volume":400,"label":" ","price":38.5},{"type":"B","date":"2018-03-29T01:40:23.000Z","volume":800,"label":" ","price":38.55},{"type":"B","date":"2018-03-29T01:40:48.000Z","volume":600,"label":" ","price":38.6},{"type":"B","date":"2018-03-29T01:40:48.000Z","volume":200,"label":" ","price":38.55},{"type":"B","date":"2018-03-29T01:40:48.000Z","volume":200,"label":" ","price":38.55},{"type":"B","date":"2018-03-29T01:40:48.000Z","volume":100,"label":" ","price":38.55},{"type":"B","date":"2018-03-29T01:40:48.000Z","volume":100,"label":" ","price":38.55},{"type":"B","date":"2018-03-29T01:40:59.000Z","volume":2000,"label":" ","price":38.5},{"type":"B","date":"2018-03-29T01:41:03.000Z","volume":1900,"label":" ","price":38.5},{"type":"B","date":"2018-03-29T01:41:18.000Z","volume":800,"label":" ","price":38.5},{"type":"B","date":"2018-03-29T01:41:18.000Z","volume":800,"label":" ","price":38.5},{"type":"B","date":"2018-03-29T01:41:18.000Z","volume":2700,"label":" ","price":38.5},{"type":"B","date":"2018-03-29T01:41:18.000Z","volume":900,"label":" ","price":38.5},{"type":"B","date":"2018-03-29T01:41:18.000Z","volume":200,"label":" ","price":38.45},{"type":"B","date":"2018-03-29T01:42:18.000Z","volume":1100,"label":" ","price":38.5},{"type":"B","date":"2018-03-29T01:42:18.000Z","volume":400,"label":" ","price":38.5},{"type":"B","date":"2018-03-29T01:42:19.000Z","volume":700,"label":" ","price":38.5},{"type":"B","date":"2018-03-29T01:42:20.000Z","volume":2000,"label":" ","price":38.45},{"type":"B","date":"2018-03-29T01:42:27.000Z","volume":7600,"label":" ","price":38.45},{"type":"U","date":"2018-03-29T01:42:27.000Z","volume":200,"label":" ","price":38.45},{"type":"B","date":"2018-03-29T01:42:27.000Z","volume":300,"label":" ","price":38.4},{"type":"B","date":"2018-03-29T01:42:28.000Z","volume":200,"label":" ","price":38.45},{"type":"B","date":"2018-03-29T01:42:28.000Z","volume":1900,"label":" ","price":38.4},{"type":"B","date":"2018-03-29T01:42:28.000Z","volume":300,"label":" ","price":38.35},{"type":"B","date":"2018-03-29T01:43:21.000Z","volume":1000,"label":" ","price":38.35},{"type":"B","date":"2018-03-29T01:43:26.000Z","volume":5200,"label":" ","price":38.35},{"type":"B","date":"2018-03-29T01:43:26.000Z","volume":3400,"label":" ","price":38.3},{"type":"B","date":"2018-03-29T01:43:26.000Z","volume":1400,"label":" ","price":38.25},{"type":"B","date":"2018-03-29T01:43:26.000Z","volume":700,"label":" ","price":38.25},{"type":"B","date":"2018-03-29T01:43:26.000Z","volume":200,"label":" ","price":38.2},{"type":"U","date":"2018-03-29T01:43:48.000Z","volume":2500,"label":" ","price":38.35},{"type":"B","date":"2018-03-29T01:43:48.000Z","volume":200,"label":" ","price":38.3},{"type":"B","date":"2018-03-29T01:43:49.000Z","volume":900,"label":" ","price":38.3},{"type":"A","date":"2018-03-29T01:43:50.000Z","volume":4000,"label":" ","price":38.35},{"type":"B","date":"2018-03-29T01:43:50.000Z","volume":400,"label":" ","price":38.3},{"type":"B","date":"2018-03-29T01:44:01.000Z","volume":100,"label":"Y","price":38.3},{"type":"B","date":"2018-03-29T01:44:08.000Z","volume":1000,"label":" ","price":38.3},{"type":"B","date":"2018-03-29T01:44:08.000Z","volume":200,"label":" ","price":38.3},{"type":"B","date":"2018-03-29T01:44:31.000Z","volume":1000,"label":" ","price":38.3},{"type":"A","date":"2018-03-29T01:44:33.000Z","volume":200,"label":" ","price":38.35},{"type":"B","date":"2018-03-29T01:44:56.000Z","volume":2600,"label":" ","price":38.3},{"type":"B","date":"2018-03-29T01:44:56.000Z","volume":300,"label":" ","price":38.25},{"type":"B","date":"2018-03-29T01:45:03.000Z","volume":800,"label":" ","price":38.3},{"type":"B","date":"2018-03-29T01:45:03.000Z","volume":300,"label":" ","price":38.3},{"type":"B","date":"2018-03-29T01:45:03.000Z","volume":500,"label":" ","price":38.25},{"type":"B","date":"2018-03-29T01:45:04.000Z","volume":1100,"label":" ","price":38.25},{"type":"B","date":"2018-03-29T01:45:09.000Z","volume":500,"label":" ","price":38.25},{"type":"A","date":"2018-03-29T01:45:24.000Z","volume":100,"label":" ","price":38.3},{"type":"A","date":"2018-03-29T01:45:54.000Z","volume":300,"label":" ","price":38.3},{"type":"B","date":"2018-03-29T01:46:48.000Z","volume":700,"label":" ","price":38.25},{"type":"B","date":"2018-03-29T01:46:48.000Z","volume":1000,"label":" ","price":38.25},{"type":"B","date":"2018-03-29T01:47:18.000Z","volume":700,"label":" ","price":38.25},{"type":"B","date":"2018-03-29T01:47:18.000Z","volume":300,"label":"Y","price":38.25},{"type":"B","date":"2018-03-29T01:47:18.000Z","volume":100,"label":" ","price":38.25},{"type":"B","date":"2018-03-29T01:47:27.000Z","volume":100,"label":"Y","price":38.25},{"type":"B","date":"2018-03-29T01:47:27.000Z","volume":900,"label":" ","price":38.25},{"type":"B","date":"2018-03-29T01:47:36.000Z","volume":500,"label":" ","price":38.25},{"type":"B","date":"2018-03-29T01:47:48.000Z","volume":800,"label":" ","price":38.25},{"type":"B","date":"2018-03-29T01:47:48.000Z","volume":500,"label":" ","price":38.25},{"type":"A","date":"2018-03-29T01:48:22.000Z","volume":3500,"label":" ","price":38.3},{"type":"A","date":"2018-03-29T01:48:46.000Z","volume":300,"label":" ","price":38.3},{"type":"A","date":"2018-03-29T01:48:46.000Z","volume":100,"label":" ","price":38.3},{"type":"A","date":"2018-03-29T01:48:46.000Z","volume":100,"label":" ","price":38.3},{"type":"A","date":"2018-03-29T01:48:46.000Z","volume":100,"label":" ","price":38.3},{"type":"A","date":"2018-03-29T01:48:46.000Z","volume":100,"label":" ","price":38.3},{"type":"A","date":"2018-03-29T01:48:46.000Z","volume":100,"label":" ","price":38.3},{"type":"A","date":"2018-03-29T01:49:15.000Z","volume":5000,"label":" ","price":38.3},{"type":"A","date":"2018-03-29T01:49:30.000Z","volume":200,"label":" ","price":38.3},{"type":"A","date":"2018-03-29T01:49:30.000Z","volume":500,"label":" ","price":38.3},{"type":"B","date":"2018-03-29T01:49:35.000Z","volume":4000,"label":" ","price":38.25},{"type":"B","date":"2018-03-29T01:49:45.000Z","volume":6000,"label":" ","price":38.25},{"type":"B","date":"2018-03-29T01:50:03.000Z","volume":3900,"label":" ","price":38.25},{"type":"A","date":"2018-03-29T01:50:38.000Z","volume":100,"label":" ","price":38.3},{"type":"A","date":"2018-03-29T01:51:01.000Z","volume":600,"label":" ","price":38.3},{"type":"U","date":"2018-03-29T01:51:04.000Z","volume":200,"label":"X","price":38.275},{"type":"U","date":"2018-03-29T01:51:04.000Z","volume":300,"label":"X","price":38.275},{"type":"U","date":"2018-03-29T01:51:04.000Z","volume":200,"label":"X","price":38.275},{"type":"U","date":"2018-03-29T01:51:04.000Z","volume":100,"label":"X","price":38.275},{"type":"U","date":"2018-03-29T01:51:04.000Z","volume":100,"label":"X","price":38.275},{"type":"A","date":"2018-03-29T01:51:29.000Z","volume":500,"label":" ","price":38.3},{"type":"B","date":"2018-03-29T01:51:30.000Z","volume":800,"label":" ","price":38.25},{"type":"U","date":"2018-03-29T01:52:14.000Z","volume":200,"label":"X","price":38.275},{"type":"U","date":"2018-03-29T01:52:14.000Z","volume":100,"label":"X","price":38.275},{"type":"U","date":"2018-03-29T01:52:14.000Z","volume":400,"label":"X","price":38.275},{"type":"A","date":"2018-03-29T01:52:23.000Z","volume":300,"label":" ","price":38.3},{"type":"B","date":"2018-03-29T01:52:33.000Z","volume":800,"label":" ","price":38.25},{"type":"U","date":"2018-03-29T01:53:04.000Z","volume":200,"label":"X","price":38.3},{"type":"B","date":"2018-03-29T01:53:11.000Z","volume":2000,"label":" ","price":38.25},{"type":"B","date":"2018-03-29T01:53:18.000Z","volume":900,"label":" ","price":38.25},{"type":"U","date":"2018-03-29T01:53:25.000Z","volume":700,"label":"X","price":38.3},{"type":"U","date":"2018-03-29T01:53:25.000Z","volume":100,"label":"X","price":38.3},{"type":"U","date":"2018-03-29T01:53:25.000Z","volume":100,"label":"X","price":38.3},{"type":"A","date":"2018-03-29T01:53:30.000Z","volume":1000,"label":" ","price":38.3},{"type":"A","date":"2018-03-29T01:53:40.000Z","volume":200,"label":" ","price":38.3},{"type":"B","date":"2018-03-29T01:54:07.000Z","volume":1500,"label":" ","price":38.25},{"type":"B","date":"2018-03-29T01:54:08.000Z","volume":700,"label":" ","price":38.25},{"type":"U","date":"2018-03-29T01:54:36.000Z","volume":400,"label":"X","price":38.275},{"type":"U","date":"2018-03-29T01:54:36.000Z","volume":200,"label":"X","price":38.275},{"type":"U","date":"2018-03-29T01:54:36.000Z","volume":100,"label":"X","price":38.275},{"type":"U","date":"2018-03-29T01:54:36.000Z","volume":100,"label":"X","price":38.275},{"type":"A","date":"2018-03-29T01:55:03.000Z","volume":200,"label":" ","price":38.3},{"type":"B","date":"2018-03-29T01:55:03.000Z","volume":800,"label":" ","price":38.25},{"type":"A","date":"2018-03-29T01:55:03.000Z","volume":500,"label":" ","price":38.3},{"type":"U","date":"2018-03-29T01:55:37.000Z","volume":200,"label":"X","price":38.3},{"type":"B","date":"2018-03-29T01:55:51.000Z","volume":900,"label":" ","price":38.25},{"type":"U","date":"2018-03-29T01:55:57.000Z","volume":300,"label":"X","price":38.3},{"type":"B","date":"2018-03-29T01:56:02.000Z","volume":800,"label":"Y","price":38.25},{"type":"B","date":"2018-03-29T01:56:02.000Z","volume":2200,"label":" ","price":38.25},{"type":"A","date":"2018-03-29T01:56:14.000Z","volume":300,"label":" ","price":38.3},{"type":"U","date":"2018-03-29T01:56:17.000Z","volume":500,"label":"X","price":38.3},{"type":"U","date":"2018-03-29T01:56:17.000Z","volume":100,"label":"X","price":38.3},{"type":"U","date":"2018-03-29T01:56:17.000Z","volume":100,"label":"X","price":38.3},{"type":"U","date":"2018-03-29T01:56:17.000Z","volume":100,"label":"X","price":38.3},{"type":"B","date":"2018-03-29T01:56:48.000Z","volume":1100,"label":" ","price":38.25},{"type":"U","date":"2018-03-29T01:57:27.000Z","volume":300,"label":"X","price":38.275},{"type":"A","date":"2018-03-29T01:57:47.000Z","volume":100,"label":" ","price":38.3},{"type":"A","date":"2018-03-29T01:57:47.000Z","volume":500,"label":" ","price":38.3},{"type":"U","date":"2018-03-29T01:57:48.000Z","volume":100,"label":"X","price":38.275},{"type":"B","date":"2018-03-29T01:58:03.000Z","volume":900,"label":" ","price":38.25},{"type":"A","date":"2018-03-29T01:58:04.000Z","volume":300,"label":" ","price":38.3},{"type":"A","date":"2018-03-29T01:58:05.000Z","volume":200,"label":" ","price":38.3},{"type":"U","date":"2018-03-29T01:58:08.000Z","volume":400,"label":"X","price":38.275},{"type":"A","date":"2018-03-29T01:58:20.000Z","volume":100,"label":" ","price":38.3},{"type":"A","date":"2018-03-29T01:58:20.000Z","volume":100,"label":" ","price":38.3},{"type":"A","date":"2018-03-29T01:58:20.000Z","volume":500,"label":" ","price":38.3},{"type":"A","date":"2018-03-29T01:58:21.000Z","volume":200,"label":"Y","price":38.3},{"type":"A","date":"2018-03-29T01:58:26.000Z","volume":200,"label":"Y","price":38.3},{"type":"U","date":"2018-03-29T01:58:28.000Z","volume":200,"label":"X","price":38.275},{"type":"A","date":"2018-03-29T01:58:47.000Z","volume":100,"label":"Y","price":38.3},{"type":"B","date":"2018-03-29T01:58:48.000Z","volume":800,"label":" ","price":38.25},{"type":"U","date":"2018-03-29T01:58:49.000Z","volume":300,"label":"X","price":38.3},{"type":"U","date":"2018-03-29T01:58:50.000Z","volume":100,"label":"X","price":38.3},{"type":"U","date":"2018-03-29T01:59:00.000Z","volume":300,"label":"X","price":38.275},{"type":"U","date":"2018-03-29T01:59:00.000Z","volume":500,"label":"X","price":38.275},{"type":"B","date":"2018-03-29T01:59:00.000Z","volume":100,"label":"Y","price":38.25},{"type":"B","date":"2018-03-29T01:59:00.000Z","volume":400,"label":" ","price":38.25},{"type":"A","date":"2018-03-29T01:59:00.000Z","volume":300,"label":" ","price":38.3},{"type":"U","date":"2018-03-29T01:59:12.000Z","volume":100,"label":"X","price":38.25},{"type":"A","date":"2018-03-29T01:59:14.000Z","volume":100,"label":"Y","price":38.3},{"type":"B","date":"2018-03-29T01:59:18.000Z","volume":800,"label":" ","price":38.25},{"type":"U","date":"2018-03-29T01:59:19.000Z","volume":400,"label":"X","price":38.3},{"type":"A","date":"2018-03-29T01:59:26.000Z","volume":200,"label":"Y","price":38.3},{"type":"A","date":"2018-03-29T01:59:34.000Z","volume":300,"label":"Y","price":38.3},{"type":"A","date":"2018-03-29T01:59:37.000Z","volume":100,"label":" ","price":38.3},{"type":"U","date":"2018-03-29T01:59:49.000Z","volume":100,"label":"X","price":38.275},{"type":"A","date":"2018-03-29T01:59:54.000Z","volume":400,"label":"Y","price":38.3},{"type":"U","date":"2018-03-29T01:59:59.000Z","volume":100,"label":"X","price":38.275},{"type":"B","date":"2018-03-29T02:00:03.000Z","volume":800,"label":" ","price":38.25},{"type":"B","date":"2018-03-29T02:00:03.000Z","volume":6100,"label":" ","price":38.25},{"type":"B","date":"2018-03-29T02:00:03.000Z","volume":11700,"label":" ","price":38.25},{"type":"B","date":"2018-03-29T02:00:03.000Z","volume":100,"label":" ","price":38.25},{"type":"B","date":"2018-03-29T02:00:03.000Z","volume":33900,"label":" ","price":38.2},{"type":"B","date":"2018-03-29T02:00:03.000Z","volume":1500,"label":" ","price":38.15},{"type":"B","date":"2018-03-29T02:00:03.000Z","volume":2700,"label":" ","price":38.1},{"type":"B","date":"2018-03-29T02:00:03.000Z","volume":1300,"label":" ","price":38.25},{"type":"B","date":"2018-03-29T02:00:03.000Z","volume":2100,"label":" ","price":38.2},{"type":"B","date":"2018-03-29T02:00:03.000Z","volume":500,"label":" ","price":38.2},{"type":"B","date":"2018-03-29T02:00:03.000Z","volume":200,"label":" ","price":38.2},{"type":"B","date":"2018-03-29T02:00:04.000Z","volume":100,"label":" ","price":38.2},{"type":"U","date":"2018-03-29T02:00:08.000Z","volume":900,"label":"X","price":38.25},{"type":"B","date":"2018-03-29T02:00:33.000Z","volume":100,"label":"Y","price":38.05},{"type":"B","date":"2018-03-29T02:00:33.000Z","volume":900,"label":" ","price":38.05},{"type":"U","date":"2018-03-29T02:00:46.000Z","volume":2000,"label":" ","price":38.1},{"type":"A","date":"2018-03-29T02:00:52.000Z","volume":1000,"label":" ","price":38.2},{"type":"U","date":"2018-03-29T02:00:59.000Z","volume":100,"label":"X","price":38.15},{"type":"U","date":"2018-03-29T02:00:59.000Z","volume":700,"label":"X","price":38.15},{"type":"U","date":"2018-03-29T02:00:59.000Z","volume":500,"label":"X","price":38.15},{"type":"U","date":"2018-03-29T02:00:59.000Z","volume":100,"label":"X","price":38.15},{"type":"U","date":"2018-03-29T02:00:59.000Z","volume":100,"label":"X","price":38.15},{"type":"U","date":"2018-03-29T02:00:59.000Z","volume":200,"label":"X","price":38.15},{"type":"U","date":"2018-03-29T02:00:59.000Z","volume":500,"label":"X","price":38.15},{"type":"B","date":"2018-03-29T02:01:01.000Z","volume":4200,"label":" ","price":38.1},{"type":"B","date":"2018-03-29T02:01:01.000Z","volume":800,"label":" ","price":38.1},{"type":"U","date":"2018-03-29T02:01:21.000Z","volume":6700,"label":"X","price":38.1},{"type":"B","date":"2018-03-29T02:01:21.000Z","volume":1000,"label":" ","price":38.05},{"type":"B","date":"2018-03-29T02:01:24.000Z","volume":400,"label":" ","price":38.05},{"type":"A","date":"2018-03-29T02:01:35.000Z","volume":200,"label":" ","price":38.1},{"type":"B","date":"2018-03-29T02:01:46.000Z","volume":10000,"label":" ","price":38.05},{"type":"B","date":"2018-03-29T02:01:46.000Z","volume":300,"label":" ","price":38.05},{"type":"B","date":"2018-03-29T02:01:55.000Z","volume":30000,"label":" ","price":38},{"type":"B","date":"2018-03-29T02:01:55.000Z","volume":9100,"label":" ","price":38},{"type":"B","date":"2018-03-29T02:01:55.000Z","volume":2400,"label":" ","price":37.95},{"type":"B","date":"2018-03-29T02:01:55.000Z","volume":100,"label":" ","price":37.9},{"type":"B","date":"2018-03-29T02:01:56.000Z","volume":500,"label":" ","price":37.85},{"type":"A","date":"2018-03-29T02:02:01.000Z","volume":38300,"label":" ","price":38},{"type":"A","date":"2018-03-29T02:02:01.000Z","volume":30400,"label":" ","price":38.05},{"type":"A","date":"2018-03-29T02:02:01.000Z","volume":32900,"label":" ","price":38.05},{"type":"A","date":"2018-03-29T02:02:01.000Z","volume":800,"label":" ","price":38.05},{"type":"A","date":"2018-03-29T02:02:01.000Z","volume":700,"label":" ","price":38.05},{"type":"A","date":"2018-03-29T02:02:01.000Z","volume":15700,"label":" ","price":38.1},{"type":"B","date":"2018-03-29T02:02:01.000Z","volume":500,"label":" ","price":38.05},{"type":"B","date":"2018-03-29T02:02:02.000Z","volume":2100,"label":" ","price":38.05},{"type":"A","date":"2018-03-29T02:02:02.000Z","volume":5500,"label":" ","price":38.1},{"type":"A","date":"2018-03-29T02:02:03.000Z","volume":100,"label":" ","price":38.1},{"type":"A","date":"2018-03-29T02:02:03.000Z","volume":1100,"label":"Y","price":38.1},{"type":"A","date":"2018-03-29T02:02:03.000Z","volume":900,"label":" ","price":38.1},{"type":"A","date":"2018-03-29T02:02:04.000Z","volume":500,"label":" ","price":38.1},{"type":"A","date":"2018-03-29T02:02:23.000Z","volume":400,"label":" ","price":38.1},{"type":"A","date":"2018-03-29T02:02:26.000Z","volume":400,"label":" ","price":38.1},{"type":"A","date":"2018-03-29T02:02:30.000Z","volume":500,"label":" ","price":38.1},{"type":"A","date":"2018-03-29T02:02:45.000Z","volume":400,"label":" ","price":38.1},{"type":"B","date":"2018-03-29T02:03:34.000Z","volume":12700,"label":" ","price":38.05},{"type":"B","date":"2018-03-29T02:03:34.000Z","volume":5000,"label":" ","price":38},{"type":"B","date":"2018-03-29T02:03:34.000Z","volume":100,"label":" ","price":37.95},{"type":"B","date":"2018-03-29T02:03:34.000Z","volume":800,"label":" ","price":37.9},{"type":"A","date":"2018-03-29T02:04:19.000Z","volume":200,"label":" ","price":38},{"type":"B","date":"2018-03-29T02:06:18.000Z","volume":800,"label":" ","price":37.9},{"type":"A","date":"2018-03-29T02:06:51.000Z","volume":33600,"label":" ","price":38},{"type":"A","date":"2018-03-29T02:06:51.000Z","volume":700,"label":" ","price":38},{"type":"A","date":"2018-03-29T02:06:51.000Z","volume":1000,"label":" ","price":38},{"type":"U","date":"2018-03-29T02:06:51.000Z","volume":400,"label":"X","price":38},{"type":"A","date":"2018-03-29T02:06:51.000Z","volume":100,"label":" ","price":38},{"type":"A","date":"2018-03-29T02:06:52.000Z","volume":2000,"label":" ","price":38},{"type":"U","date":"2018-03-29T02:06:52.000Z","volume":1100,"label":"X","price":38},{"type":"U","date":"2018-03-29T02:06:52.000Z","volume":1700,"label":"X","price":38},{"type":"A","date":"2018-03-29T02:07:11.000Z","volume":400,"label":" ","price":38.05},{"type":"A","date":"2018-03-29T02:07:15.000Z","volume":200,"label":" ","price":38.05},{"type":"A","date":"2018-03-29T02:07:53.000Z","volume":100,"label":" ","price":38.05},{"type":"U","date":"2018-03-29T02:08:00.000Z","volume":44,"label":"D","price":38},{"type":"B","date":"2018-03-29T02:08:09.000Z","volume":3000,"label":" ","price":38},{"type":"U","date":"2018-03-29T02:08:11.000Z","volume":300,"label":"X","price":38.05},{"type":"B","date":"2018-03-29T02:08:20.000Z","volume":3500,"label":" ","price":38},{"type":"B","date":"2018-03-29T02:09:26.000Z","volume":900,"label":" ","price":37.95},{"type":"U","date":"2018-03-29T02:09:26.000Z","volume":100,"label":"X","price":37.975},{"type":"A","date":"2018-03-29T02:09:44.000Z","volume":100,"label":" ","price":38},{"type":"U","date":"2018-03-29T02:10:07.000Z","volume":100,"label":"X","price":38},{"type":"A","date":"2018-03-29T02:10:13.000Z","volume":100,"label":" ","price":38},{"type":"B","date":"2018-03-29T02:10:33.000Z","volume":700,"label":" ","price":37.95},{"type":"A","date":"2018-03-29T02:11:34.000Z","volume":24600,"label":" ","price":38},{"type":"A","date":"2018-03-29T02:11:34.000Z","volume":700,"label":" ","price":38},{"type":"A","date":"2018-03-29T02:11:34.000Z","volume":1000,"label":" ","price":38},{"type":"U","date":"2018-03-29T02:11:35.000Z","volume":300,"label":"X","price":38.025},{"type":"U","date":"2018-03-29T02:11:35.000Z","volume":100,"label":"X","price":38.025},{"type":"U","date":"2018-03-29T02:11:35.000Z","volume":200,"label":"X","price":38.025},{"type":"B","date":"2018-03-29T02:11:35.000Z","volume":2500,"label":" ","price":38},{"type":"A","date":"2018-03-29T02:11:53.000Z","volume":100,"label":" ","price":38.05},{"type":"A","date":"2018-03-29T02:12:08.000Z","volume":200,"label":" ","price":38.05},{"type":"A","date":"2018-03-29T02:12:19.000Z","volume":400,"label":" ","price":38.05},{"type":"A","date":"2018-03-29T02:12:21.000Z","volume":100,"label":" ","price":38.05},{"type":"A","date":"2018-03-29T02:12:46.000Z","volume":100,"label":" ","price":38.05},{"type":"A","date":"2018-03-29T02:13:06.000Z","volume":100,"label":" ","price":38.05},{"type":"A","date":"2018-03-29T02:13:23.000Z","volume":400,"label":" ","price":38.05},{"type":"A","date":"2018-03-29T02:13:55.000Z","volume":100,"label":" ","price":38.05},{"type":"A","date":"2018-03-29T02:14:11.000Z","volume":100,"label":" ","price":38.05},{"type":"A","date":"2018-03-29T02:14:29.000Z","volume":200,"label":" ","price":38.05},{"type":"A","date":"2018-03-29T02:14:39.000Z","volume":100,"label":" ","price":38.05},{"type":"A","date":"2018-03-29T02:14:39.000Z","volume":11200,"label":"Y","price":38.05},{"type":"A","date":"2018-03-29T02:14:39.000Z","volume":12600,"label":" ","price":38.05},{"type":"A","date":"2018-03-29T02:14:39.000Z","volume":6700,"label":" ","price":38.1},{"type":"A","date":"2018-03-29T02:14:39.000Z","volume":500,"label":" ","price":38.2},{"type":"A","date":"2018-03-29T02:14:39.000Z","volume":500,"label":" ","price":38.2},{"type":"U","date":"2018-03-29T02:14:40.000Z","volume":200,"label":"X","price":38.125},{"type":"U","date":"2018-03-29T02:14:41.000Z","volume":700,"label":" ","price":38.1},{"type":"U","date":"2018-03-29T02:14:47.000Z","volume":100,"label":"X","price":38.1},{"type":"A","date":"2018-03-29T02:14:48.000Z","volume":400,"label":" ","price":38.15},{"type":"U","date":"2018-03-29T02:14:49.000Z","volume":100,"label":"X","price":38.15},{"type":"A","date":"2018-03-29T02:15:06.000Z","volume":500,"label":" ","price":38.15},{"type":"A","date":"2018-03-29T02:15:07.000Z","volume":100,"label":" ","price":38.15},{"type":"A","date":"2018-03-29T02:15:28.000Z","volume":100,"label":" ","price":38.15},{"type":"A","date":"2018-03-29T02:15:35.000Z","volume":5100,"label":" ","price":38.15},{"type":"A","date":"2018-03-29T02:15:51.000Z","volume":100,"label":" ","price":38.2},{"type":"A","date":"2018-03-29T02:16:04.000Z","volume":100,"label":" ","price":38.2},{"type":"A","date":"2018-03-29T02:16:34.000Z","volume":100,"label":" ","price":38.2},{"type":"A","date":"2018-03-29T02:16:37.000Z","volume":200,"label":" ","price":38.2},{"type":"U","date":"2018-03-29T02:16:42.000Z","volume":1000,"label":"X","price":38.2},{"type":"U","date":"2018-03-29T02:16:43.000Z","volume":100,"label":"X","price":38.2},{"type":"U","date":"2018-03-29T02:17:04.000Z","volume":100,"label":"X","price":38.2},{"type":"A","date":"2018-03-29T02:17:07.000Z","volume":100,"label":"Y","price":38.2},{"type":"A","date":"2018-03-29T02:17:07.000Z","volume":300,"label":" ","price":38.2},{"type":"A","date":"2018-03-29T02:17:07.000Z","volume":100,"label":" ","price":38.2},{"type":"A","date":"2018-03-29T02:17:07.000Z","volume":100,"label":" ","price":38.2},{"type":"A","date":"2018-03-29T02:17:07.000Z","volume":100,"label":" ","price":38.2},{"type":"A","date":"2018-03-29T02:17:07.000Z","volume":100,"label":" ","price":38.2},{"type":"U","date":"2018-03-29T02:17:09.000Z","volume":1000,"label":"X","price":38.2},{"type":"U","date":"2018-03-29T02:17:10.000Z","volume":1000,"label":"X","price":38.2},{"type":"A","date":"2018-03-29T02:17:11.000Z","volume":4100,"label":" ","price":38.2},{"type":"A","date":"2018-03-29T02:17:11.000Z","volume":5100,"label":" ","price":38.2},{"type":"A","date":"2018-03-29T02:17:23.000Z","volume":100,"label":" ","price":38.25},{"type":"U","date":"2018-03-29T02:17:23.000Z","volume":1000,"label":"X","price":38.25},{"type":"U","date":"2018-03-29T02:17:24.000Z","volume":1000,"label":"X","price":38.25},{"type":"U","date":"2018-03-29T02:17:26.000Z","volume":1000,"label":"X","price":38.25},{"type":"A","date":"2018-03-29T02:17:43.000Z","volume":100,"label":" ","price":38.25},{"type":"A","date":"2018-03-29T02:17:43.000Z","volume":600,"label":" ","price":38.25},{"type":"U","date":"2018-03-29T02:17:44.000Z","volume":100,"label":"X","price":38.25},{"type":"A","date":"2018-03-29T02:17:57.000Z","volume":100,"label":" ","price":38.25},{"type":"B","date":"2018-03-29T02:18:06.000Z","volume":300,"label":" ","price":38.2},{"type":"U","date":"2018-03-29T02:18:06.000Z","volume":100,"label":"X","price":38.25},{"type":"A","date":"2018-03-29T02:18:21.000Z","volume":100,"label":" ","price":38.25},{"type":"A","date":"2018-03-29T02:18:31.000Z","volume":200,"label":" ","price":38.25},{"type":"A","date":"2018-03-29T02:18:39.000Z","volume":100,"label":" ","price":38.25},{"type":"U","date":"2018-03-29T02:18:51.000Z","volume":100,"label":"X","price":38.25},{"type":"U","date":"2018-03-29T02:18:52.000Z","volume":200,"label":"X","price":38.25},{"type":"A","date":"2018-03-29T02:19:21.000Z","volume":100,"label":" ","price":38.25},{"type":"A","date":"2018-03-29T02:19:34.000Z","volume":4100,"label":" ","price":38.25},{"type":"U","date":"2018-03-29T02:19:35.000Z","volume":100,"label":"X","price":38.25},{"type":"U","date":"2018-03-29T02:19:35.000Z","volume":1100,"label":"X","price":38.25},{"type":"A","date":"2018-03-29T02:19:36.000Z","volume":400,"label":" ","price":38.25},{"type":"U","date":"2018-03-29T02:19:37.000Z","volume":100,"label":"X","price":38.25},{"type":"U","date":"2018-03-29T02:19:37.000Z","volume":400,"label":"X","price":38.25},{"type":"U","date":"2018-03-29T02:19:39.000Z","volume":100,"label":"X","price":38.25},{"type":"U","date":"2018-03-29T02:19:46.000Z","volume":200,"label":"X","price":38.25},{"type":"U","date":"2018-03-29T02:19:46.000Z","volume":200,"label":"X","price":38.25},{"type":"A","date":"2018-03-29T02:19:51.000Z","volume":1000,"label":" ","price":38.25},{"type":"U","date":"2018-03-29T02:19:56.000Z","volume":1000,"label":"X","price":38.25},{"type":"A","date":"2018-03-29T02:19:59.000Z","volume":4100,"label":" ","price":38.25},{"type":"A","date":"2018-03-29T02:19:59.000Z","volume":5300,"label":" ","price":38.25},{"type":"A","date":"2018-03-29T02:19:59.000Z","volume":4200,"label":" ","price":38.25},{"type":"A","date":"2018-03-29T02:19:59.000Z","volume":100,"label":"Y","price":38.3},{"type":"A","date":"2018-03-29T02:19:59.000Z","volume":600,"label":" ","price":38.25},{"type":"A","date":"2018-03-29T02:20:00.000Z","volume":500,"label":" ","price":38.3},{"type":"U","date":"2018-03-29T02:20:00.000Z","volume":1200,"label":"X","price":38.3},{"type":"U","date":"2018-03-29T02:20:00.000Z","volume":300,"label":"X","price":38.3},{"type":"U","date":"2018-03-29T02:20:00.000Z","volume":1200,"label":"X","price":38.3},{"type":"A","date":"2018-03-29T02:20:01.000Z","volume":100,"label":" ","price":38.3},{"type":"A","date":"2018-03-29T02:20:10.000Z","volume":300,"label":" ","price":38.3},{"type":"A","date":"2018-03-29T02:20:27.000Z","volume":200,"label":" ","price":38.3},{"type":"A","date":"2018-03-29T02:20:28.000Z","volume":500,"label":" ","price":38.3},{"type":"A","date":"2018-03-29T02:20:44.000Z","volume":400,"label":" ","price":38.3},{"type":"A","date":"2018-03-29T02:20:44.000Z","volume":100,"label":" ","price":38.3},{"type":"A","date":"2018-03-29T02:20:44.000Z","volume":100,"label":" ","price":38.3},{"type":"A","date":"2018-03-29T02:20:44.000Z","volume":100,"label":" ","price":38.3},{"type":"A","date":"2018-03-29T02:20:44.000Z","volume":100,"label":" ","price":38.3},{"type":"A","date":"2018-03-29T02:21:15.000Z","volume":100,"label":" ","price":38.3},{"type":"A","date":"2018-03-29T02:21:27.000Z","volume":100,"label":" ","price":38.3},{"type":"A","date":"2018-03-29T02:21:28.000Z","volume":200,"label":" ","price":38.3},{"type":"A","date":"2018-03-29T02:21:35.000Z","volume":8200,"label":" ","price":38.3},{"type":"A","date":"2018-03-29T02:21:35.000Z","volume":4200,"label":" ","price":38.3},{"type":"A","date":"2018-03-29T02:21:35.000Z","volume":1200,"label":" ","price":38.3},{"type":"A","date":"2018-03-29T02:21:36.000Z","volume":500,"label":" ","price":38.35},{"type":"U","date":"2018-03-29T02:21:41.000Z","volume":600,"label":"X","price":38.325},{"type":"A","date":"2018-03-29T02:21:47.000Z","volume":7900,"label":" ","price":38.35},{"type":"A","date":"2018-03-29T02:21:47.000Z","volume":4200,"label":" ","price":38.4},{"type":"U","date":"2018-03-29T02:21:49.000Z","volume":400,"label":"X","price":38.4},{"type":"A","date":"2018-03-29T02:21:49.000Z","volume":500,"label":" ","price":38.45},{"type":"U","date":"2018-03-29T02:21:50.000Z","volume":100,"label":"X","price":38.4},{"type":"A","date":"2018-03-29T02:21:50.000Z","volume":1000,"label":" ","price":38.45},{"type":"U","date":"2018-03-29T02:21:50.000Z","volume":1000,"label":"X","price":38.45},{"type":"A","date":"2018-03-29T02:21:51.000Z","volume":100,"label":" ","price":38.45},{"type":"A","date":"2018-03-29T02:21:54.000Z","volume":400,"label":" ","price":38.45},{"type":"A","date":"2018-03-29T02:21:58.000Z","volume":400,"label":" ","price":38.45},{"type":"U","date":"2018-03-29T02:21:58.000Z","volume":200,"label":" ","price":38.4},{"type":"B","date":"2018-03-29T02:22:00.000Z","volume":2900,"label":" ","price":38.4},{"type":"U","date":"2018-03-29T02:22:00.000Z","volume":100,"label":"X","price":38.4},{"type":"U","date":"2018-03-29T02:22:00.000Z","volume":500,"label":"X","price":38.4},{"type":"B","date":"2018-03-29T02:22:00.000Z","volume":200,"label":" ","price":38.4},{"type":"B","date":"2018-03-29T02:22:00.000Z","volume":100,"label":" ","price":38.4},{"type":"A","date":"2018-03-29T02:22:15.000Z","volume":100,"label":" ","price":38.4},{"type":"A","date":"2018-03-29T02:22:29.000Z","volume":11000,"label":" ","price":38.4},{"type":"A","date":"2018-03-29T02:22:29.000Z","volume":800,"label":" ","price":38.4},{"type":"U","date":"2018-03-29T02:22:30.000Z","volume":300,"label":"X","price":38.425},{"type":"U","date":"2018-03-29T02:22:34.000Z","volume":600,"label":"X","price":38.4},{"type":"U","date":"2018-03-29T02:22:34.000Z","volume":400,"label":"X","price":38.4},{"type":"A","date":"2018-03-29T02:22:41.000Z","volume":100,"label":" ","price":38.45},{"type":"A","date":"2018-03-29T02:23:05.000Z","volume":200,"label":" ","price":38.45},{"type":"A","date":"2018-03-29T02:23:11.000Z","volume":100,"label":" ","price":38.45},{"type":"A","date":"2018-03-29T02:23:29.000Z","volume":100,"label":" ","price":38.45},{"type":"A","date":"2018-03-29T02:23:47.000Z","volume":100,"label":" ","price":38.45},{"type":"A","date":"2018-03-29T02:24:00.000Z","volume":100,"label":" ","price":38.45},{"type":"A","date":"2018-03-29T02:24:03.000Z","volume":200,"label":" ","price":38.45},{"type":"A","date":"2018-03-29T02:24:12.000Z","volume":500,"label":" ","price":38.45},{"type":"A","date":"2018-03-29T02:24:17.000Z","volume":100,"label":" ","price":38.45},{"type":"A","date":"2018-03-29T02:24:22.000Z","volume":100,"label":" ","price":38.45},{"type":"B","date":"2018-03-29T02:24:27.000Z","volume":8000,"label":" ","price":38.4},{"type":"A","date":"2018-03-29T02:24:27.000Z","volume":100,"label":" ","price":38.45},{"type":"A","date":"2018-03-29T02:24:27.000Z","volume":100,"label":" ","price":38.45},{"type":"A","date":"2018-03-29T02:24:27.000Z","volume":100,"label":" ","price":38.45},{"type":"U","date":"2018-03-29T02:24:28.000Z","volume":200,"label":"X","price":38.425},{"type":"U","date":"2018-03-29T02:24:28.000Z","volume":100,"label":"X","price":38.425},{"type":"A","date":"2018-03-29T02:24:29.000Z","volume":800,"label":" ","price":38.45},{"type":"U","date":"2018-03-29T02:24:29.000Z","volume":500,"label":"X","price":38.425},{"type":"U","date":"2018-03-29T02:24:29.000Z","volume":100,"label":"X","price":38.4},{"type":"B","date":"2018-03-29T02:24:30.000Z","volume":4000,"label":" ","price":38.4},{"type":"B","date":"2018-03-29T02:24:30.000Z","volume":1200,"label":" ","price":38.4},{"type":"A","date":"2018-03-29T02:24:30.000Z","volume":100,"label":" ","price":38.4},{"type":"A","date":"2018-03-29T02:24:30.000Z","volume":300,"label":" ","price":38.4},{"type":"U","date":"2018-03-29T02:24:40.000Z","volume":100,"label":"X","price":38.4},{"type":"A","date":"2018-03-29T02:25:02.000Z","volume":500,"label":" ","price":38.4},{"type":"A","date":"2018-03-29T02:25:05.000Z","volume":500,"label":" ","price":38.4},{"type":"A","date":"2018-03-29T02:25:39.000Z","volume":400,"label":" ","price":38.4},{"type":"U","date":"2018-03-29T02:25:48.000Z","volume":100,"label":"X","price":38.4},{"type":"A","date":"2018-03-29T02:25:49.000Z","volume":100,"label":" ","price":38.4},{"type":"A","date":"2018-03-29T02:26:07.000Z","volume":200,"label":" ","price":38.4},{"type":"B","date":"2018-03-29T02:26:18.000Z","volume":700,"label":" ","price":38.35},{"type":"A","date":"2018-03-29T02:26:28.000Z","volume":200,"label":" ","price":38.4},{"type":"U","date":"2018-03-29T02:26:35.000Z","volume":100,"label":"X","price":38.4},{"type":"A","date":"2018-03-29T02:26:47.000Z","volume":200,"label":" ","price":38.4},{"type":"A","date":"2018-03-29T02:26:52.000Z","volume":100,"label":" ","price":38.4},{"type":"A","date":"2018-03-29T02:26:58.000Z","volume":500,"label":" ","price":38.4},{"type":"B","date":"2018-03-29T02:27:21.000Z","volume":800,"label":" ","price":38.35},{"type":"B","date":"2018-03-29T02:27:21.000Z","volume":20100,"label":" ","price":38.35},{"type":"U","date":"2018-03-29T02:27:21.000Z","volume":100,"label":"X","price":38.35},{"type":"U","date":"2018-03-29T02:27:21.000Z","volume":300,"label":"X","price":38.35},{"type":"U","date":"2018-03-29T02:27:21.000Z","volume":1500,"label":"X","price":38.35},{"type":"U","date":"2018-03-29T02:27:21.000Z","volume":1600,"label":"X","price":38.35},{"type":"U","date":"2018-03-29T02:27:21.000Z","volume":900,"label":" ","price":38.35},{"type":"U","date":"2018-03-29T02:27:22.000Z","volume":700,"label":"X","price":38.35},{"type":"U","date":"2018-03-29T02:27:22.000Z","volume":600,"label":"X","price":38.35},{"type":"U","date":"2018-03-29T02:27:22.000Z","volume":200,"label":"X","price":38.35},{"type":"U","date":"2018-03-29T02:27:22.000Z","volume":100,"label":" ","price":38.35},{"type":"A","date":"2018-03-29T02:27:22.000Z","volume":100,"label":" ","price":38.35},{"type":"A","date":"2018-03-29T02:27:22.000Z","volume":200,"label":" ","price":38.35},{"type":"A","date":"2018-03-29T02:27:22.000Z","volume":100,"label":" ","price":38.35},{"type":"A","date":"2018-03-29T02:27:22.000Z","volume":100,"label":" ","price":38.35},{"type":"A","date":"2018-03-29T02:27:22.000Z","volume":1400,"label":" ","price":38.35},{"type":"B","date":"2018-03-29T02:27:29.000Z","volume":7300,"label":" ","price":38.3},{"type":"B","date":"2018-03-29T02:27:29.000Z","volume":1900,"label":" ","price":38.25},{"type":"B","date":"2018-03-29T02:27:29.000Z","volume":600,"label":" ","price":38.25},{"type":"A","date":"2018-03-29T02:27:30.000Z","volume":400,"label":" ","price":38.35},{"type":"U","date":"2018-03-29T02:27:35.000Z","volume":600,"label":"X","price":38.35},{"type":"A","date":"2018-03-29T02:28:27.000Z","volume":100,"label":" ","price":38.25},{"type":"B","date":"2018-03-29T02:28:33.000Z","volume":700,"label":" ","price":38.2},{"type":"B","date":"2018-03-29T02:28:34.000Z","volume":100,"label":" ","price":38.2},{"type":"A","date":"2018-03-29T02:28:40.000Z","volume":100,"label":" ","price":38.25},{"type":"A","date":"2018-03-29T02:28:40.000Z","volume":1000,"label":" ","price":38.25},{"type":"B","date":"2018-03-29T02:28:57.000Z","volume":1000,"label":" ","price":38.2},{"type":"B","date":"2018-03-29T02:28:57.000Z","volume":200,"label":" ","price":38.2},{"type":"B","date":"2018-03-29T02:28:57.000Z","volume":100,"label":" ","price":38.2},{"type":"A","date":"2018-03-29T02:29:02.000Z","volume":200,"label":" ","price":38.25},{"type":"A","date":"2018-03-29T02:29:16.000Z","volume":100,"label":" ","price":38.25},{"type":"B","date":"2018-03-29T02:29:33.000Z","volume":700,"label":" ","price":38.2},{"type":"A","date":"2018-03-29T02:29:33.000Z","volume":100,"label":" ","price":38.25},{"type":"A","date":"2018-03-29T02:30:24.000Z","volume":8200,"label":" ","price":38.25},{"type":"A","date":"2018-03-29T02:30:24.000Z","volume":12600,"label":" ","price":38.25},{"type":"A","date":"2018-03-29T02:30:24.000Z","volume":7600,"label":" ","price":38.25},{"type":"A","date":"2018-03-29T02:30:24.000Z","volume":500,"label":" ","price":38.25},{"type":"A","date":"2018-03-29T02:30:24.000Z","volume":500,"label":" ","price":38.25},{"type":"A","date":"2018-03-29T02:30:24.000Z","volume":700,"label":" ","price":38.25},{"type":"B","date":"2018-03-29T02:30:24.000Z","volume":900,"label":" ","price":38.2},{"type":"A","date":"2018-03-29T02:30:24.000Z","volume":400,"label":" ","price":38.25},{"type":"A","date":"2018-03-29T02:30:25.000Z","volume":200,"label":" ","price":38.25},{"type":"B","date":"2018-03-29T02:30:25.000Z","volume":100,"label":" ","price":38.2},{"type":"U","date":"2018-03-29T02:30:25.000Z","volume":200,"label":" ","price":38.25},{"type":"U","date":"2018-03-29T02:30:26.000Z","volume":900,"label":"X","price":38.3},{"type":"U","date":"2018-03-29T02:30:26.000Z","volume":400,"label":"X","price":38.275},{"type":"U","date":"2018-03-29T02:30:26.000Z","volume":100,"label":"X","price":38.275},{"type":"B","date":"2018-03-29T02:30:26.000Z","volume":1000,"label":" ","price":38.25},{"type":"U","date":"2018-03-29T02:30:32.000Z","volume":100,"label":"X","price":38.3},{"type":"B","date":"2018-03-29T02:30:32.000Z","volume":200,"label":" ","price":38.25},{"type":"A","date":"2018-03-29T02:30:33.000Z","volume":3500,"label":" ","price":38.3},{"type":"A","date":"2018-03-29T02:30:54.000Z","volume":100,"label":" ","price":38.3},{"type":"A","date":"2018-03-29T02:31:12.000Z","volume":100,"label":" ","price":38.3},{"type":"A","date":"2018-03-29T02:31:23.000Z","volume":600,"label":" ","price":38.3},{"type":"B","date":"2018-03-29T02:31:49.000Z","volume":200,"label":" ","price":38.25},{"type":"A","date":"2018-03-29T02:32:51.000Z","volume":100,"label":" ","price":38.3},{"type":"A","date":"2018-03-29T02:34:14.000Z","volume":700,"label":" ","price":38.3},{"type":"A","date":"2018-03-29T02:34:19.000Z","volume":100,"label":" ","price":38.3},{"type":"B","date":"2018-03-29T02:35:03.000Z","volume":800,"label":" ","price":38.25},{"type":"B","date":"2018-03-29T02:35:47.000Z","volume":100,"label":" ","price":38.25},{"type":"A","date":"2018-03-29T02:36:00.000Z","volume":100,"label":" ","price":38.3},{"type":"B","date":"2018-03-29T02:36:03.000Z","volume":600,"label":" ","price":38.25},{"type":"B","date":"2018-03-29T02:36:03.000Z","volume":800,"label":" ","price":38.25},{"type":"U","date":"2018-03-29T02:36:04.000Z","volume":100,"label":"X","price":38.275},{"type":"A","date":"2018-03-29T02:36:08.000Z","volume":21200,"label":" ","price":38.3},{"type":"A","date":"2018-03-29T02:36:08.000Z","volume":500,"label":" ","price":38.3},{"type":"A","date":"2018-03-29T02:36:08.000Z","volume":5600,"label":" ","price":38.35},{"type":"B","date":"2018-03-29T02:36:08.000Z","volume":200,"label":" ","price":38.3},{"type":"B","date":"2018-03-29T02:36:08.000Z","volume":300,"label":" ","price":38.3},{"type":"U","date":"2018-03-29T02:36:09.000Z","volume":500,"label":" ","price":38.35},{"type":"A","date":"2018-03-29T02:37:03.000Z","volume":400,"label":" ","price":38.4},{"type":"A","date":"2018-03-29T02:37:38.000Z","volume":1000,"label":" ","price":38.4},{"type":"A","date":"2018-03-29T02:37:50.000Z","volume":400,"label":" ","price":38.4},{"type":"A","date":"2018-03-29T02:37:51.000Z","volume":100,"label":" ","price":38.4},{"type":"A","date":"2018-03-29T02:37:51.000Z","volume":100,"label":" ","price":38.4},{"type":"A","date":"2018-03-29T02:37:51.000Z","volume":100,"label":" ","price":38.4},{"type":"A","date":"2018-03-29T02:37:51.000Z","volume":100,"label":" ","price":38.4},{"type":"A","date":"2018-03-29T02:38:26.000Z","volume":100,"label":" ","price":38.4},{"type":"A","date":"2018-03-29T02:39:41.000Z","volume":500,"label":" ","price":38.4},{"type":"A","date":"2018-03-29T02:39:55.000Z","volume":1000,"label":" ","price":38.4},{"type":"B","date":"2018-03-29T02:41:03.000Z","volume":500,"label":" ","price":38.35},{"type":"B","date":"2018-03-29T02:41:03.000Z","volume":800,"label":" ","price":38.35},{"type":"U","date":"2018-03-29T02:41:08.000Z","volume":100,"label":"X","price":38.4},{"type":"U","date":"2018-03-29T02:41:15.000Z","volume":100,"label":"X","price":38.4},{"type":"A","date":"2018-03-29T02:41:21.000Z","volume":400,"label":" ","price":38.4},{"type":"A","date":"2018-03-29T02:41:21.000Z","volume":100,"label":" ","price":38.4},{"type":"A","date":"2018-03-29T02:41:21.000Z","volume":100,"label":" ","price":38.4},{"type":"A","date":"2018-03-29T02:41:21.000Z","volume":100,"label":" ","price":38.4},{"type":"A","date":"2018-03-29T02:41:21.000Z","volume":100,"label":" ","price":38.4},{"type":"U","date":"2018-03-29T02:41:26.000Z","volume":100,"label":"X","price":38.4},{"type":"A","date":"2018-03-29T02:41:28.000Z","volume":100,"label":" ","price":38.4},{"type":"U","date":"2018-03-29T02:41:46.000Z","volume":300,"label":"X","price":38.4},{"type":"A","date":"2018-03-29T02:42:03.000Z","volume":2000,"label":" ","price":38.4},{"type":"U","date":"2018-03-29T02:42:08.000Z","volume":100,"label":"X","price":38.4},{"type":"U","date":"2018-03-29T02:42:11.000Z","volume":200,"label":"X","price":38.4},{"type":"B","date":"2018-03-29T02:42:33.000Z","volume":500,"label":" ","price":38.35},{"type":"B","date":"2018-03-29T02:42:33.000Z","volume":700,"label":" ","price":38.35},{"type":"A","date":"2018-03-29T02:42:33.000Z","volume":300,"label":" ","price":38.4},{"type":"U","date":"2018-03-29T02:42:38.000Z","volume":200,"label":"X","price":38.4},{"type":"B","date":"2018-03-29T02:43:48.000Z","volume":600,"label":" ","price":38.35},{"type":"B","date":"2018-03-29T02:43:48.000Z","volume":800,"label":" ","price":38.35},{"type":"U","date":"2018-03-29T02:43:49.000Z","volume":100,"label":"X","price":38.375},{"type":"A","date":"2018-03-29T02:44:07.000Z","volume":100,"label":" ","price":38.4},{"type":"A","date":"2018-03-29T02:44:26.000Z","volume":200,"label":" ","price":38.4},{"type":"B","date":"2018-03-29T02:44:27.000Z","volume":100,"label":" ","price":38.35},{"type":"A","date":"2018-03-29T02:44:52.000Z","volume":200,"label":" ","price":38.4},{"type":"A","date":"2018-03-29T02:45:15.000Z","volume":200,"label":" ","price":38.4},{"type":"A","date":"2018-03-29T02:45:34.000Z","volume":400,"label":"Y","price":38.4},{"type":"A","date":"2018-03-29T02:45:34.000Z","volume":100,"label":"Y","price":38.4},{"type":"A","date":"2018-03-29T02:45:34.000Z","volume":100,"label":"Y","price":38.4},{"type":"A","date":"2018-03-29T02:45:34.000Z","volume":100,"label":"Y","price":38.4},{"type":"A","date":"2018-03-29T02:45:34.000Z","volume":100,"label":"Y","price":38.4},{"type":"A","date":"2018-03-29T02:45:40.000Z","volume":200,"label":" ","price":38.4},{"type":"A","date":"2018-03-29T02:45:48.000Z","volume":4000,"label":" ","price":38.4},{"type":"A","date":"2018-03-29T02:45:48.000Z","volume":15800,"label":" ","price":38.4},{"type":"A","date":"2018-03-29T02:45:48.000Z","volume":800,"label":" ","price":38.4},{"type":"A","date":"2018-03-29T02:45:48.000Z","volume":100,"label":" ","price":38.45},{"type":"A","date":"2018-03-29T02:45:48.000Z","volume":500,"label":" ","price":38.4},{"type":"A","date":"2018-03-29T02:45:48.000Z","volume":7900,"label":" ","price":38.45},{"type":"A","date":"2018-03-29T02:45:48.000Z","volume":8600,"label":" ","price":38.5},{"type":"U","date":"2018-03-29T02:45:50.000Z","volume":100,"label":"X","price":38.425},{"type":"A","date":"2018-03-29T02:45:50.000Z","volume":900,"label":" ","price":38.55},{"type":"A","date":"2018-03-29T02:46:22.000Z","volume":400,"label":" ","price":38.55},{"type":"A","date":"2018-03-29T02:46:53.000Z","volume":400,"label":" ","price":38.55},{"type":"A","date":"2018-03-29T02:46:55.000Z","volume":100,"label":" ","price":38.55},{"type":"A","date":"2018-03-29T02:47:42.000Z","volume":500,"label":" ","price":38.55},{"type":"A","date":"2018-03-29T02:49:26.000Z","volume":400,"label":" ","price":38.55},{"type":"A","date":"2018-03-29T02:49:27.000Z","volume":100,"label":" ","price":38.55},{"type":"A","date":"2018-03-29T02:49:27.000Z","volume":100,"label":" ","price":38.55},{"type":"A","date":"2018-03-29T02:49:27.000Z","volume":100,"label":" ","price":38.55},{"type":"A","date":"2018-03-29T02:49:27.000Z","volume":100,"label":" ","price":38.55},{"type":"A","date":"2018-03-29T02:49:27.000Z","volume":100,"label":"Y","price":38.55},{"type":"A","date":"2018-03-29T02:49:27.000Z","volume":100,"label":" ","price":38.55},{"type":"A","date":"2018-03-29T02:49:41.000Z","volume":100,"label":" ","price":38.55},{"type":"A","date":"2018-03-29T02:49:46.000Z","volume":100,"label":" ","price":38.55},{"type":"A","date":"2018-03-29T02:50:12.000Z","volume":500,"label":" ","price":38.55},{"type":"B","date":"2018-03-29T02:50:18.000Z","volume":100,"label":"Y","price":38.5},{"type":"B","date":"2018-03-29T02:50:18.000Z","volume":100,"label":" ","price":38.5},{"type":"A","date":"2018-03-29T02:50:48.000Z","volume":100,"label":" ","price":38.55},{"type":"B","date":"2018-03-29T02:50:49.000Z","volume":600,"label":" ","price":38.5},{"type":"B","date":"2018-03-29T02:50:50.000Z","volume":400,"label":" ","price":38.5},{"type":"A","date":"2018-03-29T02:51:22.000Z","volume":200,"label":" ","price":38.55},{"type":"A","date":"2018-03-29T02:51:29.000Z","volume":200,"label":" ","price":38.55},{"type":"B","date":"2018-03-29T02:51:48.000Z","volume":800,"label":" ","price":38.5},{"type":"B","date":"2018-03-29T02:51:48.000Z","volume":700,"label":" ","price":38.5},{"type":"B","date":"2018-03-29T02:51:53.000Z","volume":100,"label":" ","price":38.5},{"type":"A","date":"2018-03-29T02:52:31.000Z","volume":700,"label":" ","price":38.55},{"type":"U","date":"2018-03-29T02:52:36.000Z","volume":100,"label":"X","price":38.55},{"type":"U","date":"2018-03-29T02:52:36.000Z","volume":500,"label":"X","price":38.55},{"type":"A","date":"2018-03-29T02:52:51.000Z","volume":300,"label":" ","price":38.55},{"type":"A","date":"2018-03-29T02:52:54.000Z","volume":100,"label":" ","price":38.55},{"type":"B","date":"2018-03-29T02:53:01.000Z","volume":200,"label":" ","price":38.5},{"type":"A","date":"2018-03-29T02:53:09.000Z","volume":200,"label":" ","price":38.55},{"type":"A","date":"2018-03-29T02:53:10.000Z","volume":400,"label":" ","price":38.55},{"type":"A","date":"2018-03-29T02:53:10.000Z","volume":100,"label":" ","price":38.55},{"type":"A","date":"2018-03-29T02:53:10.000Z","volume":100,"label":" ","price":38.55},{"type":"A","date":"2018-03-29T02:53:10.000Z","volume":100,"label":" ","price":38.55},{"type":"A","date":"2018-03-29T02:53:10.000Z","volume":100,"label":" ","price":38.55},{"type":"A","date":"2018-03-29T02:53:10.000Z","volume":200,"label":" ","price":38.55},{"type":"A","date":"2018-03-29T02:53:12.000Z","volume":100,"label":" ","price":38.55},{"type":"A","date":"2018-03-29T02:53:13.000Z","volume":200,"label":" ","price":38.55},{"type":"B","date":"2018-03-29T02:53:25.000Z","volume":400,"label":" ","price":38.5},{"type":"A","date":"2018-03-29T02:53:27.000Z","volume":100,"label":" ","price":38.55},{"type":"A","date":"2018-03-29T02:53:42.000Z","volume":200,"label":" ","price":38.55},{"type":"A","date":"2018-03-29T02:53:55.000Z","volume":100,"label":"Y","price":38.55},{"type":"A","date":"2018-03-29T02:53:55.000Z","volume":100,"label":" ","price":38.55},{"type":"B","date":"2018-03-29T02:54:03.000Z","volume":600,"label":" ","price":38.5},{"type":"B","date":"2018-03-29T02:54:03.000Z","volume":700,"label":" ","price":38.5},{"type":"A","date":"2018-03-29T02:54:09.000Z","volume":200,"label":" ","price":38.55},{"type":"A","date":"2018-03-29T02:54:20.000Z","volume":100,"label":" ","price":38.55},{"type":"A","date":"2018-03-29T02:54:29.000Z","volume":200,"label":" ","price":38.55},{"type":"A","date":"2018-03-29T02:54:54.000Z","volume":100,"label":" ","price":38.55},{"type":"A","date":"2018-03-29T02:55:02.000Z","volume":200,"label":" ","price":38.55},{"type":"A","date":"2018-03-29T02:55:04.000Z","volume":200,"label":" ","price":38.55},{"type":"A","date":"2018-03-29T02:55:31.000Z","volume":400,"label":" ","price":38.55},{"type":"A","date":"2018-03-29T02:55:44.000Z","volume":100,"label":" ","price":38.55},{"type":"A","date":"2018-03-29T02:55:46.000Z","volume":200,"label":" ","price":38.55},{"type":"A","date":"2018-03-29T02:55:47.000Z","volume":100,"label":" ","price":38.55},{"type":"B","date":"2018-03-29T02:55:56.000Z","volume":2000,"label":" ","price":38.5},{"type":"B","date":"2018-03-29T02:56:00.000Z","volume":400,"label":" ","price":38.5},{"type":"B","date":"2018-03-29T02:56:05.000Z","volume":10000,"label":" ","price":38.5},{"type":"B","date":"2018-03-29T02:56:31.000Z","volume":9400,"label":" ","price":38.5},{"type":"B","date":"2018-03-29T02:56:33.000Z","volume":800,"label":" ","price":38.45},{"type":"B","date":"2018-03-29T02:56:33.000Z","volume":700,"label":" ","price":38.45},{"type":"A","date":"2018-03-29T02:56:51.000Z","volume":100,"label":" ","price":38.5},{"type":"A","date":"2018-03-29T02:56:51.000Z","volume":100,"label":" ","price":38.5},{"type":"A","date":"2018-03-29T02:56:51.000Z","volume":100,"label":" ","price":38.5},{"type":"A","date":"2018-03-29T02:56:51.000Z","volume":100,"label":" ","price":38.5},{"type":"A","date":"2018-03-29T02:56:51.000Z","volume":100,"label":" ","price":38.5},{"type":"A","date":"2018-03-29T02:56:51.000Z","volume":100,"label":" ","price":38.5},{"type":"A","date":"2018-03-29T02:56:51.000Z","volume":100,"label":" ","price":38.5},{"type":"A","date":"2018-03-29T02:57:01.000Z","volume":100,"label":" ","price":38.5},{"type":"A","date":"2018-03-29T02:57:01.000Z","volume":300,"label":" ","price":38.5},{"type":"A","date":"2018-03-29T02:57:01.000Z","volume":100,"label":" ","price":38.5},{"type":"B","date":"2018-03-29T02:57:32.000Z","volume":13700,"label":" ","price":38.45},{"type":"B","date":"2018-03-29T02:57:32.000Z","volume":3400,"label":" ","price":38.4},{"type":"A","date":"2018-03-29T02:57:32.000Z","volume":100,"label":" ","price":38.45},{"type":"U","date":"2018-03-29T02:57:33.000Z","volume":100,"label":" ","price":38.4},{"type":"B","date":"2018-03-29T02:57:47.000Z","volume":300,"label":" ","price":38.35},{"type":"B","date":"2018-03-29T02:57:54.000Z","volume":12000,"label":" ","price":38.35},{"type":"B","date":"2018-03-29T02:57:54.000Z","volume":11800,"label":" ","price":38.35},{"type":"B","date":"2018-03-29T02:58:00.000Z","volume":2600,"label":" ","price":38.3},{"type":"B","date":"2018-03-29T02:58:03.000Z","volume":600,"label":" ","price":38.25},{"type":"B","date":"2018-03-29T02:58:03.000Z","volume":800,"label":" ","price":38.25},{"type":"B","date":"2018-03-29T02:58:03.000Z","volume":600,"label":" ","price":38.25},{"type":"B","date":"2018-03-29T02:58:03.000Z","volume":700,"label":" ","price":38.25},{"type":"B","date":"2018-03-29T02:58:14.000Z","volume":400,"label":" ","price":38.25},{"type":"A","date":"2018-03-29T02:58:20.000Z","volume":100,"label":" ","price":38.3},{"type":"A","date":"2018-03-29T02:59:38.000Z","volume":200,"label":" ","price":38.3},{"type":"B","date":"2018-03-29T02:59:43.000Z","volume":100,"label":"Y","price":38.25},{"type":"A","date":"2018-03-29T02:59:45.000Z","volume":3000,"label":" ","price":38.3},{"type":"A","date":"2018-03-29T03:00:29.000Z","volume":200,"label":" ","price":38.3},{"type":"A","date":"2018-03-29T03:00:44.000Z","volume":300,"label":" ","price":38.3},{"type":"B","date":"2018-03-29T03:01:18.000Z","volume":500,"label":" ","price":38.25},{"type":"A","date":"2018-03-29T03:02:22.000Z","volume":200,"label":" ","price":38.3},{"type":"B","date":"2018-03-29T03:02:33.000Z","volume":600,"label":" ","price":38.25},{"type":"A","date":"2018-03-29T03:02:52.000Z","volume":500,"label":" ","price":38.3},{"type":"A","date":"2018-03-29T03:03:04.000Z","volume":100,"label":" ","price":38.3},{"type":"A","date":"2018-03-29T03:03:10.000Z","volume":200,"label":" ","price":38.3},{"type":"B","date":"2018-03-29T03:03:18.000Z","volume":700,"label":" ","price":38.25},{"type":"A","date":"2018-03-29T03:03:23.000Z","volume":100,"label":" ","price":38.3},{"type":"A","date":"2018-03-29T03:03:23.000Z","volume":400,"label":" ","price":38.3},{"type":"A","date":"2018-03-29T03:03:34.000Z","volume":100,"label":" ","price":38.3},{"type":"B","date":"2018-03-29T03:03:38.000Z","volume":100,"label":" ","price":38.25},{"type":"B","date":"2018-03-29T03:04:18.000Z","volume":600,"label":" ","price":38.25},{"type":"A","date":"2018-03-29T03:04:43.000Z","volume":200,"label":" ","price":38.3},{"type":"A","date":"2018-03-29T03:05:09.000Z","volume":200,"label":" ","price":38.3},{"type":"B","date":"2018-03-29T03:05:20.000Z","volume":400,"label":" ","price":38.25},{"type":"A","date":"2018-03-29T03:05:31.000Z","volume":100,"label":" ","price":38.3},{"type":"B","date":"2018-03-29T03:06:03.000Z","volume":1100,"label":" ","price":38.25},{"type":"A","date":"2018-03-29T03:06:08.000Z","volume":200,"label":" ","price":38.3},{"type":"A","date":"2018-03-29T03:06:08.000Z","volume":100,"label":" ","price":38.3},{"type":"A","date":"2018-03-29T03:06:18.000Z","volume":300,"label":" ","price":38.3},{"type":"A","date":"2018-03-29T03:06:31.000Z","volume":200,"label":" ","price":38.3},{"type":"A","date":"2018-03-29T03:07:10.000Z","volume":200,"label":" ","price":38.3},{"type":"A","date":"2018-03-29T03:07:12.000Z","volume":100,"label":" ","price":38.3},{"type":"B","date":"2018-03-29T03:07:32.000Z","volume":100,"label":" ","price":38.25},{"type":"B","date":"2018-03-29T03:07:48.000Z","volume":900,"label":" ","price":38.25},{"type":"A","date":"2018-03-29T03:08:44.000Z","volume":100,"label":" ","price":38.3},{"type":"B","date":"2018-03-29T03:08:45.000Z","volume":500,"label":" ","price":38.25},{"type":"A","date":"2018-03-29T03:09:07.000Z","volume":500,"label":" ","price":38.3},{"type":"A","date":"2018-03-29T03:09:16.000Z","volume":400,"label":" ","price":38.3},{"type":"A","date":"2018-03-29T03:09:16.000Z","volume":100,"label":" ","price":38.3},{"type":"A","date":"2018-03-29T03:09:27.000Z","volume":200,"label":" ","price":38.3},{"type":"B","date":"2018-03-29T03:09:33.000Z","volume":900,"label":" ","price":38.25},{"type":"A","date":"2018-03-29T03:09:38.000Z","volume":100,"label":" ","price":38.3},{"type":"A","date":"2018-03-29T03:09:49.000Z","volume":100,"label":" ","price":38.3},{"type":"B","date":"2018-03-29T03:10:18.000Z","volume":900,"label":" ","price":38.25},{"type":"B","date":"2018-03-29T03:10:33.000Z","volume":700,"label":" ","price":38.25},{"type":"B","date":"2018-03-29T03:10:59.000Z","volume":800,"label":" ","price":38.25},{"type":"B","date":"2018-03-29T03:11:32.000Z","volume":100,"label":"Y","price":38.25},{"type":"B","date":"2018-03-29T03:11:33.000Z","volume":800,"label":" ","price":38.25},{"type":"A","date":"2018-03-29T03:11:35.000Z","volume":100,"label":" ","price":38.3},{"type":"B","date":"2018-03-29T03:11:56.000Z","volume":500,"label":" ","price":38.25},{"type":"B","date":"2018-03-29T03:11:56.000Z","volume":15400,"label":" ","price":38.25},{"type":"B","date":"2018-03-29T03:11:57.000Z","volume":100,"label":" ","price":38.25},{"type":"A","date":"2018-03-29T03:12:07.000Z","volume":100,"label":" ","price":38.3},{"type":"B","date":"2018-03-29T03:12:48.000Z","volume":500,"label":" ","price":38.2},{"type":"A","date":"2018-03-29T03:13:27.000Z","volume":300,"label":" ","price":38.3},{"type":"A","date":"2018-03-29T03:13:27.000Z","volume":100,"label":" ","price":38.3},{"type":"A","date":"2018-03-29T03:13:27.000Z","volume":100,"label":" ","price":38.3},{"type":"A","date":"2018-03-29T03:13:27.000Z","volume":100,"label":" ","price":38.3},{"type":"A","date":"2018-03-29T03:13:27.000Z","volume":100,"label":" ","price":38.3},{"type":"A","date":"2018-03-29T03:13:27.000Z","volume":100,"label":" ","price":38.3},{"type":"A","date":"2018-03-29T03:13:37.000Z","volume":600,"label":" ","price":38.25},{"type":"B","date":"2018-03-29T03:13:48.000Z","volume":900,"label":" ","price":38.2},{"type":"B","date":"2018-03-29T03:14:45.000Z","volume":400,"label":" ","price":38.2},{"type":"A","date":"2018-03-29T03:15:03.000Z","volume":400,"label":" ","price":38.25},{"type":"B","date":"2018-03-29T03:15:22.000Z","volume":15400,"label":" ","price":38.2},{"type":"B","date":"2018-03-29T03:15:22.000Z","volume":29100,"label":" ","price":38.15},{"type":"B","date":"2018-03-29T03:15:22.000Z","volume":500,"label":" ","price":38.1},{"type":"B","date":"2018-03-29T03:15:22.000Z","volume":400,"label":" ","price":38.1},{"type":"B","date":"2018-03-29T03:15:22.000Z","volume":100,"label":" ","price":38.1},{"type":"B","date":"2018-03-29T03:15:22.000Z","volume":100,"label":" ","price":38.1},{"type":"B","date":"2018-03-29T03:15:22.000Z","volume":100,"label":" ","price":38.1},{"type":"B","date":"2018-03-29T03:16:18.000Z","volume":700,"label":" ","price":38.05},{"type":"A","date":"2018-03-29T03:16:38.000Z","volume":200,"label":" ","price":38.15},{"type":"A","date":"2018-03-29T03:16:38.000Z","volume":300,"label":" ","price":38.15},{"type":"B","date":"2018-03-29T03:17:03.000Z","volume":700,"label":" ","price":38.05},{"type":"B","date":"2018-03-29T03:17:03.000Z","volume":500,"label":" ","price":38.05},{"type":"B","date":"2018-03-29T03:17:03.000Z","volume":500,"label":" ","price":38.05},{"type":"B","date":"2018-03-29T03:17:03.000Z","volume":600,"label":" ","price":38.05},{"type":"B","date":"2018-03-29T03:17:03.000Z","volume":500,"label":" ","price":38.05},{"type":"A","date":"2018-03-29T03:17:51.000Z","volume":400,"label":" ","price":38.15},{"type":"B","date":"2018-03-29T03:17:52.000Z","volume":1600,"label":" ","price":38.05},{"type":"B","date":"2018-03-29T03:18:36.000Z","volume":400,"label":" ","price":38},{"type":"A","date":"2018-03-29T03:20:08.000Z","volume":100,"label":" ","price":38.05},{"type":"A","date":"2018-03-29T03:20:33.000Z","volume":300,"label":" ","price":38.05},{"type":"B","date":"2018-03-29T03:21:18.000Z","volume":800,"label":" ","price":38},{"type":"A","date":"2018-03-29T03:21:54.000Z","volume":200,"label":" ","price":38.05},{"type":"A","date":"2018-03-29T03:22:11.000Z","volume":100,"label":" ","price":38.05},{"type":"A","date":"2018-03-29T03:22:16.000Z","volume":400,"label":" ","price":38.05},{"type":"B","date":"2018-03-29T03:22:26.000Z","volume":500,"label":" ","price":38},{"type":"B","date":"2018-03-29T03:22:45.000Z","volume":300,"label":" ","price":38},{"type":"B","date":"2018-03-29T03:23:18.000Z","volume":700,"label":" ","price":38},{"type":"A","date":"2018-03-29T03:23:47.000Z","volume":100,"label":" ","price":38.05},{"type":"B","date":"2018-03-29T03:24:22.000Z","volume":100,"label":" ","price":38},{"type":"A","date":"2018-03-29T03:24:38.000Z","volume":100,"label":" ","price":38.05},{"type":"A","date":"2018-03-29T03:24:59.000Z","volume":200,"label":" ","price":38.05},{"type":"B","date":"2018-03-29T03:25:03.000Z","volume":800,"label":" ","price":38},{"type":"A","date":"2018-03-29T03:25:10.000Z","volume":100,"label":" ","price":38.05},{"type":"B","date":"2018-03-29T03:25:18.000Z","volume":800,"label":" ","price":38},{"type":"A","date":"2018-03-29T03:25:51.000Z","volume":300,"label":" ","price":38.05},{"type":"A","date":"2018-03-29T03:25:51.000Z","volume":100,"label":" ","price":38.05},{"type":"A","date":"2018-03-29T03:25:51.000Z","volume":100,"label":" ","price":38.05},{"type":"A","date":"2018-03-29T03:25:51.000Z","volume":100,"label":" ","price":38.05},{"type":"A","date":"2018-03-29T03:25:51.000Z","volume":100,"label":" ","price":38.05},{"type":"A","date":"2018-03-29T03:25:52.000Z","volume":400,"label":" ","price":38.05},{"type":"B","date":"2018-03-29T03:26:07.000Z","volume":400,"label":" ","price":38},{"type":"B","date":"2018-03-29T03:26:33.000Z","volume":500,"label":" ","price":38},{"type":"A","date":"2018-03-29T03:26:39.000Z","volume":100,"label":" ","price":38.05},{"type":"A","date":"2018-03-29T03:26:40.000Z","volume":200,"label":" ","price":38.05},{"type":"A","date":"2018-03-29T03:27:01.000Z","volume":200,"label":" ","price":38.05},{"type":"A","date":"2018-03-29T03:27:17.000Z","volume":600,"label":" ","price":38.05},{"type":"B","date":"2018-03-29T03:27:18.000Z","volume":500,"label":" ","price":38},{"type":"U","date":"2018-03-29T03:27:25.000Z","volume":100,"label":"X","price":38.05},{"type":"A","date":"2018-03-29T03:27:50.000Z","volume":200,"label":" ","price":38.05},{"type":"A","date":"2018-03-29T03:27:50.000Z","volume":200,"label":" ","price":38.05},{"type":"B","date":"2018-03-29T03:28:03.000Z","volume":500,"label":" ","price":38},{"type":"A","date":"2018-03-29T03:28:03.000Z","volume":100,"label":" ","price":38.05},{"type":"B","date":"2018-03-29T03:28:04.000Z","volume":100,"label":" ","price":38},{"type":"A","date":"2018-03-29T03:28:12.000Z","volume":100,"label":" ","price":38.05},{"type":"A","date":"2018-03-29T03:28:12.000Z","volume":200,"label":" ","price":38.05},{"type":"B","date":"2018-03-29T03:28:37.000Z","volume":500,"label":" ","price":38},{"type":"A","date":"2018-03-29T03:28:49.000Z","volume":100,"label":" ","price":38.05},{"type":"A","date":"2018-03-29T03:28:49.000Z","volume":400,"label":" ","price":38.05},{"type":"A","date":"2018-03-29T03:29:01.000Z","volume":100,"label":" ","price":38.05},{"type":"B","date":"2018-03-29T03:29:33.000Z","volume":700,"label":" ","price":38},{"type":"A","date":"2018-03-29T03:29:34.000Z","volume":100,"label":" ","price":38.05},{"type":"A","date":"2018-03-29T03:29:44.000Z","volume":400,"label":" ","price":38.05},{"type":"A","date":"2018-03-29T03:29:44.000Z","volume":100,"label":" ","price":38.05},{"type":"A","date":"2018-03-29T03:29:44.000Z","volume":100,"label":" ","price":38.05},{"type":"A","date":"2018-03-29T03:29:44.000Z","volume":100,"label":" ","price":38.05},{"type":"A","date":"2018-03-29T03:29:44.000Z","volume":100,"label":" ","price":38.05},{"type":"A","date":"2018-03-29T03:30:04.000Z","volume":100,"label":" ","price":38.05},{"type":"A","date":"2018-03-29T03:30:32.000Z","volume":100,"label":" ","price":38.05},{"type":"A","date":"2018-03-29T03:30:33.000Z","volume":200,"label":" ","price":38.05},{"type":"A","date":"2018-03-29T03:30:42.000Z","volume":100,"label":" ","price":38.05},{"type":"A","date":"2018-03-29T03:30:44.000Z","volume":100,"label":" ","price":38.05},{"type":"A","date":"2018-03-29T03:31:01.000Z","volume":200,"label":" ","price":38.05},{"type":"B","date":"2018-03-29T03:31:03.000Z","volume":500,"label":" ","price":38},{"type":"A","date":"2018-03-29T03:31:18.000Z","volume":300,"label":" ","price":38.05},{"type":"A","date":"2018-03-29T03:31:19.000Z","volume":100,"label":" ","price":38.05},{"type":"A","date":"2018-03-29T03:31:30.000Z","volume":200,"label":" ","price":38.05},{"type":"A","date":"2018-03-29T03:31:41.000Z","volume":200,"label":" ","price":38.05},{"type":"A","date":"2018-03-29T03:31:41.000Z","volume":400,"label":" ","price":38.05},{"type":"A","date":"2018-03-29T03:31:49.000Z","volume":100,"label":" ","price":38.05},{"type":"B","date":"2018-03-29T03:31:51.000Z","volume":100,"label":" ","price":38},{"type":"B","date":"2018-03-29T03:32:03.000Z","volume":500,"label":" ","price":38},{"type":"A","date":"2018-03-29T03:32:14.000Z","volume":200,"label":" ","price":38.05},{"type":"A","date":"2018-03-29T03:32:14.000Z","volume":600,"label":" ","price":38.05},{"type":"A","date":"2018-03-29T03:32:14.000Z","volume":100,"label":" ","price":38.05},{"type":"A","date":"2018-03-29T03:32:14.000Z","volume":100,"label":" ","price":38.05},{"type":"A","date":"2018-03-29T03:32:14.000Z","volume":100,"label":" ","price":38.05},{"type":"A","date":"2018-03-29T03:32:14.000Z","volume":100,"label":" ","price":38.05},{"type":"A","date":"2018-03-29T03:32:24.000Z","volume":100,"label":" ","price":38.05},{"type":"A","date":"2018-03-29T03:32:44.000Z","volume":500,"label":" ","price":38.05},{"type":"B","date":"2018-03-29T03:32:48.000Z","volume":600,"label":" ","price":38},{"type":"B","date":"2018-03-29T03:32:50.000Z","volume":6400,"label":" ","price":38},{"type":"U","date":"2018-03-29T03:32:52.000Z","volume":10,"label":"D","price":37.75},{"type":"A","date":"2018-03-29T03:33:04.000Z","volume":100,"label":" ","price":38.05},{"type":"A","date":"2018-03-29T03:33:34.000Z","volume":100,"label":" ","price":38.05},{"type":"B","date":"2018-03-29T03:33:48.000Z","volume":500,"label":" ","price":38},{"type":"A","date":"2018-03-29T03:33:48.000Z","volume":100,"label":" ","price":38.05},{"type":"A","date":"2018-03-29T03:34:04.000Z","volume":100,"label":" ","price":38.05},{"type":"B","date":"2018-03-29T03:34:33.000Z","volume":600,"label":" ","price":38},{"type":"A","date":"2018-03-29T03:34:33.000Z","volume":100,"label":" ","price":38.05},{"type":"A","date":"2018-03-29T03:34:44.000Z","volume":100,"label":" ","price":38.05},{"type":"A","date":"2018-03-29T03:34:47.000Z","volume":100,"label":" ","price":38.05},{"type":"B","date":"2018-03-29T03:35:12.000Z","volume":200,"label":" ","price":38},{"type":"A","date":"2018-03-29T03:35:14.000Z","volume":100,"label":" ","price":38.05},{"type":"A","date":"2018-03-29T03:35:24.000Z","volume":100,"label":" ","price":38.05},{"type":"B","date":"2018-03-29T03:35:33.000Z","volume":500,"label":" ","price":38},{"type":"A","date":"2018-03-29T03:35:36.000Z","volume":1000,"label":" ","price":38.05},{"type":"B","date":"2018-03-29T03:35:42.000Z","volume":100,"label":" ","price":38},{"type":"A","date":"2018-03-29T03:35:54.000Z","volume":100,"label":" ","price":38.05},{"type":"A","date":"2018-03-29T03:36:24.000Z","volume":100,"label":" ","price":38.05},{"type":"B","date":"2018-03-29T03:36:33.000Z","volume":500,"label":" ","price":38},{"type":"A","date":"2018-03-29T03:36:44.000Z","volume":200,"label":" ","price":38.05},{"type":"A","date":"2018-03-29T03:36:55.000Z","volume":100,"label":" ","price":38.05},{"type":"A","date":"2018-03-29T03:36:56.000Z","volume":100,"label":" ","price":38.05},{"type":"A","date":"2018-03-29T03:37:10.000Z","volume":400,"label":" ","price":38.05},{"type":"B","date":"2018-03-29T03:37:18.000Z","volume":600,"label":" ","price":38},{"type":"A","date":"2018-03-29T03:37:35.000Z","volume":100,"label":" ","price":38.05},{"type":"A","date":"2018-03-29T03:37:47.000Z","volume":100,"label":" ","price":38.05},{"type":"B","date":"2018-03-29T03:37:52.000Z","volume":2000,"label":" ","price":38},{"type":"B","date":"2018-03-29T03:37:57.000Z","volume":4000,"label":" ","price":38},{"type":"A","date":"2018-03-29T03:38:15.000Z","volume":100,"label":" ","price":38.05},{"type":"A","date":"2018-03-29T03:38:20.000Z","volume":100,"label":" ","price":38.05},{"type":"B","date":"2018-03-29T03:38:27.000Z","volume":100,"label":" ","price":38},{"type":"A","date":"2018-03-29T03:38:45.000Z","volume":100,"label":" ","price":38.05},{"type":"A","date":"2018-03-29T03:39:25.000Z","volume":100,"label":" ","price":38.05},{"type":"B","date":"2018-03-29T03:39:34.000Z","volume":100,"label":" ","price":38},{"type":"A","date":"2018-03-29T03:40:05.000Z","volume":100,"label":" ","price":38.05},{"type":"A","date":"2018-03-29T03:40:26.000Z","volume":200,"label":" ","price":38.05},{"type":"A","date":"2018-03-29T03:40:41.000Z","volume":100,"label":" ","price":38.05},{"type":"A","date":"2018-03-29T03:40:46.000Z","volume":100,"label":" ","price":38.05},{"type":"B","date":"2018-03-29T03:40:48.000Z","volume":500,"label":" ","price":38},{"type":"A","date":"2018-03-29T03:41:26.000Z","volume":100,"label":" ","price":38.05},{"type":"B","date":"2018-03-29T03:41:26.000Z","volume":800,"label":" ","price":38},{"type":"A","date":"2018-03-29T03:41:29.000Z","volume":13500,"label":" ","price":38.05},{"type":"B","date":"2018-03-29T03:41:33.000Z","volume":600,"label":" ","price":38},{"type":"U","date":"2018-03-29T03:41:34.000Z","volume":500,"label":"X","price":38.05},{"type":"A","date":"2018-03-29T03:41:50.000Z","volume":100,"label":" ","price":38.05},{"type":"A","date":"2018-03-29T03:42:06.000Z","volume":100,"label":" ","price":38.05},{"type":"B","date":"2018-03-29T03:42:15.000Z","volume":2000,"label":" ","price":38},{"type":"B","date":"2018-03-29T03:42:22.000Z","volume":2000,"label":" ","price":38},{"type":"A","date":"2018-03-29T03:42:22.000Z","volume":400,"label":" ","price":38.05},{"type":"B","date":"2018-03-29T03:42:30.000Z","volume":6000,"label":" ","price":38},{"type":"A","date":"2018-03-29T03:42:30.000Z","volume":1000,"label":" ","price":38.05},{"type":"B","date":"2018-03-29T03:42:33.000Z","volume":500,"label":" ","price":38},{"type":"A","date":"2018-03-29T03:42:34.000Z","volume":100,"label":" ","price":38.05},{"type":"A","date":"2018-03-29T03:42:46.000Z","volume":100,"label":" ","price":38.05},{"type":"A","date":"2018-03-29T03:42:55.000Z","volume":100,"label":" ","price":38.05},{"type":"A","date":"2018-03-29T03:42:55.000Z","volume":100,"label":" ","price":38.05},{"type":"B","date":"2018-03-29T03:43:18.000Z","volume":500,"label":" ","price":38},{"type":"A","date":"2018-03-29T03:43:19.000Z","volume":300,"label":" ","price":38.05},{"type":"A","date":"2018-03-29T03:43:19.000Z","volume":100,"label":" ","price":38.05},{"type":"B","date":"2018-03-29T03:43:29.000Z","volume":100,"label":" ","price":38},{"type":"A","date":"2018-03-29T03:43:36.000Z","volume":100,"label":" ","price":38.05},{"type":"A","date":"2018-03-29T03:43:46.000Z","volume":100,"label":" ","price":38.05},{"type":"A","date":"2018-03-29T03:43:54.000Z","volume":100,"label":" ","price":38.05},{"type":"A","date":"2018-03-29T03:44:12.000Z","volume":200,"label":" ","price":38.05},{"type":"A","date":"2018-03-29T03:44:16.000Z","volume":100,"label":" ","price":38.05},{"type":"B","date":"2018-03-29T03:44:18.000Z","volume":500,"label":" ","price":38},{"type":"A","date":"2018-03-29T03:44:50.000Z","volume":100,"label":" ","price":38.05},{"type":"B","date":"2018-03-29T03:45:03.000Z","volume":600,"label":" ","price":38},{"type":"A","date":"2018-03-29T03:45:04.000Z","volume":100,"label":" ","price":38.05},{"type":"A","date":"2018-03-29T03:45:07.000Z","volume":100,"label":" ","price":38.05},{"type":"A","date":"2018-03-29T03:45:16.000Z","volume":300,"label":" ","price":38.05},{"type":"A","date":"2018-03-29T03:45:17.000Z","volume":100,"label":" ","price":38.05},{"type":"A","date":"2018-03-29T03:45:28.000Z","volume":100,"label":" ","price":38.05},{"type":"A","date":"2018-03-29T03:45:35.000Z","volume":100,"label":" ","price":38.05},{"type":"A","date":"2018-03-29T03:45:55.000Z","volume":500,"label":" ","price":38.05},{"type":"A","date":"2018-03-29T03:45:57.000Z","volume":100,"label":" ","price":38.05},{"type":"A","date":"2018-03-29T03:46:00.000Z","volume":100,"label":" ","price":38.05},{"type":"A","date":"2018-03-29T03:46:18.000Z","volume":200,"label":" ","price":38.05},{"type":"A","date":"2018-03-29T03:46:32.000Z","volume":100,"label":" ","price":38.05},{"type":"A","date":"2018-03-29T03:46:43.000Z","volume":300,"label":" ","price":38.05},{"type":"A","date":"2018-03-29T03:46:44.000Z","volume":100,"label":" ","price":38.05},{"type":"A","date":"2018-03-29T03:46:46.000Z","volume":200,"label":" ","price":38.05},{"type":"A","date":"2018-03-29T03:46:47.000Z","volume":100,"label":" ","price":38.05},{"type":"B","date":"2018-03-29T03:47:03.000Z","volume":600,"label":" ","price":38},{"type":"A","date":"2018-03-29T03:47:04.000Z","volume":100,"label":" ","price":38.05},{"type":"A","date":"2018-03-29T03:47:15.000Z","volume":100,"label":" ","price":38.05},{"type":"A","date":"2018-03-29T03:47:16.000Z","volume":200,"label":" ","price":38.05},{"type":"A","date":"2018-03-29T03:47:17.000Z","volume":200,"label":" ","price":38.05},{"type":"A","date":"2018-03-29T03:47:19.000Z","volume":100,"label":" ","price":38.05},{"type":"A","date":"2018-03-29T03:47:21.000Z","volume":400,"label":" ","price":38.05},{"type":"A","date":"2018-03-29T03:47:21.000Z","volume":100,"label":" ","price":38.05},{"type":"B","date":"2018-03-29T03:47:26.000Z","volume":100,"label":" ","price":38},{"type":"A","date":"2018-03-29T03:47:26.000Z","volume":200,"label":" ","price":38.05},{"type":"A","date":"2018-03-29T03:47:36.000Z","volume":200,"label":" ","price":38.05},{"type":"A","date":"2018-03-29T03:47:47.000Z","volume":100,"label":" ","price":38.05},{"type":"A","date":"2018-03-29T03:47:54.000Z","volume":100,"label":" ","price":38.05},{"type":"A","date":"2018-03-29T03:47:55.000Z","volume":400,"label":" ","price":38.05},{"type":"A","date":"2018-03-29T03:47:59.000Z","volume":200,"label":" ","price":38.05},{"type":"A","date":"2018-03-29T03:48:00.000Z","volume":100,"label":" ","price":38.05},{"type":"A","date":"2018-03-29T03:48:00.000Z","volume":100,"label":" ","price":38.05},{"type":"A","date":"2018-03-29T03:48:02.000Z","volume":600,"label":" ","price":38.05},{"type":"A","date":"2018-03-29T03:48:02.000Z","volume":100,"label":" ","price":38.05},{"type":"A","date":"2018-03-29T03:48:13.000Z","volume":100,"label":" ","price":38.05},{"type":"A","date":"2018-03-29T03:48:20.000Z","volume":100,"label":" ","price":38.05},{"type":"A","date":"2018-03-29T03:48:26.000Z","volume":200,"label":" ","price":38.05},{"type":"A","date":"2018-03-29T03:48:31.000Z","volume":100,"label":" ","price":38.05},{"type":"A","date":"2018-03-29T03:48:48.000Z","volume":100,"label":" ","price":38.05},{"type":"B","date":"2018-03-29T03:49:03.000Z","volume":500,"label":" ","price":38},{"type":"A","date":"2018-03-29T03:49:16.000Z","volume":100,"label":" ","price":38.05},{"type":"A","date":"2018-03-29T03:49:25.000Z","volume":400,"label":" ","price":38.05},{"type":"A","date":"2018-03-29T03:49:26.000Z","volume":100,"label":"Y","price":38.05},{"type":"A","date":"2018-03-29T03:49:26.000Z","volume":100,"label":" ","price":38.05},{"type":"A","date":"2018-03-29T03:49:32.000Z","volume":100,"label":" ","price":38.05},{"type":"A","date":"2018-03-29T03:49:32.000Z","volume":200,"label":"Y","price":38.05},{"type":"A","date":"2018-03-29T03:49:36.000Z","volume":200,"label":"Y","price":38.05},{"type":"A","date":"2018-03-29T03:49:47.000Z","volume":100,"label":" ","price":38.05},{"type":"A","date":"2018-03-29T03:49:51.000Z","volume":500,"label":" ","price":38.05},{"type":"A","date":"2018-03-29T03:49:59.000Z","volume":100,"label":" ","price":38.05},{"type":"A","date":"2018-03-29T03:50:00.000Z","volume":100,"label":"Y","price":38.05},{"type":"A","date":"2018-03-29T03:50:02.000Z","volume":100,"label":" ","price":38.05},{"type":"B","date":"2018-03-29T03:50:18.000Z","volume":500,"label":" ","price":38},{"type":"A","date":"2018-03-29T03:50:24.000Z","volume":200,"label":"Y","price":38.05},{"type":"A","date":"2018-03-29T03:50:32.000Z","volume":100,"label":" ","price":38.05},{"type":"A","date":"2018-03-29T03:50:33.000Z","volume":100,"label":" ","price":38.05},{"type":"A","date":"2018-03-29T03:50:40.000Z","volume":100,"label":"Y","price":38.05},{"type":"A","date":"2018-03-29T03:50:40.000Z","volume":700,"label":" ","price":38.05},{"type":"A","date":"2018-03-29T03:50:48.000Z","volume":100,"label":" ","price":38.05},{"type":"A","date":"2018-03-29T03:50:55.000Z","volume":400,"label":" ","price":38.05},{"type":"A","date":"2018-03-29T03:50:57.000Z","volume":100,"label":" ","price":38.05},{"type":"A","date":"2018-03-29T03:51:03.000Z","volume":100,"label":" ","price":38.05},{"type":"A","date":"2018-03-29T03:51:06.000Z","volume":200,"label":"Y","price":38.05},{"type":"A","date":"2018-03-29T03:51:09.000Z","volume":100,"label":" ","price":38.05},{"type":"A","date":"2018-03-29T03:51:11.000Z","volume":100,"label":" ","price":38.05},{"type":"A","date":"2018-03-29T03:51:18.000Z","volume":100,"label":" ","price":38.05},{"type":"A","date":"2018-03-29T03:51:29.000Z","volume":100,"label":"Y","price":38.05},{"type":"A","date":"2018-03-29T03:51:31.000Z","volume":200,"label":"Y","price":38.05},{"type":"A","date":"2018-03-29T03:51:32.000Z","volume":100,"label":"Y","price":38.05},{"type":"B","date":"2018-03-29T03:51:33.000Z","volume":500,"label":" ","price":38},{"type":"A","date":"2018-03-29T03:51:33.000Z","volume":100,"label":" ","price":38.05},{"type":"A","date":"2018-03-29T03:51:50.000Z","volume":100,"label":" ","price":38.05},{"type":"A","date":"2018-03-29T03:52:04.000Z","volume":100,"label":" ","price":38.05},{"type":"A","date":"2018-03-29T03:52:14.000Z","volume":100,"label":"Y","price":38.05},{"type":"A","date":"2018-03-29T03:52:20.000Z","volume":100,"label":" ","price":38.05},{"type":"A","date":"2018-03-29T03:52:21.000Z","volume":500,"label":" ","price":38.05},{"type":"A","date":"2018-03-29T03:52:25.000Z","volume":500,"label":" ","price":38.05},{"type":"B","date":"2018-03-29T03:52:25.000Z","volume":20000,"label":" ","price":38},{"type":"B","date":"2018-03-29T03:52:25.000Z","volume":20700,"label":" ","price":38},{"type":"B","date":"2018-03-29T03:52:25.000Z","volume":3700,"label":" ","price":38},{"type":"B","date":"2018-03-29T03:52:25.000Z","volume":3300,"label":" ","price":38},{"type":"U","date":"2018-03-29T03:52:25.000Z","volume":400,"label":" ","price":38},{"type":"U","date":"2018-03-29T03:52:30.000Z","volume":1800,"label":"X","price":38},{"type":"B","date":"2018-03-29T03:52:37.000Z","volume":100,"label":" ","price":37.95},{"type":"A","date":"2018-03-29T03:52:37.000Z","volume":3300,"label":" ","price":38},{"type":"B","date":"2018-03-29T03:52:37.000Z","volume":1300,"label":" ","price":37.95},{"type":"B","date":"2018-03-29T03:52:37.000Z","volume":5200,"label":" ","price":37.95},{"type":"A","date":"2018-03-29T03:52:37.000Z","volume":100,"label":" ","price":38},{"type":"B","date":"2018-03-29T03:52:48.000Z","volume":500,"label":" ","price":37.9},{"type":"A","date":"2018-03-29T03:52:48.000Z","volume":100,"label":" ","price":38},{"type":"U","date":"2018-03-29T03:53:23.000Z","volume":100,"label":" ","price":37.95},{"type":"B","date":"2018-03-29T03:54:03.000Z","volume":500,"label":" ","price":37.9},{"type":"A","date":"2018-03-29T03:54:03.000Z","volume":100,"label":" ","price":38},{"type":"B","date":"2018-03-29T03:55:18.000Z","volume":500,"label":" ","price":37.9},{"type":"A","date":"2018-03-29T03:55:18.000Z","volume":100,"label":" ","price":38},{"type":"B","date":"2018-03-29T03:56:18.000Z","volume":700,"label":" ","price":37.9},{"type":"A","date":"2018-03-29T03:56:18.000Z","volume":100,"label":" ","price":38},{"type":"A","date":"2018-03-29T03:57:01.000Z","volume":100,"label":" ","price":38},{"type":"A","date":"2018-03-29T03:57:23.000Z","volume":1100,"label":" ","price":37.95},{"type":"A","date":"2018-03-29T03:57:29.000Z","volume":300,"label":" ","price":37.95},{"type":"A","date":"2018-03-29T03:57:29.000Z","volume":500,"label":" ","price":37.95},{"type":"B","date":"2018-03-29T03:57:48.000Z","volume":900,"label":" ","price":37.9},{"type":"A","date":"2018-03-29T03:58:01.000Z","volume":100,"label":" ","price":37.95},{"type":"A","date":"2018-03-29T03:58:15.000Z","volume":200,"label":" ","price":37.95},{"type":"A","date":"2018-03-29T03:58:30.000Z","volume":100,"label":" ","price":37.95},{"type":"A","date":"2018-03-29T03:58:41.000Z","volume":100,"label":" ","price":37.95},{"type":"A","date":"2018-03-29T03:58:56.000Z","volume":200,"label":" ","price":37.95},{"type":"A","date":"2018-03-29T03:59:10.000Z","volume":200,"label":" ","price":37.95},{"type":"A","date":"2018-03-29T03:59:11.000Z","volume":200,"label":" ","price":37.95},{"type":"B","date":"2018-03-29T03:59:18.000Z","volume":100,"label":" ","price":37.9},{"type":"B","date":"2018-03-29T03:59:18.000Z","volume":100,"label":" ","price":37.9},{"type":"A","date":"2018-03-29T03:59:20.000Z","volume":100,"label":" ","price":37.95},{"type":"A","date":"2018-03-29T03:59:21.000Z","volume":100,"label":" ","price":37.95},{"type":"A","date":"2018-03-29T03:59:32.000Z","volume":100,"label":" ","price":37.95},{"type":"A","date":"2018-03-29T03:59:33.000Z","volume":200,"label":" ","price":37.95},{"type":"B","date":"2018-03-29T03:59:33.000Z","volume":200,"label":" ","price":37.9},{"type":"A","date":"2018-03-29T03:59:36.000Z","volume":200,"label":" ","price":37.95},{"type":"B","date":"2018-03-29T03:59:48.000Z","volume":100,"label":" ","price":37.9},{"type":"A","date":"2018-03-29T03:59:50.000Z","volume":100,"label":" ","price":37.95},{"type":"B","date":"2018-03-29T05:00:02.000Z","volume":100,"label":" ","price":37.9},{"type":"B","date":"2018-03-29T05:00:03.000Z","volume":3000,"label":" ","price":37.9},{"type":"B","date":"2018-03-29T05:00:03.000Z","volume":500,"label":" ","price":37.9},{"type":"A","date":"2018-03-29T05:00:03.000Z","volume":10000,"label":" ","price":37.95},{"type":"A","date":"2018-03-29T05:00:03.000Z","volume":500,"label":" ","price":37.95},{"type":"B","date":"2018-03-29T05:00:03.000Z","volume":300,"label":" ","price":37.9},{"type":"A","date":"2018-03-29T05:00:04.000Z","volume":10000,"label":" ","price":37.95},{"type":"A","date":"2018-03-29T05:00:07.000Z","volume":100,"label":" ","price":37.95},{"type":"A","date":"2018-03-29T05:00:08.000Z","volume":2200,"label":" ","price":37.95},{"type":"A","date":"2018-03-29T05:00:16.000Z","volume":1800,"label":" ","price":37.95},{"type":"B","date":"2018-03-29T05:00:30.000Z","volume":800,"label":" ","price":37.9},{"type":"B","date":"2018-03-29T05:00:59.000Z","volume":100,"label":" ","price":37.9},{"type":"B","date":"2018-03-29T05:01:28.000Z","volume":100,"label":" ","price":37.9},{"type":"A","date":"2018-03-29T05:01:52.000Z","volume":500,"label":" ","price":37.95},{"type":"A","date":"2018-03-29T05:02:05.000Z","volume":1700,"label":" ","price":37.95},{"type":"B","date":"2018-03-29T05:02:17.000Z","volume":2400,"label":" ","price":37.9},{"type":"A","date":"2018-03-29T05:02:25.000Z","volume":300,"label":" ","price":37.95},{"type":"B","date":"2018-03-29T05:02:26.000Z","volume":100,"label":" ","price":37.9},{"type":"A","date":"2018-03-29T05:02:30.000Z","volume":500,"label":" ","price":37.95},{"type":"A","date":"2018-03-29T05:02:40.000Z","volume":100,"label":" ","price":37.95},{"type":"A","date":"2018-03-29T05:02:49.000Z","volume":200,"label":" ","price":37.95},{"type":"B","date":"2018-03-29T05:02:49.000Z","volume":500,"label":" ","price":37.9}