[{"type":"U","date":"2018-03-21T01:42:52.000Z","volume":2000,"label":" ","price":1.23},{"type":"B","date":"2018-03-21T02:06:26.000Z","volume":14000,"label":" ","price":1.23},{"type":"B","date":"2018-03-21T02:22:56.000Z","volume":17000,"label":" ","price":1.23},{"type":"B","date":"2018-03-21T02:22:59.000Z","volume":24000,"label":" ","price":1.23},{"type":"B","date":"2018-03-21T02:33:16.000Z","volume":10000,"label":" ","price":1.23},{"type":"B","date":"2018-03-21T02:43:58.000Z","volume":39000,"label":" ","price":1.23},{"type":"B","date":"2018-03-21T02:50:57.000Z","volume":1000,"label":" ","price":1.22},{"type":"A","date":"2018-03-21T02:53:16.000Z","volume":1000,"label":" ","price":1.23},{"type":"B","date":"2018-03-21T03:07:48.000Z","volume":69000,"label":" ","price":1.22},{"type":"B","date":"2018-03-21T03:07:48.000Z","volume":33000,"label":" ","price":1.21},{"type":"B","date":"2018-03-21T03:07:48.000Z","volume":98000,"label":" ","price":1.2},{"type":"A","date":"2018-03-21T03:07:58.000Z","volume":16000,"label":" ","price":1.21},{"type":"A","date":"2018-03-21T03:07:58.000Z","volume":82000,"label":" ","price":1.22},{"type":"A","date":"2018-03-21T03:07:58.000Z","volume":2000,"label":" ","price":1.22},{"type":"A","date":"2018-03-21T03:08:07.000Z","volume":21000,"label":" ","price":1.23},{"type":"A","date":"2018-03-21T03:29:59.000Z","volume":81000,"label":" ","price":1.23},{"type":"B","date":"2018-03-21T03:36:29.000Z","volume":1000,"label":" ","price":1.22},{"type":"A","date":"2018-03-21T03:37:07.000Z","volume":2000,"label":" ","price":1.23},{"type":"B","date":"2018-03-21T05:00:03.000Z","volume":7000,"label":" ","price":1.22},{"type":"B","date":"2018-03-21T05:05:05.000Z","volume":10000,"label":" ","price":1.22},{"type":"B","date":"2018-03-21T05:05:05.000Z","volume":20000,"label":" ","price":1.21},{"type":"B","date":"2018-03-21T05:05:19.000Z","volume":1000,"label":" ","price":1.22},{"type":"A","date":"2018-03-21T05:16:27.000Z","volume":10000,"label":" ","price":1.22},{"type":"B","date":"2018-03-21T05:16:41.000Z","volume":59000,"label":" ","price":1.21},{"type":"A","date":"2018-03-21T05:16:41.000Z","volume":27000,"label":" ","price":1.21},{"type":"B","date":"2018-03-21T05:22:43.000Z","volume":1000,"label":" ","price":1.21},{"type":"B","date":"2018-03-21T05:24:07.000Z","volume":3000,"label":" ","price":1.21},{"type":"B","date":"2018-03-21T05:24:20.000Z","volume":1000,"label":" ","price":1.21},{"type":"U","date":"2018-03-21T05:30:01.000Z","volume":5000,"label":" ","price":1.22},{"type":"B","date":"2018-03-21T05:46:24.000Z","volume":1000,"label":" ","price":1.21},{"type":"B","date":"2018-03-21T05:58:50.000Z","volume":10000,"label":" ","price":1.21},{"type":"B","date":"2018-03-21T05:58:56.000Z","volume":3000,"label":" ","price":1.21},{"type":"B","date":"2018-03-21T06:04:30.000Z","volume":155000,"label":" ","price":1.2},{"type":"A","date":"2018-03-21T06:04:30.000Z","volume":45000,"label":" ","price":1.2},{"type":"A","date":"2018-03-21T06:04:45.000Z","volume":8000,"label":" ","price":1.2},{"type":"A","date":"2018-03-21T06:06:00.000Z","volume":30000,"label":" ","price":1.2},{"type":"A","date":"2018-03-21T06:11:34.000Z","volume":20000,"label":" ","price":1.2},{"type":"B","date":"2018-03-21T06:22:49.000Z","volume":1000,"label":" ","price":1.19},{"type":"A","date":"2018-03-21T06:25:24.000Z","volume":1000,"label":" ","price":1.2},{"type":"B","date":"2018-03-21T06:25:31.000Z","volume":1000,"label":" ","price":1.19},{"type":"B","date":"2018-03-21T06:30:26.000Z","volume":14000,"label":" ","price":1.19},{"type":"B","date":"2018-03-21T06:30:55.000Z","volume":32000,"label":" ","price":1.19},{"type":"A","date":"2018-03-21T06:31:09.000Z","volume":6000,"label":" ","price":1.2},{"type":"B","date":"2018-03-21T06:31:17.000Z","volume":1000,"label":" ","price":1.19},{"type":"B","date":"2018-03-21T06:32:34.000Z","volume":30000,"label":" ","price":1.19},{"type":"B","date":"2018-03-21T06:32:41.000Z","volume":6000,"label":" ","price":1.19},{"type":"B","date":"2018-03-21T06:33:06.000Z","volume":1000,"label":" ","price":1.19},{"type":"A","date":"2018-03-21T06:35:40.000Z","volume":5000,"label":" ","price":1.19},{"type":"A","date":"2018-03-21T06:38:39.000Z","volume":2000,"label":" ","price":1.19},{"type":"B","date":"2018-03-21T06:38:44.000Z","volume":13000,"label":" ","price":1.19},{"type":"B","date":"2018-03-21T06:38:44.000Z","volume":5000,"label":" ","price":1.19},{"type":"B","date":"2018-03-21T06:39:41.000Z","volume":13000,"label":" ","price":1.19},{"type":"B","date":"2018-03-21T06:40:15.000Z","volume":5000,"label":" ","price":1.19},{"type":"B","date":"2018-03-21T06:40:15.000Z","volume":2000,"label":" ","price":1.19},{"type":"B","date":"2018-03-21T06:41:35.000Z","volume":6000,"label":" ","price":1.19},{"type":"B","date":"2018-03-21T06:42:25.000Z","volume":23000,"label":" ","price":1.19},{"type":"B","date":"2018-03-21T06:49:18.000Z","volume":50000,"label":" ","price":1.19},{"type":"B","date":"2018-03-21T06:51:59.000Z","volume":5000,"label":" ","price":1.19},{"type":"B","date":"2018-03-21T06:52:55.000Z","volume":16000,"label":" ","price":1.19},{"type":"A","date":"2018-03-21T06:53:02.000Z","volume":4000,"label":" ","price":1.19},{"type":"B","date":"2018-03-21T06:55:06.000Z","volume":221000,"label":" ","price":1.18},{"type":"A","date":"2018-03-21T06:55:14.000Z","volume":26000,"label":" ","price":1.18},{"type":"B","date":"2018-03-21T06:55:34.000Z","volume":10000,"label":" ","price":1.17},{"type":"B","date":"2018-03-21T07:00:41.000Z","volume":40000,"label":" ","price":1.17},{"type":"B","date":"2018-03-21T07:00:57.000Z","volume":50000,"label":" ","price":1.17},{"type":"B","date":"2018-03-21T07:00:57.000Z","volume":124000,"label":" ","price":1.16},{"type":"B","date":"2018-03-21T07:01:35.000Z","volume":20000,"label":" ","price":1.15},{"type":"B","date":"2018-03-21T07:02:12.000Z","volume":4000,"label":" ","price":1.16},{"type":"A","date":"2018-03-21T07:03:17.000Z","volume":4000,"label":" ","price":1.17},{"type":"B","date":"2018-03-21T07:03:37.000Z","volume":56000,"label":" ","price":1.16},{"type":"A","date":"2018-03-21T07:03:42.000Z","volume":7000,"label":" ","price":1.16},{"type":"A","date":"2018-03-21T07:04:37.000Z","volume":8000,"label":" ","price":1.16},{"type":"B","date":"2018-03-21T07:06:32.000Z","volume":54000,"label":" ","price":1.15},{"type":"A","date":"2018-03-21T07:06:54.000Z","volume":20000,"label":" ","price":1.16},{"type":"B","date":"2018-03-21T07:11:20.000Z","volume":170000,"label":" ","price":1.15},{"type":"B","date":"2018-03-21T07:11:51.000Z","volume":9000,"label":" ","price":1.15},{"type":"B","date":"2018-03-21T07:13:00.000Z","volume":142000,"label":" ","price":1.15},{"type":"B","date":"2018-03-21T07:13:29.000Z","volume":50000,"label":" ","price":1.14},{"type":"A","date":"2018-03-21T07:17:36.000Z","volume":100000,"label":" ","price":1.14},{"type":"A","date":"2018-03-21T07:17:53.000Z","volume":380000,"label":" ","price":1.14},{"type":"B","date":"2018-03-21T07:18:22.000Z","volume":20000,"label":" ","price":1.14},{"type":"B","date":"2018-03-21T07:19:28.000Z","volume":20000,"label":" ","price":1.14},{"type":"B","date":"2018-03-21T07:19:57.000Z","volume":150000,"label":" ","price":1.14},{"type":"A","date":"2018-03-21T07:20:13.000Z","volume":50000,"label":" ","price":1.14},{"type":"B","date":"2018-03-21T07:20:30.000Z","volume":2000,"label":" ","price":1.13},{"type":"A","date":"2018-03-21T07:20:44.000Z","volume":100000,"label":" ","price":1.14},{"type":"A","date":"2018-03-21T07:22:04.000Z","volume":44000,"label":"Y","price":1.15},{"type":"B","date":"2018-03-21T07:22:04.000Z","volume":1000,"label":" ","price":1.14},{"type":"A","date":"2018-03-21T07:23:10.000Z","volume":50000,"label":" ","price":1.14},{"type":"A","date":"2018-03-21T07:24:34.000Z","volume":149000,"label":" ","price":1.14},{"type":"A","date":"2018-03-21T07:26:36.000Z","volume":50000,"label":" ","price":1.15},{"type":"A","date":"2018-03-21T07:26:40.000Z","volume":100000,"label":" ","price":1.15},{"type":"A","date":"2018-03-21T07:26:42.000Z","volume":30000,"label":" ","price":1.15},{"type":"A","date":"2018-03-21T07:26:44.000Z","volume":50000,"label":" ","price":1.15},{"type":"A","date":"2018-03-21T07:26:44.000Z","volume":69000,"label":" ","price":1.15},{"type":"A","date":"2018-03-21T07:26:46.000Z","volume":15000,"label":" ","price":1.15},{"type":"A","date":"2018-03-21T07:26:49.000Z","volume":18000,"label":" ","price":1.16},{"type":"B","date":"2018-03-21T07:28:40.000Z","volume":2000,"label":"Y","price":1.15},{"type":"B","date":"2018-03-21T07:28:40.000Z","volume":18000,"label":" ","price":1.15},{"type":"B","date":"2018-03-21T07:31:52.000Z","volume":10000,"label":"Y","price":1.15},{"type":"B","date":"2018-03-21T07:31:55.000Z","volume":15000,"label":" ","price":1.15},{"type":"A","date":"2018-03-21T07:32:23.000Z","volume":47000,"label":" ","price":1.16},{"type":"A","date":"2018-03-21T07:32:23.000Z","volume":54000,"label":" ","price":1.17},{"type":"A","date":"2018-03-21T07:38:39.000Z","volume":7000,"label":" ","price":1.17},{"type":"A","date":"2018-03-21T07:40:56.000Z","volume":1000,"label":" ","price":1.16},{"type":"A","date":"2018-03-21T07:41:15.000Z","volume":89000,"label":" ","price":1.17},{"type":"B","date":"2018-03-21T07:42:51.000Z","volume":1000,"label":" ","price":1.17},{"type":"B","date":"2018-03-21T07:46:27.000Z","volume":20000,"label":" ","price":1.17},{"type":"B","date":"2018-03-21T07:47:12.000Z","volume":41000,"label":" ","price":1.16},{"type":"B","date":"2018-03-21T07:47:12.000Z","volume":137000,"label":" ","price":1.15},{"type":"B","date":"2018-03-21T07:47:12.000Z","volume":281000,"label":" ","price":1.14},{"type":"A","date":"2018-03-21T07:47:49.000Z","volume":32000,"label":" ","price":1.15},{"type":"B","date":"2018-03-21T07:49:13.000Z","volume":20000,"label":" ","price":1.13},{"type":"B","date":"2018-03-21T07:50:21.000Z","volume":119000,"label":" ","price":1.13},{"type":"B","date":"2018-03-21T07:50:29.000Z","volume":20000,"label":" ","price":1.12},{"type":"A","date":"2018-03-21T07:50:31.000Z","volume":14000,"label":" ","price":1.13},{"type":"A","date":"2018-03-21T07:50:34.000Z","volume":32000,"label":" ","price":1.13},{"type":"A","date":"2018-03-21T07:50:37.000Z","volume":20000,"label":" ","price":1.13},{"type":"A","date":"2018-03-21T07:50:40.000Z","volume":13000,"label":" ","price":1.13},{"type":"A","date":"2018-03-21T07:50:55.000Z","volume":2000,"label":" ","price":1.13},{"type":"B","date":"2018-03-21T07:51:19.000Z","volume":10000,"label":" ","price":1.13},{"type":"B","date":"2018-03-21T07:52:44.000Z","volume":2000,"label":" ","price":1.13},{"type":"A","date":"2018-03-21T07:53:04.000Z","volume":15000,"label":" ","price":1.14},{"type":"A","date":"2018-03-21T07:53:28.000Z","volume":5000,"label":" ","price":1.14},{"type":"A","date":"2018-03-21T07:53:57.000Z","volume":1000,"label":" ","price":1.14},{"type":"B","date":"2018-03-21T07:54:12.000Z","volume":47000,"label":" ","price":1.13},{"type":"B","date":"2018-03-21T07:54:32.000Z","volume":18000,"label":" ","price":1.13},{"type":"A","date":"2018-03-21T07:55:35.000Z","volume":20000,"label":" ","price":1.14},{"type":"A","date":"2018-03-21T07:56:22.000Z","volume":22000,"label":" ","price":1.14},{"type":"A","date":"2018-03-21T07:56:33.000Z","volume":8000,"label":" ","price":1.14},{"type":"A","date":"2018-03-21T07:56:33.000Z","volume":57000,"label":" ","price":1.15},{"type":"B","date":"2018-03-21T07:56:36.000Z","volume":35000,"label":" ","price":1.15},{"type":"B","date":"2018-03-21T07:56:37.000Z","volume":50000,"label":" ","price":1.13},{"type":"B","date":"2018-03-21T07:58:03.000Z","volume":4000,"label":"Y","price":1.13},{"type":"B","date":"2018-03-21T07:58:03.000Z","volume":6000,"label":" ","price":1.13},{"type":"A","date":"2018-03-21T07:58:20.000Z","volume":32000,"label":"Y","price":1.15},{"type":"A","date":"2018-03-21T07:58:20.000Z","volume":68000,"label":" ","price":1.15},{"type":"B","date":"2018-03-21T07:58:31.000Z","volume":2000,"label":" ","price":1.13},{"type":"B","date":"2018-03-21T07:58:59.000Z","volume":100000,"label":" ","price":1.14},{"type":"B","date":"2018-03-21T07:58:59.000Z","volume":34000,"label":" ","price":1.13},{"type":"B","date":"2018-03-21T07:58:59.000Z","volume":16000,"label":" ","price":1.12},{"type":"B","date":"2018-03-21T07:59:19.000Z","volume":12000,"label":" ","price":1.12},{"type":"A","date":"2018-03-21T07:59:23.000Z","volume":8000,"label":" ","price":1.14},{"type":"B","date":"2018-03-21T07:59:27.000Z","volume":20000,"label":" ","price":1.12},{"type":"B","date":"2018-03-21T07:59:31.000Z","volume":5000,"label":" ","price":1.12},{"type":"B","date":"2018-03-21T07:59:34.000Z","volume":7000,"label":" ","price":1.12}]