[{"type":"U","date":"2018-04-16T01:20:00.000Z","volume":4000,"label":"U","price":8.25},{"type":"B","date":"2018-04-16T01:31:45.000Z","volume":2000,"label":" ","price":8.21},{"type":"B","date":"2018-04-16T01:32:05.000Z","volume":2000,"label":" ","price":8.21},{"type":"B","date":"2018-04-16T01:32:46.000Z","volume":2000,"label":" ","price":8.21},{"type":"A","date":"2018-04-16T01:33:52.000Z","volume":4000,"label":" ","price":8.21},{"type":"B","date":"2018-04-16T01:35:33.000Z","volume":8000,"label":" ","price":8.21},{"type":"B","date":"2018-04-16T01:38:47.000Z","volume":2000,"label":" ","price":8.23},{"type":"B","date":"2018-04-16T01:40:45.000Z","volume":4000,"label":" ","price":8.23},{"type":"B","date":"2018-04-16T01:40:48.000Z","volume":4000,"label":" ","price":8.23},{"type":"U","date":"2018-04-16T01:41:40.000Z","volume":4000,"label":" ","price":8.22},{"type":"B","date":"2018-04-16T01:41:43.000Z","volume":6000,"label":" ","price":8.21},{"type":"B","date":"2018-04-16T01:42:11.000Z","volume":12000,"label":" ","price":8.2},{"type":"B","date":"2018-04-16T01:42:35.000Z","volume":2000,"label":" ","price":8.18},{"type":"B","date":"2018-04-16T01:43:06.000Z","volume":2000,"label":" ","price":8.18},{"type":"B","date":"2018-04-16T01:44:39.000Z","volume":10000,"label":" ","price":8.18},{"type":"B","date":"2018-04-16T01:44:39.000Z","volume":10000,"label":" ","price":8.17},{"type":"B","date":"2018-04-16T01:44:39.000Z","volume":2000,"label":" ","price":8.16},{"type":"B","date":"2018-04-16T01:44:39.000Z","volume":10000,"label":" ","price":8.15},{"type":"U","date":"2018-04-16T01:44:47.000Z","volume":2000,"label":" ","price":8.14},{"type":"U","date":"2018-04-16T01:44:48.000Z","volume":4000,"label":"X","price":8.13},{"type":"A","date":"2018-04-16T01:44:51.000Z","volume":48000,"label":" ","price":8.15},{"type":"B","date":"2018-04-16T01:45:11.000Z","volume":10000,"label":" ","price":8.14},{"type":"B","date":"2018-04-16T01:45:11.000Z","volume":20000,"label":" ","price":8.13},{"type":"U","date":"2018-04-16T01:50:25.000Z","volume":2000,"label":"X","price":8.15},{"type":"B","date":"2018-04-16T01:50:51.000Z","volume":4000,"label":" ","price":8.15},{"type":"B","date":"2018-04-16T01:50:51.000Z","volume":2000,"label":"Y","price":8.14},{"type":"B","date":"2018-04-16T01:50:51.000Z","volume":4000,"label":" ","price":8.13},{"type":"B","date":"2018-04-16T01:51:23.000Z","volume":4000,"label":" ","price":8.14},{"type":"B","date":"2018-04-16T01:51:23.000Z","volume":6000,"label":" ","price":8.13},{"type":"B","date":"2018-04-16T01:53:37.000Z","volume":90000,"label":" ","price":8.13},{"type":"B","date":"2018-04-16T01:53:37.000Z","volume":12000,"label":" ","price":8.12},{"type":"A","date":"2018-04-16T01:53:39.000Z","volume":18000,"label":" ","price":8.13},{"type":"B","date":"2018-04-16T01:54:23.000Z","volume":2000,"label":" ","price":8.12},{"type":"A","date":"2018-04-16T01:54:36.000Z","volume":6000,"label":" ","price":8.13},{"type":"A","date":"2018-04-16T01:54:36.000Z","volume":56000,"label":" ","price":8.13},{"type":"B","date":"2018-04-16T01:57:48.000Z","volume":2000,"label":" ","price":8.14},{"type":"B","date":"2018-04-16T02:01:56.000Z","volume":8000,"label":" ","price":8.12},{"type":"B","date":"2018-04-16T02:04:52.000Z","volume":16000,"label":" ","price":8.13},{"type":"B","date":"2018-04-16T02:05:47.000Z","volume":2000,"label":" ","price":8.14},{"type":"B","date":"2018-04-16T02:10:50.000Z","volume":4000,"label":" ","price":8.14},{"type":"B","date":"2018-04-16T02:10:50.000Z","volume":2000,"label":" ","price":8.13},{"type":"U","date":"2018-04-16T02:13:54.000Z","volume":4000,"label":" ","price":8.14},{"type":"A","date":"2018-04-16T02:19:06.000Z","volume":24000,"label":" ","price":8.17},{"type":"A","date":"2018-04-16T02:19:06.000Z","volume":12000,"label":" ","price":8.17},{"type":"B","date":"2018-04-16T02:27:58.000Z","volume":6000,"label":" ","price":8.15},{"type":"B","date":"2018-04-16T02:29:00.000Z","volume":6000,"label":" ","price":8.15},{"type":"B","date":"2018-04-16T02:30:03.000Z","volume":4000,"label":" ","price":8.16},{"type":"U","date":"2018-04-16T02:32:08.000Z","volume":2000,"label":" ","price":8.16},{"type":"B","date":"2018-04-16T02:33:54.000Z","volume":10000,"label":" ","price":8.16},{"type":"B","date":"2018-04-16T02:34:14.000Z","volume":2000,"label":" ","price":8.15},{"type":"B","date":"2018-04-16T02:35:03.000Z","volume":10000,"label":" ","price":8.14},{"type":"B","date":"2018-04-16T02:35:03.000Z","volume":14000,"label":" ","price":8.13},{"type":"B","date":"2018-04-16T02:35:03.000Z","volume":6000,"label":" ","price":8.13},{"type":"B","date":"2018-04-16T02:35:27.000Z","volume":26000,"label":" ","price":8.12},{"type":"B","date":"2018-04-16T02:35:27.000Z","volume":34000,"label":" ","price":8.11},{"type":"B","date":"2018-04-16T02:35:27.000Z","volume":4000,"label":"Y","price":8.1},{"type":"B","date":"2018-04-16T02:35:27.000Z","volume":64000,"label":" ","price":8.1},{"type":"A","date":"2018-04-16T02:35:27.000Z","volume":28000,"label":" ","price":8.1},{"type":"A","date":"2018-04-16T02:35:27.000Z","volume":144000,"label":" ","price":8.1},{"type":"U","date":"2018-04-16T02:35:27.000Z","volume":8000,"label":" ","price":8.1},{"type":"A","date":"2018-04-16T02:35:30.000Z","volume":2000,"label":"Y","price":8.14},{"type":"A","date":"2018-04-16T02:35:30.000Z","volume":2000,"label":" ","price":8.14},{"type":"A","date":"2018-04-16T02:36:09.000Z","volume":2000,"label":" ","price":8.15},{"type":"B","date":"2018-04-16T02:36:12.000Z","volume":50000,"label":" ","price":8.1},{"type":"B","date":"2018-04-16T02:36:12.000Z","volume":12000,"label":" ","price":8.1},{"type":"A","date":"2018-04-16T02:36:13.000Z","volume":38000,"label":" ","price":8.1},{"type":"A","date":"2018-04-16T02:37:37.000Z","volume":116000,"label":" ","price":8.15},{"type":"B","date":"2018-04-16T02:37:45.000Z","volume":20000,"label":" ","price":8.1},{"type":"B","date":"2018-04-16T02:37:45.000Z","volume":22000,"label":" ","price":8.09},{"type":"B","date":"2018-04-16T02:37:45.000Z","volume":24000,"label":" ","price":8.08},{"type":"A","date":"2018-04-16T02:37:47.000Z","volume":26000,"label":" ","price":8.08},{"type":"A","date":"2018-04-16T02:37:47.000Z","volume":8000,"label":" ","price":8.08},{"type":"U","date":"2018-04-16T02:37:59.000Z","volume":10000,"label":" ","price":8.1},{"type":"B","date":"2018-04-16T02:44:08.000Z","volume":10000,"label":" ","price":8.08},{"type":"B","date":"2018-04-16T02:47:18.000Z","volume":2000,"label":"Y","price":8.05},{"type":"B","date":"2018-04-16T02:47:18.000Z","volume":4000,"label":" ","price":8.05},{"type":"B","date":"2018-04-16T02:51:02.000Z","volume":2000,"label":" ","price":8.05},{"type":"B","date":"2018-04-16T02:55:09.000Z","volume":14000,"label":" ","price":8.05},{"type":"A","date":"2018-04-16T02:55:13.000Z","volume":16000,"label":" ","price":8.05},{"type":"B","date":"2018-04-16T02:55:34.000Z","volume":20000,"label":" ","price":8.04},{"type":"B","date":"2018-04-16T02:55:34.000Z","volume":24000,"label":" ","price":8.03},{"type":"B","date":"2018-04-16T02:55:34.000Z","volume":146000,"label":" ","price":8.02},{"type":"B","date":"2018-04-16T02:55:34.000Z","volume":20000,"label":" ","price":8.02},{"type":"B","date":"2018-04-16T02:55:34.000Z","volume":90000,"label":" ","price":8.02},{"type":"A","date":"2018-04-16T02:55:36.000Z","volume":4000,"label":" ","price":8.07},{"type":"B","date":"2018-04-16T02:56:13.000Z","volume":24000,"label":" ","price":8.02},{"type":"B","date":"2018-04-16T02:56:13.000Z","volume":24000,"label":"Y","price":8.01},{"type":"B","date":"2018-04-16T02:56:13.000Z","volume":34000,"label":" ","price":8.01},{"type":"B","date":"2018-04-16T02:56:13.000Z","volume":72000,"label":" ","price":8},{"type":"B","date":"2018-04-16T02:56:13.000Z","volume":58000,"label":" ","price":8},{"type":"A","date":"2018-04-16T02:56:19.000Z","volume":48000,"label":" ","price":8},{"type":"A","date":"2018-04-16T02:56:19.000Z","volume":40000,"label":" ","price":8},{"type":"A","date":"2018-04-16T03:00:05.000Z","volume":4000,"label":" ","price":8.07},{"type":"A","date":"2018-04-16T03:00:05.000Z","volume":26000,"label":" ","price":8.08},{"type":"A","date":"2018-04-16T03:01:31.000Z","volume":2000,"label":" ","price":8.07},{"type":"A","date":"2018-04-16T03:03:48.000Z","volume":6000,"label":" ","price":8.07},{"type":"B","date":"2018-04-16T03:03:59.000Z","volume":68000,"label":" ","price":8.07},{"type":"B","date":"2018-04-16T03:03:59.000Z","volume":26000,"label":" ","price":8.07},{"type":"B","date":"2018-04-16T03:05:48.000Z","volume":2000,"label":" ","price":8.03},{"type":"B","date":"2018-04-16T03:05:48.000Z","volume":2000,"label":" ","price":8.02},{"type":"B","date":"2018-04-16T03:05:48.000Z","volume":100000,"label":" ","price":8.01},{"type":"B","date":"2018-04-16T03:05:48.000Z","volume":16000,"label":" ","price":8},{"type":"B","date":"2018-04-16T03:07:24.000Z","volume":2000,"label":"Y","price":8.01},{"type":"B","date":"2018-04-16T03:07:24.000Z","volume":8000,"label":" ","price":8.01},{"type":"B","date":"2018-04-16T03:07:24.000Z","volume":4000,"label":"Y","price":8},{"type":"B","date":"2018-04-16T03:07:24.000Z","volume":66000,"label":" ","price":8},{"type":"A","date":"2018-04-16T03:07:24.000Z","volume":28000,"label":" ","price":8},{"type":"A","date":"2018-04-16T03:07:24.000Z","volume":24000,"label":" ","price":8},{"type":"A","date":"2018-04-16T03:07:24.000Z","volume":68000,"label":" ","price":8},{"type":"B","date":"2018-04-16T03:11:04.000Z","volume":2000,"label":" ","price":8.01},{"type":"B","date":"2018-04-16T03:11:04.000Z","volume":32000,"label":" ","price":8},{"type":"B","date":"2018-04-16T03:12:05.000Z","volume":38000,"label":" ","price":8},{"type":"B","date":"2018-04-16T03:12:05.000Z","volume":10000,"label":" ","price":7.99},{"type":"B","date":"2018-04-16T03:12:05.000Z","volume":82000,"label":" ","price":7.98},{"type":"B","date":"2018-04-16T03:12:05.000Z","volume":4000,"label":" ","price":7.98},{"type":"A","date":"2018-04-16T03:12:11.000Z","volume":2000,"label":" ","price":7.98},{"type":"A","date":"2018-04-16T03:12:11.000Z","volume":60000,"label":" ","price":7.98},{"type":"A","date":"2018-04-16T03:12:11.000Z","volume":2000,"label":" ","price":7.98},{"type":"A","date":"2018-04-16T03:12:11.000Z","volume":2000,"label":" ","price":7.98},{"type":"B","date":"2018-04-16T03:13:02.000Z","volume":8000,"label":" ","price":7.98},{"type":"B","date":"2018-04-16T03:15:42.000Z","volume":4000,"label":" ","price":7.98},{"type":"A","date":"2018-04-16T03:20:30.000Z","volume":10000,"label":" ","price":7.99},{"type":"A","date":"2018-04-16T03:20:30.000Z","volume":50000,"label":" ","price":8},{"type":"B","date":"2018-04-16T03:21:45.000Z","volume":130000,"label":"Y","price":8},{"type":"B","date":"2018-04-16T03:21:45.000Z","volume":4000,"label":" ","price":8},{"type":"A","date":"2018-04-16T03:21:49.000Z","volume":10000,"label":" ","price":8},{"type":"A","date":"2018-04-16T03:21:56.000Z","volume":20000,"label":"Y","price":8},{"type":"B","date":"2018-04-16T03:22:48.000Z","volume":16000,"label":" ","price":7.98},{"type":"B","date":"2018-04-16T03:23:09.000Z","volume":8000,"label":" ","price":7.97},{"type":"A","date":"2018-04-16T03:26:49.000Z","volume":2000,"label":" ","price":8},{"type":"U","date":"2018-04-16T03:27:53.000Z","volume":1000,"label":"D","price":7.9},{"type":"A","date":"2018-04-16T03:28:22.000Z","volume":2000,"label":" ","price":8},{"type":"A","date":"2018-04-16T03:29:50.000Z","volume":6000,"label":"Y","price":8},{"type":"A","date":"2018-04-16T03:35:15.000Z","volume":34000,"label":" ","price":8},{"type":"A","date":"2018-04-16T03:35:22.000Z","volume":2000,"label":"Y","price":8.01},{"type":"A","date":"2018-04-16T03:35:35.000Z","volume":44000,"label":" ","price":8.01},{"type":"A","date":"2018-04-16T03:35:35.000Z","volume":8000,"label":" ","price":8.01},{"type":"B","date":"2018-04-16T03:36:45.000Z","volume":22000,"label":" ","price":8},{"type":"B","date":"2018-04-16T03:36:45.000Z","volume":78000,"label":" ","price":8},{"type":"B","date":"2018-04-16T03:38:11.000Z","volume":6000,"label":" ","price":7.99},{"type":"B","date":"2018-04-16T03:39:10.000Z","volume":6000,"label":" ","price":7.99},{"type":"B","date":"2018-04-16T03:40:05.000Z","volume":16000,"label":" ","price":7.99},{"type":"B","date":"2018-04-16T03:41:05.000Z","volume":2000,"label":"Y","price":7.99},{"type":"B","date":"2018-04-16T03:41:05.000Z","volume":18000,"label":" ","price":7.99},{"type":"A","date":"2018-04-16T03:41:06.000Z","volume":2000,"label":" ","price":7.99},{"type":"A","date":"2018-04-16T03:44:52.000Z","volume":2000,"label":"Y","price":8},{"type":"A","date":"2018-04-16T03:49:52.000Z","volume":2000,"label":"Y","price":8},{"type":"A","date":"2018-04-16T03:52:28.000Z","volume":96000,"label":"Y","price":8},{"type":"A","date":"2018-04-16T03:52:28.000Z","volume":4000,"label":" ","price":8},{"type":"A","date":"2018-04-16T03:52:28.000Z","volume":4000,"label":" ","price":8},{"type":"B","date":"2018-04-16T03:53:38.000Z","volume":2000,"label":" ","price":7.99},{"type":"A","date":"2018-04-16T03:57:52.000Z","volume":2000,"label":" ","price":8.02},{"type":"B","date":"2018-04-16T05:07:17.000Z","volume":2000,"label":" ","price":8},{"type":"B","date":"2018-04-16T05:07:58.000Z","volume":10000,"label":" ","price":8},{"type":"A","date":"2018-04-16T05:08:09.000Z","volume":16000,"label":" ","price":8},{"type":"B","date":"2018-04-16T05:12:10.000Z","volume":10000,"label":" ","price":7.99},{"type":"A","date":"2018-04-16T05:13:00.000Z","volume":40000,"label":" ","price":8},{"type":"A","date":"2018-04-16T05:13:13.000Z","volume":2000,"label":" ","price":8.02},{"type":"B","date":"2018-04-16T05:17:32.000Z","volume":2000,"label":" ","price":8.01},{"type":"B","date":"2018-04-16T05:18:57.000Z","volume":4000,"label":" ","price":8},{"type":"B","date":"2018-04-16T05:27:55.000Z","volume":30000,"label":" ","price":8},{"type":"A","date":"2018-04-16T05:31:36.000Z","volume":2000,"label":" ","price":8},{"type":"B","date":"2018-04-16T05:34:14.000Z","volume":2000,"label":" ","price":7.99},{"type":"B","date":"2018-04-16T05:34:31.000Z","volume":70000,"label":" ","price":7.99},{"type":"A","date":"2018-04-16T05:36:00.000Z","volume":2000,"label":" ","price":7.99},{"type":"A","date":"2018-04-16T05:36:00.000Z","volume":8000,"label":" ","price":7.99},{"type":"A","date":"2018-04-16T05:36:48.000Z","volume":8000,"label":" ","price":7.99},{"type":"B","date":"2018-04-16T05:38:05.000Z","volume":10000,"label":" ","price":7.98},{"type":"B","date":"2018-04-16T05:38:41.000Z","volume":2000,"label":" ","price":7.97},{"type":"A","date":"2018-04-16T05:40:40.000Z","volume":10000,"label":" ","price":7.98},{"type":"A","date":"2018-04-16T05:42:03.000Z","volume":12000,"label":" ","price":7.99},{"type":"A","date":"2018-04-16T05:42:03.000Z","volume":30000,"label":" ","price":8},{"type":"B","date":"2018-04-16T05:47:42.000Z","volume":2000,"label":" ","price":8},{"type":"B","date":"2018-04-16T05:47:51.000Z","volume":56000,"label":"Y","price":8},{"type":"A","date":"2018-04-16T05:48:11.000Z","volume":16000,"label":"Y","price":8},{"type":"A","date":"2018-04-16T05:48:26.000Z","volume":16000,"label":"Y","price":8},{"type":"A","date":"2018-04-16T05:48:41.000Z","volume":12000,"label":"Y","price":8},{"type":"A","date":"2018-04-16T05:48:41.000Z","volume":4000,"label":" ","price":8},{"type":"A","date":"2018-04-16T05:48:56.000Z","volume":4000,"label":" ","price":8},{"type":"B","date":"2018-04-16T05:49:26.000Z","volume":28000,"label":"Y","price":8},{"type":"B","date":"2018-04-16T05:49:26.000Z","volume":2000,"label":" ","price":8},{"type":"A","date":"2018-04-16T05:49:43.000Z","volume":18000,"label":"Y","price":8},{"type":"A","date":"2018-04-16T05:49:58.000Z","volume":16000,"label":"Y","price":8},{"type":"A","date":"2018-04-16T05:50:13.000Z","volume":16000,"label":"Y","price":8},{"type":"A","date":"2018-04-16T05:50:16.000Z","volume":16000,"label":"Y","price":8},{"type":"A","date":"2018-04-16T05:50:16.000Z","volume":60000,"label":" ","price":8},{"type":"A","date":"2018-04-16T05:50:31.000Z","volume":16000,"label":"Y","price":8},{"type":"A","date":"2018-04-16T05:50:46.000Z","volume":16000,"label":"Y","price":8},{"type":"A","date":"2018-04-16T05:50:46.000Z","volume":6000,"label":" ","price":8},{"type":"A","date":"2018-04-16T05:50:46.000Z","volume":6000,"label":" ","price":8},{"type":"A","date":"2018-04-16T05:52:46.000Z","volume":16000,"label":"Y","price":8},{"type":"A","date":"2018-04-16T05:52:49.000Z","volume":16000,"label":"Y","price":8},{"type":"A","date":"2018-04-16T05:52:50.000Z","volume":2000,"label":"Y","price":8},{"type":"A","date":"2018-04-16T05:53:04.000Z","volume":16000,"label":"Y","price":8},{"type":"A","date":"2018-04-16T05:53:19.000Z","volume":16000,"label":"Y","price":8},{"type":"A","date":"2018-04-16T05:53:35.000Z","volume":18000,"label":"Y","price":8},{"type":"A","date":"2018-04-16T05:53:50.000Z","volume":16000,"label":"Y","price":8},{"type":"A","date":"2018-04-16T05:53:53.000Z","volume":2000,"label":"Y","price":8},{"type":"A","date":"2018-04-16T05:54:05.000Z","volume":16000,"label":"Y","price":8},{"type":"A","date":"2018-04-16T05:54:20.000Z","volume":16000,"label":"Y","price":8},{"type":"A","date":"2018-04-16T05:54:36.000Z","volume":18000,"label":"Y","price":8},{"type":"A","date":"2018-04-16T05:54:51.000Z","volume":16000,"label":"Y","price":8},{"type":"A","date":"2018-04-16T05:54:51.000Z","volume":32000,"label":" ","price":8},{"type":"A","date":"2018-04-16T05:55:21.000Z","volume":16000,"label":"Y","price":8},{"type":"B","date":"2018-04-16T05:55:30.000Z","volume":16000,"label":" ","price":7.98},{"type":"B","date":"2018-04-16T05:55:30.000Z","volume":64000,"label":" ","price":7.97},{"type":"A","date":"2018-04-16T05:55:52.000Z","volume":16000,"label":"Y","price":8},{"type":"A","date":"2018-04-16T05:55:55.000Z","volume":16000,"label":"Y","price":8},{"type":"A","date":"2018-04-16T05:56:10.000Z","volume":16000,"label":"Y","price":8},{"type":"B","date":"2018-04-16T05:56:18.000Z","volume":24000,"label":" ","price":7.99},{"type":"A","date":"2018-04-16T05:56:25.000Z","volume":16000,"label":"Y","price":8},{"type":"A","date":"2018-04-16T05:56:40.000Z","volume":16000,"label":"Y","price":8},{"type":"A","date":"2018-04-16T05:56:54.000Z","volume":2000,"label":"Y","price":8},{"type":"A","date":"2018-04-16T05:56:58.000Z","volume":16000,"label":"Y","price":8},{"type":"A","date":"2018-04-16T05:57:13.000Z","volume":16000,"label":"Y","price":8},{"type":"A","date":"2018-04-16T05:57:27.000Z","volume":16000,"label":"Y","price":8},{"type":"A","date":"2018-04-16T05:57:42.000Z","volume":16000,"label":"Y","price":8},{"type":"B","date":"2018-04-16T05:57:56.000Z","volume":2000,"label":" ","price":7.97},{"type":"A","date":"2018-04-16T05:57:58.000Z","volume":2000,"label":"Y","price":8},{"type":"A","date":"2018-04-16T05:58:01.000Z","volume":16000,"label":"Y","price":8},{"type":"A","date":"2018-04-16T05:58:16.000Z","volume":16000,"label":"Y","price":8},{"type":"A","date":"2018-04-16T05:58:31.000Z","volume":4000,"label":"Y","price":8},{"type":"A","date":"2018-04-16T05:58:31.000Z","volume":6000,"label":" ","price":8},{"type":"B","date":"2018-04-16T05:59:03.000Z","volume":6000,"label":"Y","price":8},{"type":"B","date":"2018-04-16T05:59:03.000Z","volume":2000,"label":" ","price":8},{"type":"A","date":"2018-04-16T05:59:07.000Z","volume":10000,"label":"Y","price":8},{"type":"A","date":"2018-04-16T05:59:16.000Z","volume":16000,"label":"Y","price":8},{"type":"A","date":"2018-04-16T05:59:19.000Z","volume":18000,"label":"Y","price":8},{"type":"A","date":"2018-04-16T05:59:34.000Z","volume":16000,"label":"Y","price":8},{"type":"A","date":"2018-04-16T05:59:49.000Z","volume":16000,"label":"Y","price":8},{"type":"A","date":"2018-04-16T06:00:05.000Z","volume":12000,"label":"Y","price":8},{"type":"A","date":"2018-04-16T06:01:14.000Z","volume":2000,"label":" ","price":7.99},{"type":"A","date":"2018-04-16T06:03:01.000Z","volume":2000,"label":"Y","price":8},{"type":"B","date":"2018-04-16T06:08:26.000Z","volume":2000,"label":" ","price":7.99},{"type":"B","date":"2018-04-16T06:09:11.000Z","volume":2000,"label":" ","price":7.99},{"type":"A","date":"2018-04-16T06:09:11.000Z","volume":12000,"label":"Y","price":8},{"type":"A","date":"2018-04-16T06:09:31.000Z","volume":2000,"label":"Y","price":8},{"type":"A","date":"2018-04-16T06:09:32.000Z","volume":8000,"label":"Y","price":8},{"type":"A","date":"2018-04-16T06:09:37.000Z","volume":2000,"label":"Y","price":8},{"type":"A","date":"2018-04-16T06:10:11.000Z","volume":8000,"label":"Y","price":8},{"type":"A","date":"2018-04-16T06:10:39.000Z","volume":4000,"label":"Y","price":8},{"type":"A","date":"2018-04-16T06:11:11.000Z","volume":16000,"label":"Y","price":8},{"type":"A","date":"2018-04-16T06:11:20.000Z","volume":10000,"label":" ","price":8},{"type":"A","date":"2018-04-16T06:12:54.000Z","volume":44000,"label":" ","price":8},{"type":"B","date":"2018-04-16T06:15:03.000Z","volume":4000,"label":" ","price":7.99},{"type":"B","date":"2018-04-16T06:15:28.000Z","volume":2000,"label":" ","price":7.99},{"type":"B","date":"2018-04-16T06:15:29.000Z","volume":8000,"label":" ","price":7.99},{"type":"B","date":"2018-04-16T06:15:54.000Z","volume":4000,"label":"Y","price":7.99},{"type":"B","date":"2018-04-16T06:15:54.000Z","volume":6000,"label":" ","price":7.99},{"type":"B","date":"2018-04-16T06:16:18.000Z","volume":8000,"label":"Y","price":7.99},{"type":"B","date":"2018-04-16T06:23:30.000Z","volume":2000,"label":" ","price":7.99},{"type":"B","date":"2018-04-16T06:25:02.000Z","volume":2000,"label":" ","price":8},{"type":"U","date":"2018-04-16T06:25:02.000Z","volume":2000,"label":" ","price":8.01},{"type":"A","date":"2018-04-16T06:26:51.000Z","volume":6000,"label":" ","price":8.02},{"type":"B","date":"2018-04-16T06:31:32.000Z","volume":2000,"label":" ","price":7.99},{"type":"B","date":"2018-04-16T06:31:47.000Z","volume":2000,"label":" ","price":8.01},{"type":"A","date":"2018-04-16T06:35:16.000Z","volume":16000,"label":" ","price":8.02},{"type":"B","date":"2018-04-16T06:35:16.000Z","volume":4000,"label":" ","price":8.02},{"type":"A","date":"2018-04-16T06:36:41.000Z","volume":50000,"label":" ","price":8.03},{"type":"A","date":"2018-04-16T06:39:02.000Z","volume":2000,"label":" ","price":8.04},{"type":"B","date":"2018-04-16T06:39:35.000Z","volume":2000,"label":" ","price":8.02},{"type":"B","date":"2018-04-16T06:46:08.000Z","volume":4000,"label":" ","price":8.02},{"type":"B","date":"2018-04-16T06:46:08.000Z","volume":4000,"label":" ","price":8.02},{"type":"B","date":"2018-04-16T06:46:08.000Z","volume":4000,"label":" ","price":8.02},{"type":"B","date":"2018-04-16T06:47:32.000Z","volume":2000,"label":" ","price":8},{"type":"B","date":"2018-04-16T06:47:39.000Z","volume":2000,"label":"Y","price":8},{"type":"A","date":"2018-04-16T06:48:16.000Z","volume":10000,"label":" ","price":8.01},{"type":"A","date":"2018-04-16T06:48:16.000Z","volume":10000,"label":" ","price":8.02},{"type":"A","date":"2018-04-16T06:49:39.000Z","volume":2000,"label":" ","price":8.02},{"type":"A","date":"2018-04-16T06:51:36.000Z","volume":6000,"label":" ","price":8.02},{"type":"A","date":"2018-04-16T06:51:51.000Z","volume":2000,"label":" ","price":8.02},{"type":"B","date":"2018-04-16T06:54:39.000Z","volume":2000,"label":" ","price":8.01},{"type":"A","date":"2018-04-16T06:55:53.000Z","volume":2000,"label":" ","price":8.05},{"type":"A","date":"2018-04-16T06:56:28.000Z","volume":8000,"label":"Y","price":8.05},{"type":"A","date":"2018-04-16T06:56:28.000Z","volume":8000,"label":" ","price":8.05},{"type":"B","date":"2018-04-16T06:56:36.000Z","volume":12000,"label":" ","price":8.05},{"type":"B","date":"2018-04-16T07:02:41.000Z","volume":2000,"label":" ","price":8.01},{"type":"A","date":"2018-04-16T07:06:47.000Z","volume":2000,"label":" ","price":8.05},{"type":"B","date":"2018-04-16T07:09:26.000Z","volume":2000,"label":" ","price":8},{"type":"B","date":"2018-04-16T07:09:42.000Z","volume":2000,"label":" ","price":8},{"type":"B","date":"2018-04-16T07:09:51.000Z","volume":2000,"label":" ","price":8},{"type":"B","date":"2018-04-16T07:13:46.000Z","volume":4000,"label":" ","price":7.99},{"type":"B","date":"2018-04-16T07:13:46.000Z","volume":4000,"label":" ","price":7.99},{"type":"B","date":"2018-04-16T07:13:46.000Z","volume":4000,"label":" ","price":7.99},{"type":"B","date":"2018-04-16T07:13:46.000Z","volume":4000,"label":" ","price":7.98},{"type":"B","date":"2018-04-16T07:13:46.000Z","volume":4000,"label":" ","price":7.98},{"type":"B","date":"2018-04-16T07:13:46.000Z","volume":4000,"label":" ","price":7.98},{"type":"B","date":"2018-04-16T07:13:46.000Z","volume":4000,"label":" ","price":7.98},{"type":"B","date":"2018-04-16T07:13:46.000Z","volume":4000,"label":" ","price":7.98},{"type":"B","date":"2018-04-16T07:13:46.000Z","volume":2000,"label":" ","price":7.98},{"type":"A","date":"2018-04-16T07:14:00.000Z","volume":2000,"label":" ","price":7.98},{"type":"B","date":"2018-04-16T07:17:43.000Z","volume":2000,"label":"Y","price":7.97},{"type":"B","date":"2018-04-16T07:17:43.000Z","volume":2000,"label":" ","price":7.97},{"type":"A","date":"2018-04-16T07:20:21.000Z","volume":4000,"label":" ","price":7.98},{"type":"A","date":"2018-04-16T07:22:19.000Z","volume":2000,"label":" ","price":7.98},{"type":"A","date":"2018-04-16T07:22:21.000Z","volume":2000,"label":" ","price":7.98},{"type":"B","date":"2018-04-16T07:23:37.000Z","volume":4000,"label":" ","price":7.97},{"type":"B","date":"2018-04-16T07:24:43.000Z","volume":2000,"label":" ","price":7.97},{"type":"A","date":"2018-04-16T07:24:47.000Z","volume":2000,"label":" ","price":7.97},{"type":"A","date":"2018-04-16T07:25:49.000Z","volume":10000,"label":" ","price":7.97},{"type":"A","date":"2018-04-16T07:25:49.000Z","volume":2000,"label":" ","price":7.97},{"type":"A","date":"2018-04-16T07:25:50.000Z","volume":14000,"label":" ","price":7.97},{"type":"B","date":"2018-04-16T07:27:26.000Z","volume":2000,"label":" ","price":7.96},{"type":"A","date":"2018-04-16T07:27:45.000Z","volume":4000,"label":" ","price":7.98},{"type":"B","date":"2018-04-16T07:27:55.000Z","volume":2000,"label":" ","price":8},{"type":"B","date":"2018-04-16T07:37:02.000Z","volume":2000,"label":"Y","price":7.99},{"type":"B","date":"2018-04-16T07:40:56.000Z","volume":4000,"label":"Y","price":7.99},{"type":"B","date":"2018-04-16T07:40:56.000Z","volume":4000,"label":" ","price":7.99},{"type":"B","date":"2018-04-16T07:42:00.000Z","volume":4000,"label":" ","price":7.98},{"type":"B","date":"2018-04-16T07:42:00.000Z","volume":6000,"label":" ","price":7.97},{"type":"B","date":"2018-04-16T07:42:00.000Z","volume":2000,"label":" ","price":7.96},{"type":"B","date":"2018-04-16T07:43:11.000Z","volume":2000,"label":" ","price":7.96},{"type":"B","date":"2018-04-16T07:46:05.000Z","volume":2000,"label":" ","price":7.96},{"type":"B","date":"2018-04-16T07:46:41.000Z","volume":2000,"label":" ","price":7.97},{"type":"A","date":"2018-04-16T07:50:44.000Z","volume":10000,"label":" ","price":7.98},{"type":"A","date":"2018-04-16T07:50:44.000Z","volume":4000,"label":" ","price":7.98},{"type":"U","date":"2018-04-16T07:51:01.000Z","volume":2000,"label":"X","price":7.96},{"type":"U","date":"2018-04-16T07:53:01.000Z","volume":2000,"label":"X","price":7.96},{"type":"A","date":"2018-04-16T07:54:57.000Z","volume":6000,"label":"Y","price":7.98},{"type":"A","date":"2018-04-16T07:54:57.000Z","volume":8000,"label":" ","price":7.98},{"type":"B","date":"2018-04-16T07:54:58.000Z","volume":4000,"label":" ","price":7.99},{"type":"B","date":"2018-04-16T07:54:58.000Z","volume":4000,"label":" ","price":7.98},{"type":"B","date":"2018-04-16T07:55:05.000Z","volume":2000,"label":" ","price":7.99},{"type":"A","date":"2018-04-16T07:56:39.000Z","volume":6000,"label":" ","price":8},{"type":"B","date":"2018-04-16T07:57:03.000Z","volume":2000,"label":" ","price":8},{"type":"B","date":"2018-04-16T07:59:04.000Z","volume":4000,"label":" ","price":7.98},{"type":"B","date":"2018-04-16T07:59:17.000Z","volume":2000,"label":" ","price":7.97},{"type":"A","date":"2018-04-16T07:59:33.000Z","volume":4000,"label":" ","price":7.98},{"type":"U","date":"2018-04-16T08:08:32.000Z","volume":26000,"label":"U","price":7.99}]