[{"type":"B","date":"2018-04-16T01:35:00.000Z","volume":400,"label":" ","price":7.18},{"type":"B","date":"2018-04-16T01:49:45.000Z","volume":40400,"label":" ","price":7.16},{"type":"A","date":"2018-04-16T01:51:32.000Z","volume":6000,"label":" ","price":7.16},{"type":"B","date":"2018-04-16T01:51:50.000Z","volume":4000,"label":" ","price":7.16},{"type":"B","date":"2018-04-16T01:55:47.000Z","volume":1200,"label":" ","price":7.15},{"type":"B","date":"2018-04-16T01:56:37.000Z","volume":4000,"label":" ","price":7.15},{"type":"B","date":"2018-04-16T01:56:43.000Z","volume":8400,"label":" ","price":7.15},{"type":"A","date":"2018-04-16T01:57:02.000Z","volume":6000,"label":" ","price":7.16},{"type":"B","date":"2018-04-16T01:57:48.000Z","volume":24000,"label":" ","price":7.16},{"type":"A","date":"2018-04-16T02:01:05.000Z","volume":7200,"label":" ","price":7.16},{"type":"B","date":"2018-04-16T02:05:19.000Z","volume":800,"label":"Y","price":7.15},{"type":"B","date":"2018-04-16T02:05:19.000Z","volume":35200,"label":" ","price":7.15},{"type":"B","date":"2018-04-16T02:05:19.000Z","volume":2400,"label":" ","price":7.14},{"type":"B","date":"2018-04-16T02:05:42.000Z","volume":14800,"label":" ","price":7.14},{"type":"B","date":"2018-04-16T02:05:42.000Z","volume":1600,"label":" ","price":7.14},{"type":"B","date":"2018-04-16T02:06:38.000Z","volume":800,"label":" ","price":7.14},{"type":"B","date":"2018-04-16T02:06:38.000Z","volume":10400,"label":" ","price":7.14},{"type":"B","date":"2018-04-16T02:06:38.000Z","volume":800,"label":" ","price":7.13},{"type":"B","date":"2018-04-16T02:10:44.000Z","volume":2400,"label":" ","price":7.13},{"type":"A","date":"2018-04-16T02:10:51.000Z","volume":8400,"label":" ","price":7.14},{"type":"B","date":"2018-04-16T02:11:56.000Z","volume":10000,"label":" ","price":7.13},{"type":"A","date":"2018-04-16T02:12:51.000Z","volume":8400,"label":" ","price":7.14},{"type":"B","date":"2018-04-16T02:15:44.000Z","volume":2800,"label":" ","price":7.13},{"type":"A","date":"2018-04-16T02:18:17.000Z","volume":10000,"label":" ","price":7.14},{"type":"B","date":"2018-04-16T02:25:55.000Z","volume":800,"label":" ","price":7.13},{"type":"A","date":"2018-04-16T02:27:00.000Z","volume":400,"label":" ","price":7.14},{"type":"B","date":"2018-04-16T02:27:56.000Z","volume":800,"label":" ","price":7.13},{"type":"B","date":"2018-04-16T02:30:56.000Z","volume":800,"label":" ","price":7.13},{"type":"B","date":"2018-04-16T02:31:08.000Z","volume":3200,"label":" ","price":7.13},{"type":"B","date":"2018-04-16T02:32:08.000Z","volume":6000,"label":" ","price":7.13},{"type":"B","date":"2018-04-16T02:33:12.000Z","volume":3600,"label":" ","price":7.13},{"type":"B","date":"2018-04-16T02:33:12.000Z","volume":400,"label":" ","price":7.13},{"type":"B","date":"2018-04-16T02:34:05.000Z","volume":2800,"label":" ","price":7.13},{"type":"B","date":"2018-04-16T02:34:05.000Z","volume":400,"label":" ","price":7.13},{"type":"B","date":"2018-04-16T02:34:14.000Z","volume":400,"label":" ","price":7.13},{"type":"B","date":"2018-04-16T02:34:14.000Z","volume":800,"label":" ","price":7.13},{"type":"B","date":"2018-04-16T02:35:03.000Z","volume":400,"label":" ","price":7.13},{"type":"B","date":"2018-04-16T02:35:26.000Z","volume":800,"label":" ","price":7.13},{"type":"B","date":"2018-04-16T02:35:26.000Z","volume":400,"label":" ","price":7.13},{"type":"B","date":"2018-04-16T02:36:47.000Z","volume":1600,"label":" ","price":7.13},{"type":"B","date":"2018-04-16T02:43:33.000Z","volume":400,"label":" ","price":7.12},{"type":"B","date":"2018-04-16T02:46:47.000Z","volume":4800,"label":"Y","price":7.12},{"type":"B","date":"2018-04-16T02:46:47.000Z","volume":30000,"label":" ","price":7.12},{"type":"B","date":"2018-04-16T02:46:47.000Z","volume":51200,"label":"Y","price":7.11},{"type":"B","date":"2018-04-16T02:47:34.000Z","volume":2000,"label":" ","price":7.11},{"type":"B","date":"2018-04-16T02:48:14.000Z","volume":2400,"label":" ","price":7.11},{"type":"B","date":"2018-04-16T02:48:14.000Z","volume":400,"label":" ","price":7.11},{"type":"B","date":"2018-04-16T02:49:18.000Z","volume":4000,"label":"Y","price":7.1},{"type":"B","date":"2018-04-16T02:49:18.000Z","volume":16000,"label":" ","price":7.1},{"type":"B","date":"2018-04-16T02:49:18.000Z","volume":800,"label":" ","price":7.1},{"type":"B","date":"2018-04-16T02:51:04.000Z","volume":400,"label":" ","price":7.1},{"type":"B","date":"2018-04-16T02:52:13.000Z","volume":20000,"label":" ","price":7.1},{"type":"B","date":"2018-04-16T02:52:28.000Z","volume":2400,"label":" ","price":7.1},{"type":"B","date":"2018-04-16T02:52:34.000Z","volume":400,"label":" ","price":7.1},{"type":"B","date":"2018-04-16T02:52:53.000Z","volume":4000,"label":"Y","price":7.1},{"type":"B","date":"2018-04-16T02:52:53.000Z","volume":16000,"label":" ","price":7.1},{"type":"B","date":"2018-04-16T02:53:20.000Z","volume":47200,"label":" ","price":7.1},{"type":"B","date":"2018-04-16T02:53:28.000Z","volume":800,"label":" ","price":7.09},{"type":"B","date":"2018-04-16T02:53:34.000Z","volume":400,"label":" ","price":7.09},{"type":"B","date":"2018-04-16T02:53:34.000Z","volume":1200,"label":" ","price":7.09},{"type":"A","date":"2018-04-16T02:54:10.000Z","volume":52000,"label":"Y","price":7.1},{"type":"A","date":"2018-04-16T02:54:48.000Z","volume":22000,"label":"Y","price":7.1},{"type":"A","date":"2018-04-16T02:54:48.000Z","volume":24400,"label":" ","price":7.1},{"type":"B","date":"2018-04-16T02:55:11.000Z","volume":2400,"label":" ","price":7.1},{"type":"A","date":"2018-04-16T02:55:24.000Z","volume":10000,"label":"Y","price":7.11},{"type":"B","date":"2018-04-16T02:56:06.000Z","volume":3200,"label":" ","price":7.1},{"type":"B","date":"2018-04-16T02:59:40.000Z","volume":2800,"label":"Y","price":7.09},{"type":"B","date":"2018-04-16T02:59:40.000Z","volume":2400,"label":" ","price":7.09},{"type":"A","date":"2018-04-16T03:01:48.000Z","volume":2000,"label":"Y","price":7.09},{"type":"A","date":"2018-04-16T03:02:14.000Z","volume":4800,"label":" ","price":7.09},{"type":"B","date":"2018-04-16T03:04:04.000Z","volume":400,"label":" ","price":7.09},{"type":"B","date":"2018-04-16T03:05:55.000Z","volume":400,"label":" ","price":7.09},{"type":"B","date":"2018-04-16T03:07:53.000Z","volume":1200,"label":" ","price":7.08},{"type":"A","date":"2018-04-16T03:07:54.000Z","volume":23600,"label":" ","price":7.09},{"type":"B","date":"2018-04-16T03:08:57.000Z","volume":3600,"label":" ","price":7.09},{"type":"B","date":"2018-04-16T03:11:51.000Z","volume":6400,"label":" ","price":7.09},{"type":"B","date":"2018-04-16T03:12:51.000Z","volume":800,"label":" ","price":7.09},{"type":"B","date":"2018-04-16T03:12:54.000Z","volume":4000,"label":" ","price":7.09},{"type":"B","date":"2018-04-16T03:13:55.000Z","volume":5600,"label":" ","price":7.09},{"type":"B","date":"2018-04-16T03:14:53.000Z","volume":400,"label":" ","price":7.09},{"type":"B","date":"2018-04-16T03:14:57.000Z","volume":1600,"label":" ","price":7.09},{"type":"B","date":"2018-04-16T03:15:53.000Z","volume":6800,"label":" ","price":7.09},{"type":"B","date":"2018-04-16T03:15:53.000Z","volume":3200,"label":" ","price":7.08},{"type":"A","date":"2018-04-16T03:18:30.000Z","volume":8400,"label":" ","price":7.09},{"type":"B","date":"2018-04-16T03:18:52.000Z","volume":1600,"label":" ","price":7.09},{"type":"B","date":"2018-04-16T03:18:52.000Z","volume":27600,"label":"Y","price":7.08},{"type":"B","date":"2018-04-16T03:20:35.000Z","volume":49600,"label":" ","price":7.07},{"type":"B","date":"2018-04-16T03:21:04.000Z","volume":400,"label":" ","price":7.07},{"type":"B","date":"2018-04-16T03:21:05.000Z","volume":800,"label":" ","price":7.06},{"type":"A","date":"2018-04-16T03:24:02.000Z","volume":3600,"label":"Y","price":7.07},{"type":"A","date":"2018-04-16T03:24:02.000Z","volume":400,"label":" ","price":7.07},{"type":"A","date":"2018-04-16T03:29:26.000Z","volume":800,"label":" ","price":7.07},{"type":"A","date":"2018-04-16T03:30:26.000Z","volume":800,"label":" ","price":7.07},{"type":"A","date":"2018-04-16T03:31:26.000Z","volume":800,"label":" ","price":7.07},{"type":"A","date":"2018-04-16T03:32:26.000Z","volume":800,"label":" ","price":7.07},{"type":"A","date":"2018-04-16T03:33:21.000Z","volume":2000,"label":"Y","price":7.07},{"type":"A","date":"2018-04-16T03:33:26.000Z","volume":800,"label":" ","price":7.07},{"type":"A","date":"2018-04-16T03:34:12.000Z","volume":400,"label":"Y","price":7.07},{"type":"A","date":"2018-04-16T03:34:12.000Z","volume":6400,"label":" ","price":7.07},{"type":"A","date":"2018-04-16T03:34:26.000Z","volume":800,"label":" ","price":7.08},{"type":"B","date":"2018-04-16T03:34:29.000Z","volume":8800,"label":" ","price":7.07},{"type":"B","date":"2018-04-16T03:34:29.000Z","volume":13600,"label":" ","price":7.06},{"type":"A","date":"2018-04-16T03:34:31.000Z","volume":29600,"label":" ","price":7.06},{"type":"B","date":"2018-04-16T03:35:53.000Z","volume":16000,"label":"Y","price":7.05},{"type":"B","date":"2018-04-16T03:35:53.000Z","volume":1600,"label":" ","price":7.05},{"type":"B","date":"2018-04-16T03:35:53.000Z","volume":2400,"label":" ","price":7.04},{"type":"B","date":"2018-04-16T03:39:09.000Z","volume":10000,"label":" ","price":7.04},{"type":"B","date":"2018-04-16T03:40:50.000Z","volume":17600,"label":"Y","price":7.04},{"type":"B","date":"2018-04-16T03:40:50.000Z","volume":2400,"label":" ","price":7.04},{"type":"B","date":"2018-04-16T03:43:41.000Z","volume":4000,"label":" ","price":7.03},{"type":"B","date":"2018-04-16T03:44:27.000Z","volume":400,"label":" ","price":7.03},{"type":"A","date":"2018-04-16T03:46:37.000Z","volume":1200,"label":" ","price":7.04},{"type":"A","date":"2018-04-16T03:46:37.000Z","volume":10800,"label":" ","price":7.04},{"type":"B","date":"2018-04-16T03:47:17.000Z","volume":8000,"label":" ","price":7.03},{"type":"B","date":"2018-04-16T03:47:17.000Z","volume":12000,"label":" ","price":7.03},{"type":"A","date":"2018-04-16T03:47:35.000Z","volume":400,"label":" ","price":7.03},{"type":"B","date":"2018-04-16T03:50:29.000Z","volume":54000,"label":" ","price":7.03},{"type":"A","date":"2018-04-16T03:52:18.000Z","volume":28400,"label":" ","price":7.03},{"type":"A","date":"2018-04-16T03:57:27.000Z","volume":800,"label":" ","price":7.04},{"type":"A","date":"2018-04-16T03:57:27.000Z","volume":20800,"label":" ","price":7.04},{"type":"A","date":"2018-04-16T03:57:57.000Z","volume":400,"label":" ","price":7.06},{"type":"A","date":"2018-04-16T03:57:58.000Z","volume":400,"label":" ","price":7.08},{"type":"A","date":"2018-04-16T03:58:29.000Z","volume":800,"label":" ","price":7.1},{"type":"A","date":"2018-04-16T03:58:59.000Z","volume":800,"label":" ","price":7.1},{"type":"A","date":"2018-04-16T03:59:29.000Z","volume":800,"label":" ","price":7.1},{"type":"A","date":"2018-04-16T03:59:54.000Z","volume":800,"label":" ","price":7.1},{"type":"A","date":"2018-04-16T05:00:32.000Z","volume":400,"label":" ","price":7.09},{"type":"A","date":"2018-04-16T05:13:08.000Z","volume":2800,"label":" ","price":7.06},{"type":"B","date":"2018-04-16T05:14:35.000Z","volume":400,"label":" ","price":7.05},{"type":"B","date":"2018-04-16T05:15:25.000Z","volume":400,"label":" ","price":7.05},{"type":"A","date":"2018-04-16T05:15:37.000Z","volume":400,"label":" ","price":7.05},{"type":"B","date":"2018-04-16T05:21:06.000Z","volume":6000,"label":" ","price":7.05},{"type":"A","date":"2018-04-16T05:21:09.000Z","volume":400,"label":" ","price":7.05},{"type":"B","date":"2018-04-16T05:24:16.000Z","volume":15200,"label":" ","price":7.05},{"type":"B","date":"2018-04-16T05:24:16.000Z","volume":34800,"label":"Y","price":7.04},{"type":"B","date":"2018-04-16T05:27:53.000Z","volume":30800,"label":" ","price":7.04},{"type":"A","date":"2018-04-16T05:29:41.000Z","volume":2000,"label":" ","price":7.04},{"type":"B","date":"2018-04-16T05:32:47.000Z","volume":67200,"label":" ","price":7.03},{"type":"B","date":"2018-04-16T05:35:05.000Z","volume":4800,"label":"Y","price":7.03},{"type":"B","date":"2018-04-16T05:35:05.000Z","volume":8000,"label":" ","price":7.03},{"type":"B","date":"2018-04-16T05:35:05.000Z","volume":400,"label":"Y","price":7.02},{"type":"B","date":"2018-04-16T05:35:05.000Z","volume":54000,"label":" ","price":7.02},{"type":"B","date":"2018-04-16T05:35:05.000Z","volume":30800,"label":"Y","price":7.01},{"type":"A","date":"2018-04-16T05:35:14.000Z","volume":2000,"label":" ","price":7.02},{"type":"B","date":"2018-04-16T05:37:39.000Z","volume":40000,"label":" ","price":7.01},{"type":"B","date":"2018-04-16T05:37:47.000Z","volume":3200,"label":" ","price":7.01},{"type":"A","date":"2018-04-16T05:41:04.000Z","volume":2400,"label":" ","price":7.02},{"type":"A","date":"2018-04-16T05:41:14.000Z","volume":5200,"label":" ","price":7.02},{"type":"B","date":"2018-04-16T05:53:16.000Z","volume":800,"label":" ","price":7.02},{"type":"A","date":"2018-04-16T05:53:45.000Z","volume":1200,"label":" ","price":7.03},{"type":"B","date":"2018-04-16T05:59:15.000Z","volume":400,"label":" ","price":7.02},{"type":"A","date":"2018-04-16T05:59:41.000Z","volume":400,"label":" ","price":7.03},{"type":"B","date":"2018-04-16T06:01:22.000Z","volume":800,"label":" ","price":7.02},{"type":"A","date":"2018-04-16T06:01:53.000Z","volume":2000,"label":" ","price":7.03},{"type":"B","date":"2018-04-16T06:05:01.000Z","volume":5200,"label":" ","price":7.02},{"type":"A","date":"2018-04-16T06:05:56.000Z","volume":800,"label":" ","price":7.03},{"type":"A","date":"2018-04-16T06:09:07.000Z","volume":1600,"label":" ","price":7.04},{"type":"A","date":"2018-04-16T06:15:02.000Z","volume":400,"label":" ","price":7.04},{"type":"A","date":"2018-04-16T06:25:28.000Z","volume":2000,"label":" ","price":7.05},{"type":"A","date":"2018-04-16T06:25:43.000Z","volume":400,"label":" ","price":7.05},{"type":"A","date":"2018-04-16T06:25:56.000Z","volume":400,"label":" ","price":7.05},{"type":"B","date":"2018-04-16T06:26:17.000Z","volume":6400,"label":" ","price":7.05},{"type":"B","date":"2018-04-16T06:27:00.000Z","volume":400,"label":" ","price":7.05},{"type":"A","date":"2018-04-16T06:27:00.000Z","volume":400,"label":"Y","price":7.06},{"type":"A","date":"2018-04-16T06:27:39.000Z","volume":400,"label":"Y","price":7.06},{"type":"A","date":"2018-04-16T06:31:44.000Z","volume":9200,"label":"Y","price":7.06},{"type":"A","date":"2018-04-16T06:31:44.000Z","volume":11600,"label":" ","price":7.06},{"type":"B","date":"2018-04-16T06:32:06.000Z","volume":7200,"label":" ","price":7.06},{"type":"A","date":"2018-04-16T06:34:02.000Z","volume":1200,"label":" ","price":7.07},{"type":"B","date":"2018-04-16T06:34:06.000Z","volume":800,"label":" ","price":7.07},{"type":"B","date":"2018-04-16T06:35:52.000Z","volume":2400,"label":" ","price":7.07},{"type":"B","date":"2018-04-16T06:46:18.000Z","volume":9200,"label":" ","price":7.06},{"type":"B","date":"2018-04-16T06:46:18.000Z","volume":3200,"label":" ","price":7.06},{"type":"A","date":"2018-04-16T06:46:19.000Z","volume":400,"label":" ","price":7.07},{"type":"A","date":"2018-04-16T06:47:19.000Z","volume":400,"label":" ","price":7.06},{"type":"A","date":"2018-04-16T06:49:22.000Z","volume":2800,"label":" ","price":7.06},{"type":"B","date":"2018-04-16T06:50:09.000Z","volume":6400,"label":" ","price":7.06},{"type":"B","date":"2018-04-16T06:51:00.000Z","volume":400,"label":" ","price":7.06},{"type":"A","date":"2018-04-16T06:53:30.000Z","volume":4800,"label":" ","price":7.07},{"type":"A","date":"2018-04-16T06:54:39.000Z","volume":400,"label":" ","price":7.07},{"type":"B","date":"2018-04-16T06:54:56.000Z","volume":1200,"label":" ","price":7.06},{"type":"B","date":"2018-04-16T07:07:59.000Z","volume":400,"label":" ","price":7.05},{"type":"B","date":"2018-04-16T07:07:59.000Z","volume":25200,"label":" ","price":7.05},{"type":"B","date":"2018-04-16T07:11:03.000Z","volume":12000,"label":"Y","price":7.04},{"type":"B","date":"2018-04-16T07:11:10.000Z","volume":5200,"label":" ","price":7.04},{"type":"B","date":"2018-04-16T07:11:33.000Z","volume":44000,"label":" ","price":7.04},{"type":"A","date":"2018-04-16T07:11:35.000Z","volume":1600,"label":" ","price":7.04},{"type":"A","date":"2018-04-16T07:11:38.000Z","volume":1200,"label":" ","price":7.04},{"type":"A","date":"2018-04-16T07:12:30.000Z","volume":6800,"label":" ","price":7.04},{"type":"B","date":"2018-04-16T07:13:04.000Z","volume":5600,"label":" ","price":7.04},{"type":"A","date":"2018-04-16T07:13:07.000Z","volume":1600,"label":" ","price":7.04},{"type":"B","date":"2018-04-16T07:14:58.000Z","volume":10000,"label":" ","price":7.04},{"type":"A","date":"2018-04-16T07:16:12.000Z","volume":2000,"label":" ","price":7.04},{"type":"A","date":"2018-04-16T07:17:05.000Z","volume":400,"label":"Y","price":7.05},{"type":"B","date":"2018-04-16T07:30:52.000Z","volume":6000,"label":" ","price":7.04},{"type":"B","date":"2018-04-16T07:30:52.000Z","volume":400,"label":" ","price":7.04},{"type":"B","date":"2018-04-16T07:31:18.000Z","volume":2000,"label":" ","price":7.04},{"type":"A","date":"2018-04-16T07:41:48.000Z","volume":27200,"label":" ","price":7.05},{"type":"B","date":"2018-04-16T07:41:49.000Z","volume":2800,"label":" ","price":7.05},{"type":"A","date":"2018-04-16T07:43:13.000Z","volume":400,"label":" ","price":7.07},{"type":"A","date":"2018-04-16T07:52:02.000Z","volume":400,"label":" ","price":7.05},{"type":"A","date":"2018-04-16T07:52:28.000Z","volume":1200,"label":" ","price":7.06},{"type":"A","date":"2018-04-16T07:52:31.000Z","volume":1200,"label":" ","price":7.06},{"type":"A","date":"2018-04-16T07:52:39.000Z","volume":1200,"label":" ","price":7.06},{"type":"A","date":"2018-04-16T07:52:41.000Z","volume":800,"label":" ","price":7.06},{"type":"A","date":"2018-04-16T07:52:50.000Z","volume":800,"label":" ","price":7.06},{"type":"A","date":"2018-04-16T07:52:53.000Z","volume":1200,"label":" ","price":7.06},{"type":"A","date":"2018-04-16T07:57:13.000Z","volume":800,"label":" ","price":7.05},{"type":"A","date":"2018-04-16T07:59:09.000Z","volume":400,"label":" ","price":7.05},{"type":"U","date":"2018-04-16T07:59:09.000Z","volume":400,"label":"X","price":7.04},{"type":"B","date":"2018-04-16T07:59:30.000Z","volume":400,"label":" ","price":7.04},{"type":"B","date":"2018-04-16T07:59:30.000Z","volume":400,"label":" ","price":7.04},{"type":"A","date":"2018-04-16T07:59:35.000Z","volume":400,"label":" ","price":7.05},{"type":"U","date":"2018-04-16T08:08:32.000Z","volume":14000,"label":"U","price":7.07}]