[{"type":"A","date":"2018-05-03T01:30:49.000Z","volume":16000,"label":" ","price":1.88},{"type":"A","date":"2018-05-03T01:30:54.000Z","volume":10000,"label":" ","price":1.88},{"type":"A","date":"2018-05-03T01:30:54.000Z","volume":2000,"label":" ","price":1.88},{"type":"A","date":"2018-05-03T01:30:58.000Z","volume":8000,"label":" ","price":1.88},{"type":"A","date":"2018-05-03T01:30:58.000Z","volume":2000,"label":" ","price":1.88},{"type":"A","date":"2018-05-03T01:31:02.000Z","volume":10000,"label":" ","price":1.87},{"type":"A","date":"2018-05-03T01:31:02.000Z","volume":2000,"label":" ","price":1.88},{"type":"A","date":"2018-05-03T01:31:06.000Z","volume":20000,"label":" ","price":1.88},{"type":"A","date":"2018-05-03T01:31:32.000Z","volume":24000,"label":" ","price":1.88},{"type":"A","date":"2018-05-03T01:32:29.000Z","volume":6000,"label":" ","price":1.87},{"type":"A","date":"2018-05-03T01:38:53.000Z","volume":40000,"label":" ","price":1.86},{"type":"A","date":"2018-05-03T01:38:53.000Z","volume":6000,"label":" ","price":1.86},{"type":"A","date":"2018-05-03T01:38:57.000Z","volume":26000,"label":" ","price":1.86},{"type":"A","date":"2018-05-03T01:43:27.000Z","volume":4000,"label":" ","price":1.86},{"type":"A","date":"2018-05-03T01:44:04.000Z","volume":30000,"label":" ","price":1.86},{"type":"A","date":"2018-05-03T01:44:05.000Z","volume":2000,"label":" ","price":1.86},{"type":"A","date":"2018-05-03T01:44:19.000Z","volume":20000,"label":" ","price":1.86},{"type":"A","date":"2018-05-03T01:44:28.000Z","volume":4000,"label":" ","price":1.86},{"type":"A","date":"2018-05-03T01:47:51.000Z","volume":20000,"label":" ","price":1.86},{"type":"A","date":"2018-05-03T01:47:58.000Z","volume":10000,"label":" ","price":1.86},{"type":"A","date":"2018-05-03T01:54:24.000Z","volume":22000,"label":" ","price":1.86},{"type":"A","date":"2018-05-03T01:54:32.000Z","volume":32000,"label":" ","price":1.86},{"type":"A","date":"2018-05-03T02:16:09.000Z","volume":20000,"label":" ","price":1.85},{"type":"A","date":"2018-05-03T02:17:07.000Z","volume":28000,"label":" ","price":1.85},{"type":"A","date":"2018-05-03T02:17:39.000Z","volume":36000,"label":" ","price":1.85},{"type":"A","date":"2018-05-03T02:40:58.000Z","volume":38000,"label":" ","price":1.85},{"type":"A","date":"2018-05-03T02:41:04.000Z","volume":30000,"label":" ","price":1.85},{"type":"A","date":"2018-05-03T02:44:21.000Z","volume":16000,"label":" ","price":1.85},{"type":"A","date":"2018-05-03T03:01:52.000Z","volume":40000,"label":" ","price":1.85},{"type":"A","date":"2018-05-03T03:02:31.000Z","volume":12000,"label":" ","price":1.85},{"type":"A","date":"2018-05-03T03:03:35.000Z","volume":16000,"label":" ","price":1.85},{"type":"A","date":"2018-05-03T03:05:53.000Z","volume":30000,"label":" ","price":1.85},{"type":"A","date":"2018-05-03T03:06:01.000Z","volume":30000,"label":" ","price":1.85},{"type":"A","date":"2018-05-03T03:06:44.000Z","volume":8000,"label":" ","price":1.85},{"type":"A","date":"2018-05-03T03:29:56.000Z","volume":42000,"label":" ","price":1.85},{"type":"A","date":"2018-05-03T03:30:05.000Z","volume":10000,"label":" ","price":1.85},{"type":"A","date":"2018-05-03T03:30:31.000Z","volume":2000,"label":" ","price":1.85},{"type":"A","date":"2018-05-03T03:31:36.000Z","volume":2000,"label":" ","price":1.85},{"type":"A","date":"2018-05-03T03:33:06.000Z","volume":20000,"label":" ","price":1.85},{"type":"A","date":"2018-05-03T05:21:29.000Z","volume":44000,"label":" ","price":1.85},{"type":"A","date":"2018-05-03T05:22:20.000Z","volume":16000,"label":" ","price":1.85},{"type":"A","date":"2018-05-03T05:38:20.000Z","volume":32000,"label":" ","price":1.85},{"type":"A","date":"2018-05-03T05:38:28.000Z","volume":12000,"label":" ","price":1.85},{"type":"A","date":"2018-05-03T05:38:53.000Z","volume":2000,"label":" ","price":1.85},{"type":"A","date":"2018-05-03T05:39:29.000Z","volume":18000,"label":" ","price":1.85},{"type":"B","date":"2018-05-03T05:41:15.000Z","volume":8000,"label":" ","price":1.84},{"type":"B","date":"2018-05-03T05:51:17.000Z","volume":24000,"label":" ","price":1.85},{"type":"A","date":"2018-05-03T05:52:13.000Z","volume":30000,"label":" ","price":1.85},{"type":"A","date":"2018-05-03T06:10:20.000Z","volume":80000,"label":" ","price":1.85},{"type":"A","date":"2018-05-03T06:26:23.000Z","volume":14000,"label":" ","price":1.86},{"type":"A","date":"2018-05-03T06:26:23.000Z","volume":66000,"label":" ","price":1.87},{"type":"A","date":"2018-05-03T06:26:27.000Z","volume":14000,"label":" ","price":1.87},{"type":"A","date":"2018-05-03T06:37:46.000Z","volume":40000,"label":" ","price":1.86},{"type":"A","date":"2018-05-03T06:38:32.000Z","volume":20000,"label":" ","price":1.86},{"type":"A","date":"2018-05-03T06:38:38.000Z","volume":22000,"label":" ","price":1.86}]