[{"type":"U","date":"2018-03-23T01:02:08.000Z","volume":270000,"label":"P","price":4.302},{"type":"U","date":"2018-03-23T01:02:08.000Z","volume":630000,"label":"P","price":4.301},{"type":"U","date":"2018-03-23T01:02:08.000Z","volume":2430000,"label":"P","price":4.302},{"type":"U","date":"2018-03-23T01:02:08.000Z","volume":5670000,"label":"P","price":4.301},{"type":"U","date":"2018-03-23T01:02:08.000Z","volume":41536,"label":"P","price":4.05},{"type":"U","date":"2018-03-23T01:05:26.000Z","volume":750,"label":"P","price":4.23},{"type":"U","date":"2018-03-23T01:20:00.000Z","volume":14404000,"label":"U","price":4.15},{"type":"A","date":"2018-03-23T01:30:00.000Z","volume":253000,"label":" ","price":4.16},{"type":"A","date":"2018-03-23T01:30:00.000Z","volume":620000,"label":" ","price":4.16},{"type":"A","date":"2018-03-23T01:30:00.000Z","volume":4000,"label":" ","price":4.16},{"type":"B","date":"2018-03-23T01:30:00.000Z","volume":2000,"label":" ","price":4.16},{"type":"A","date":"2018-03-23T01:30:00.000Z","volume":5000,"label":" ","price":4.17},{"type":"B","date":"2018-03-23T01:30:00.000Z","volume":8000,"label":" ","price":4.16},{"type":"B","date":"2018-03-23T01:30:00.000Z","volume":22000,"label":" ","price":4.15},{"type":"B","date":"2018-03-23T01:30:00.000Z","volume":1000,"label":" ","price":4.16},{"type":"B","date":"2018-03-23T01:30:00.000Z","volume":1000,"label":" ","price":4.16},{"type":"A","date":"2018-03-23T01:30:01.000Z","volume":4000,"label":" ","price":4.17},{"type":"A","date":"2018-03-23T01:30:01.000Z","volume":20000,"label":" ","price":4.17},{"type":"A","date":"2018-03-23T01:30:01.000Z","volume":227000,"label":" ","price":4.17},{"type":"A","date":"2018-03-23T01:30:01.000Z","volume":20000,"label":" ","price":4.18},{"type":"A","date":"2018-03-23T01:30:01.000Z","volume":10000,"label":" ","price":4.18},{"type":"B","date":"2018-03-23T01:30:01.000Z","volume":1000,"label":" ","price":4.17},{"type":"A","date":"2018-03-23T01:30:01.000Z","volume":1000,"label":" ","price":4.18},{"type":"B","date":"2018-03-23T01:30:02.000Z","volume":120000,"label":" ","price":4.17},{"type":"B","date":"2018-03-23T01:30:02.000Z","volume":10000,"label":" ","price":4.17},{"type":"A","date":"2018-03-23T01:30:02.000Z","volume":1000,"label":" ","price":4.18},{"type":"B","date":"2018-03-23T01:30:02.000Z","volume":6000,"label":" ","price":4.17},{"type":"B","date":"2018-03-23T01:30:02.000Z","volume":12000,"label":" ","price":4.17},{"type":"A","date":"2018-03-23T01:30:02.000Z","volume":8000,"label":" ","price":4.18},{"type":"B","date":"2018-03-23T01:30:02.000Z","volume":10000,"label":" ","price":4.17},{"type":"B","date":"2018-03-23T01:30:02.000Z","volume":90000,"label":" ","price":4.17},{"type":"B","date":"2018-03-23T01:30:03.000Z","volume":20000,"label":" ","price":4.17},{"type":"B","date":"2018-03-23T01:30:03.000Z","volume":80000,"label":" ","price":4.17},{"type":"A","date":"2018-03-23T01:30:03.000Z","volume":10000,"label":" ","price":4.18},{"type":"A","date":"2018-03-23T01:30:03.000Z","volume":1000,"label":" ","price":4.18},{"type":"A","date":"2018-03-23T01:30:03.000Z","volume":2000,"label":" ","price":4.18},{"type":"B","date":"2018-03-23T01:30:03.000Z","volume":473000,"label":"Y","price":4.17},{"type":"B","date":"2018-03-23T01:30:03.000Z","volume":32000,"label":" ","price":4.17},{"type":"B","date":"2018-03-23T01:30:04.000Z","volume":10000,"label":" ","price":4.17},{"type":"B","date":"2018-03-23T01:30:04.000Z","volume":336000,"label":" ","price":4.17},{"type":"B","date":"2018-03-23T01:30:04.000Z","volume":300000,"label":" ","price":4.17},{"type":"B","date":"2018-03-23T01:30:04.000Z","volume":3000,"label":" ","price":4.17},{"type":"A","date":"2018-03-23T01:30:04.000Z","volume":1000,"label":" ","price":4.18},{"type":"B","date":"2018-03-23T01:30:04.000Z","volume":314000,"label":" ","price":4.17},{"type":"B","date":"2018-03-23T01:30:04.000Z","volume":152000,"label":" ","price":4.16},{"type":"A","date":"2018-03-23T01:30:05.000Z","volume":6000,"label":" ","price":4.17},{"type":"A","date":"2018-03-23T01:30:05.000Z","volume":31000,"label":" ","price":4.17},{"type":"A","date":"2018-03-23T01:30:05.000Z","volume":1000,"label":" ","price":4.17},{"type":"A","date":"2018-03-23T01:30:05.000Z","volume":167000,"label":" ","price":4.17},{"type":"A","date":"2018-03-23T01:30:05.000Z","volume":40000,"label":" ","price":4.18},{"type":"A","date":"2018-03-23T01:30:05.000Z","volume":10000,"label":" ","price":4.18},{"type":"U","date":"2018-03-23T01:30:05.000Z","volume":4000,"label":" ","price":4.17},{"type":"B","date":"2018-03-23T01:30:06.000Z","volume":393000,"label":" ","price":4.16},{"type":"B","date":"2018-03-23T01:30:06.000Z","volume":7000,"label":" ","price":4.16},{"type":"A","date":"2018-03-23T01:30:06.000Z","volume":6000,"label":" ","price":4.17},{"type":"A","date":"2018-03-23T01:30:06.000Z","volume":10000,"label":" ","price":4.17},{"type":"A","date":"2018-03-23T01:30:07.000Z","volume":147000,"label":" ","price":4.17},{"type":"A","date":"2018-03-23T01:30:08.000Z","volume":10000,"label":" ","price":4.18},{"type":"A","date":"2018-03-23T01:30:08.000Z","volume":20000,"label":" ","price":4.18},{"type":"A","date":"2018-03-23T01:30:08.000Z","volume":20000,"label":" ","price":4.18},{"type":"A","date":"2018-03-23T01:30:08.000Z","volume":50000,"label":" ","price":4.18},{"type":"A","date":"2018-03-23T01:30:08.000Z","volume":50000,"label":" ","price":4.18},{"type":"A","date":"2018-03-23T01:30:08.000Z","volume":50000,"label":" ","price":4.18},{"type":"A","date":"2018-03-23T01:30:08.000Z","volume":20000,"label":" ","price":4.18},{"type":"A","date":"2018-03-23T01:30:08.000Z","volume":10000,"label":" ","price":4.18},{"type":"A","date":"2018-03-23T01:30:08.000Z","volume":50000,"label":" ","price":4.18},{"type":"B","date":"2018-03-23T01:30:08.000Z","volume":50000,"label":" ","price":4.17},{"type":"B","date":"2018-03-23T01:30:08.000Z","volume":8000,"label":" ","price":4.17},{"type":"A","date":"2018-03-23T01:30:09.000Z","volume":5000,"label":" ","price":4.18},{"type":"A","date":"2018-03-23T01:30:09.000Z","volume":60000,"label":" ","price":4.18},{"type":"A","date":"2018-03-23T01:30:09.000Z","volume":5000,"label":" ","price":4.18},{"type":"A","date":"2018-03-23T01:30:09.000Z","volume":25000,"label":" ","price":4.18},{"type":"A","date":"2018-03-23T01:30:09.000Z","volume":10000,"label":" ","price":4.18},{"type":"A","date":"2018-03-23T01:30:09.000Z","volume":14000,"label":" ","price":4.18},{"type":"A","date":"2018-03-23T01:30:09.000Z","volume":100000,"label":" ","price":4.18},{"type":"A","date":"2018-03-23T01:30:09.000Z","volume":10000,"label":" ","price":4.18},{"type":"A","date":"2018-03-23T01:30:09.000Z","volume":20000,"label":" ","price":4.18},{"type":"A","date":"2018-03-23T01:30:09.000Z","volume":20000,"label":" ","price":4.18},{"type":"A","date":"2018-03-23T01:30:09.000Z","volume":10000,"label":" ","price":4.18},{"type":"A","date":"2018-03-23T01:30:09.000Z","volume":10000,"label":" ","price":4.18},{"type":"A","date":"2018-03-23T01:30:09.000Z","volume":20000,"label":" ","price":4.18},{"type":"A","date":"2018-03-23T01:30:09.000Z","volume":5000,"label":" ","price":4.18},{"type":"A","date":"2018-03-23T01:30:09.000Z","volume":10000,"label":" ","price":4.18},{"type":"B","date":"2018-03-23T01:30:09.000Z","volume":3000,"label":" ","price":4.17},{"type":"B","date":"2018-03-23T01:30:09.000Z","volume":10000,"label":" ","price":4.17},{"type":"B","date":"2018-03-23T01:30:09.000Z","volume":2000,"label":" ","price":4.17},{"type":"B","date":"2018-03-23T01:30:09.000Z","volume":20000,"label":" ","price":4.17},{"type":"A","date":"2018-03-23T01:30:10.000Z","volume":10000,"label":" ","price":4.18},{"type":"A","date":"2018-03-23T01:30:10.000Z","volume":20000,"label":" ","price":4.18},{"type":"A","date":"2018-03-23T01:30:10.000Z","volume":8000,"label":" ","price":4.18},{"type":"B","date":"2018-03-23T01:30:10.000Z","volume":20000,"label":" ","price":4.17},{"type":"A","date":"2018-03-23T01:30:10.000Z","volume":100000,"label":" ","price":4.18},{"type":"A","date":"2018-03-23T01:30:10.000Z","volume":20000,"label":" ","price":4.18},{"type":"B","date":"2018-03-23T01:30:10.000Z","volume":20000,"label":" ","price":4.17},{"type":"A","date":"2018-03-23T01:30:10.000Z","volume":5000,"label":" ","price":4.18},{"type":"A","date":"2018-03-23T01:30:10.000Z","volume":10000,"label":" ","price":4.18},{"type":"A","date":"2018-03-23T01:30:10.000Z","volume":20000,"label":" ","price":4.18},{"type":"A","date":"2018-03-23T01:30:10.000Z","volume":3000,"label":" ","price":4.18},{"type":"B","date":"2018-03-23T01:30:10.000Z","volume":11000,"label":" ","price":4.17},{"type":"A","date":"2018-03-23T01:30:10.000Z","volume":1000,"label":" ","price":4.18},{"type":"A","date":"2018-03-23T01:30:10.000Z","volume":1000,"label":" ","price":4.18},{"type":"A","date":"2018-03-23T01:30:11.000Z","volume":10000,"label":" ","price":4.18},{"type":"A","date":"2018-03-23T01:30:11.000Z","volume":3000,"label":" ","price":4.18},{"type":"A","date":"2018-03-23T01:30:11.000Z","volume":5000,"label":" ","price":4.18},{"type":"A","date":"2018-03-23T01:30:11.000Z","volume":10000,"label":" ","price":4.18},{"type":"A","date":"2018-03-23T01:30:11.000Z","volume":10000,"label":" ","price":4.18},{"type":"A","date":"2018-03-23T01:30:11.000Z","volume":50000,"label":" ","price":4.18},{"type":"B","date":"2018-03-23T01:30:11.000Z","volume":30000,"label":" ","price":4.17},{"type":"A","date":"2018-03-23T01:30:11.000Z","volume":10000,"label":" ","price":4.18},{"type":"A","date":"2018-03-23T01:30:11.000Z","volume":2000,"label":" ","price":4.18},{"type":"B","date":"2018-03-23T01:30:11.000Z","volume":10000,"label":" ","price":4.17},{"type":"A","date":"2018-03-23T01:30:12.000Z","volume":5000,"label":" ","price":4.18},{"type":"B","date":"2018-03-23T01:30:12.000Z","volume":20000,"label":" ","price":4.17},{"type":"B","date":"2018-03-23T01:30:12.000Z","volume":20000,"label":" ","price":4.17},{"type":"A","date":"2018-03-23T01:30:12.000Z","volume":10000,"label":" ","price":4.18},{"type":"A","date":"2018-03-23T01:30:13.000Z","volume":22000,"label":" ","price":4.18},{"type":"B","date":"2018-03-23T01:30:13.000Z","volume":123000,"label":" ","price":4.17},{"type":"B","date":"2018-03-23T01:30:13.000Z","volume":77000,"label":" ","price":4.16},{"type":"B","date":"2018-03-23T01:30:13.000Z","volume":167000,"label":" ","price":4.17},{"type":"A","date":"2018-03-23T01:30:14.000Z","volume":10000,"label":" ","price":4.18},{"type":"B","date":"2018-03-23T01:30:14.000Z","volume":4000,"label":" ","price":4.17},{"type":"B","date":"2018-03-23T01:30:14.000Z","volume":5000,"label":" ","price":4.17},{"type":"B","date":"2018-03-23T01:30:14.000Z","volume":1000,"label":" ","price":4.17},{"type":"B","date":"2018-03-23T01:30:15.000Z","volume":10000,"label":" ","price":4.17},{"type":"B","date":"2018-03-23T01:30:15.000Z","volume":5000,"label":" ","price":4.17},{"type":"B","date":"2018-03-23T01:30:15.000Z","volume":50000,"label":" ","price":4.17},{"type":"A","date":"2018-03-23T01:30:16.000Z","volume":4000,"label":" ","price":4.18},{"type":"B","date":"2018-03-23T01:30:16.000Z","volume":150000,"label":" ","price":4.17},{"type":"A","date":"2018-03-23T01:30:17.000Z","volume":2000,"label":" ","price":4.18},{"type":"B","date":"2018-03-23T01:30:18.000Z","volume":6000,"label":" ","price":4.17},{"type":"B","date":"2018-03-23T01:30:18.000Z","volume":68000,"label":" ","price":4.17},{"type":"B","date":"2018-03-23T01:30:18.000Z","volume":574000,"label":" ","price":4.17},{"type":"A","date":"2018-03-23T01:30:19.000Z","volume":1000,"label":" ","price":4.17},{"type":"B","date":"2018-03-23T01:30:19.000Z","volume":10000,"label":" ","price":4.16},{"type":"A","date":"2018-03-23T01:30:20.000Z","volume":50000,"label":" ","price":4.17},{"type":"A","date":"2018-03-23T01:30:20.000Z","volume":247000,"label":" ","price":4.17},{"type":"A","date":"2018-03-23T01:30:20.000Z","volume":621000,"label":" ","price":4.17},{"type":"U","date":"2018-03-23T01:30:20.000Z","volume":20000,"label":" ","price":4.17},{"type":"U","date":"2018-03-23T01:30:20.000Z","volume":20000,"label":" ","price":4.17},{"type":"B","date":"2018-03-23T01:30:20.000Z","volume":30000,"label":" ","price":4.16},{"type":"B","date":"2018-03-23T01:30:21.000Z","volume":20000,"label":" ","price":4.17},{"type":"B","date":"2018-03-23T01:30:21.000Z","volume":362000,"label":" ","price":4.17},{"type":"B","date":"2018-03-23T01:30:22.000Z","volume":5000,"label":" ","price":4.17},{"type":"B","date":"2018-03-23T01:30:22.000Z","volume":86000,"label":" ","price":4.17},{"type":"B","date":"2018-03-23T01:30:22.000Z","volume":200000,"label":" ","price":4.17},{"type":"B","date":"2018-03-23T01:30:25.000Z","volume":160000,"label":" ","price":4.17},{"type":"B","date":"2018-03-23T01:30:25.000Z","volume":150000,"label":" ","price":4.17},{"type":"B","date":"2018-03-23T01:30:26.000Z","volume":3000,"label":" ","price":4.17},{"type":"B","date":"2018-03-23T01:30:26.000Z","volume":14000,"label":" ","price":4.17},{"type":"B","date":"2018-03-23T01:30:26.000Z","volume":10000,"label":" ","price":4.17},{"type":"B","date":"2018-03-23T01:30:27.000Z","volume":140000,"label":" ","price":4.17},{"type":"B","date":"2018-03-23T01:30:28.000Z","volume":6000,"label":" ","price":4.17},{"type":"B","date":"2018-03-23T01:30:28.000Z","volume":10000,"label":" ","price":4.17},{"type":"B","date":"2018-03-23T01:30:28.000Z","volume":1345000,"label":" ","price":4.17},{"type":"B","date":"2018-03-23T01:30:28.000Z","volume":352000,"label":" ","price":4.17},{"type":"B","date":"2018-03-23T01:30:28.000Z","volume":352000,"label":" ","price":4.17},{"type":"B","date":"2018-03-23T01:30:28.000Z","volume":309000,"label":" ","price":4.17},{"type":"B","date":"2018-03-23T01:30:28.000Z","volume":167000,"label":" ","price":4.17},{"type":"B","date":"2018-03-23T01:30:28.000Z","volume":170000,"label":" ","price":4.17},{"type":"B","date":"2018-03-23T01:30:29.000Z","volume":10000,"label":" ","price":4.16},{"type":"B","date":"2018-03-23T01:30:29.000Z","volume":12000,"label":" ","price":4.16},{"type":"B","date":"2018-03-23T01:30:29.000Z","volume":100000,"label":" ","price":4.16},{"type":"B","date":"2018-03-23T01:30:30.000Z","volume":2000,"label":" ","price":4.16},{"type":"B","date":"2018-03-23T01:30:30.000Z","volume":50000,"label":" ","price":4.16},{"type":"A","date":"2018-03-23T01:30:30.000Z","volume":500000,"label":"Y","price":4.17},{"type":"A","date":"2018-03-23T01:30:30.000Z","volume":10000,"label":" ","price":4.17},{"type":"B","date":"2018-03-23T01:30:30.000Z","volume":20000,"label":" ","price":4.16},{"type":"A","date":"2018-03-23T01:30:30.000Z","volume":50000,"label":" ","price":4.17},{"type":"A","date":"2018-03-23T01:30:32.000Z","volume":100000,"label":" ","price":4.17},{"type":"A","date":"2018-03-23T01:30:32.000Z","volume":3000,"label":" ","price":4.17},{"type":"A","date":"2018-03-23T01:30:33.000Z","volume":3000,"label":" ","price":4.17},{"type":"B","date":"2018-03-23T01:30:33.000Z","volume":10000,"label":" ","price":4.16},{"type":"B","date":"2018-03-23T01:30:33.000Z","volume":5000,"label":" ","price":4.16},{"type":"B","date":"2018-03-23T01:30:34.000Z","volume":2000,"label":" ","price":4.16},{"type":"A","date":"2018-03-23T01:30:34.000Z","volume":1000,"label":" ","price":4.17},{"type":"A","date":"2018-03-23T01:30:38.000Z","volume":20000,"label":" ","price":4.17},{"type":"B","date":"2018-03-23T01:30:39.000Z","volume":50000,"label":" ","price":4.16},{"type":"A","date":"2018-03-23T01:30:41.000Z","volume":6000,"label":" ","price":4.17},{"type":"B","date":"2018-03-23T01:30:44.000Z","volume":1000,"label":" ","price":4.16},{"type":"A","date":"2018-03-23T01:30:45.000Z","volume":20000,"label":" ","price":4.17},{"type":"A","date":"2018-03-23T01:30:45.000Z","volume":500000,"label":" ","price":4.17},{"type":"A","date":"2018-03-23T01:30:45.000Z","volume":131000,"label":" ","price":4.17},{"type":"B","date":"2018-03-23T01:30:46.000Z","volume":60000,"label":" ","price":4.17},{"type":"B","date":"2018-03-23T01:30:48.000Z","volume":20000,"label":" ","price":4.17},{"type":"B","date":"2018-03-23T01:30:50.000Z","volume":3000,"label":" ","price":4.17},{"type":"B","date":"2018-03-23T01:30:52.000Z","volume":40000,"label":" ","price":4.17},{"type":"B","date":"2018-03-23T01:30:52.000Z","volume":30000,"label":" ","price":4.17},{"type":"B","date":"2018-03-23T01:30:53.000Z","volume":41000,"label":" ","price":4.17},{"type":"B","date":"2018-03-23T01:30:55.000Z","volume":2000,"label":" ","price":4.17},{"type":"B","date":"2018-03-23T01:30:58.000Z","volume":60000,"label":" ","price":4.17},{"type":"B","date":"2018-03-23T01:30:58.000Z","volume":4000,"label":" ","price":4.17},{"type":"B","date":"2018-03-23T01:30:59.000Z","volume":6000,"label":" ","price":4.17},{"type":"B","date":"2018-03-23T01:30:59.000Z","volume":10000,"label":" ","price":4.17},{"type":"B","date":"2018-03-23T01:31:03.000Z","volume":20000,"label":" ","price":4.17},{"type":"A","date":"2018-03-23T01:31:05.000Z","volume":4000,"label":" ","price":4.18},{"type":"B","date":"2018-03-23T01:31:05.000Z","volume":20000,"label":" ","price":4.17},{"type":"B","date":"2018-03-23T01:31:08.000Z","volume":1000,"label":" ","price":4.17},{"type":"B","date":"2018-03-23T01:31:09.000Z","volume":14000,"label":" ","price":4.17},{"type":"A","date":"2018-03-23T01:31:12.000Z","volume":10000,"label":" ","price":4.18},{"type":"A","date":"2018-03-23T01:31:13.000Z","volume":50000,"label":" ","price":4.18},{"type":"B","date":"2018-03-23T01:31:13.000Z","volume":10000,"label":" ","price":4.17},{"type":"A","date":"2018-03-23T01:31:14.000Z","volume":9000,"label":" ","price":4.18},{"type":"B","date":"2018-03-23T01:31:15.000Z","volume":5000,"label":" ","price":4.17},{"type":"U","date":"2018-03-23T01:31:15.000Z","volume":1000,"label":"X","price":4.175},{"type":"B","date":"2018-03-23T01:31:19.000Z","volume":10000,"label":"Y","price":4.17},{"type":"B","date":"2018-03-23T01:31:19.000Z","volume":181000,"label":" ","price":4.17},{"type":"B","date":"2018-03-23T01:31:20.000Z","volume":100000,"label":" ","price":4.17},{"type":"B","date":"2018-03-23T01:31:20.000Z","volume":10000,"label":" ","price":4.17},{"type":"B","date":"2018-03-23T01:31:22.000Z","volume":27000,"label":" ","price":4.17},{"type":"B","date":"2018-03-23T01:31:23.000Z","volume":5000,"label":" ","price":4.17},{"type":"A","date":"2018-03-23T01:31:23.000Z","volume":20000,"label":" ","price":4.18},{"type":"A","date":"2018-03-23T01:31:25.000Z","volume":292000,"label":" ","price":4.18},{"type":"A","date":"2018-03-23T01:31:26.000Z","volume":246000,"label":" ","price":4.18},{"type":"B","date":"2018-03-23T01:31:26.000Z","volume":20000,"label":"Y","price":4.17},{"type":"A","date":"2018-03-23T01:31:26.000Z","volume":492000,"label":" ","price":4.18},{"type":"A","date":"2018-03-23T01:31:27.000Z","volume":246000,"label":" ","price":4.18},{"type":"A","date":"2018-03-23T01:31:27.000Z","volume":302000,"label":" ","price":4.18},{"type":"A","date":"2018-03-23T01:31:27.000Z","volume":1404000,"label":" ","price":4.18},{"type":"A","date":"2018-03-23T01:31:27.000Z","volume":2461000,"label":" ","price":4.18},{"type":"A","date":"2018-03-23T01:31:28.000Z","volume":158000,"label":" ","price":4.19},{"type":"B","date":"2018-03-23T01:31:29.000Z","volume":20000,"label":" ","price":4.18},{"type":"B","date":"2018-03-23T01:31:31.000Z","volume":8000,"label":" ","price":4.18},{"type":"A","date":"2018-03-23T01:31:32.000Z","volume":50000,"label":" ","price":4.19},{"type":"A","date":"2018-03-23T01:31:33.000Z","volume":10000,"label":" ","price":4.19},{"type":"A","date":"2018-03-23T01:31:35.000Z","volume":10000,"label":" ","price":4.19},{"type":"B","date":"2018-03-23T01:31:40.000Z","volume":10000,"label":" ","price":4.18},{"type":"A","date":"2018-03-23T01:31:41.000Z","volume":14000,"label":" ","price":4.19},{"type":"B","date":"2018-03-23T01:31:42.000Z","volume":900000,"label":" ","price":4.18},{"type":"B","date":"2018-03-23T01:31:42.000Z","volume":23000,"label":" ","price":4.18},{"type":"B","date":"2018-03-23T01:31:44.000Z","volume":20000,"label":" ","price":4.18},{"type":"A","date":"2018-03-23T01:31:47.000Z","volume":50000,"label":" ","price":4.19},{"type":"B","date":"2018-03-23T01:31:54.000Z","volume":50000,"label":" ","price":4.18},{"type":"B","date":"2018-03-23T01:31:57.000Z","volume":184000,"label":" ","price":4.18},{"type":"B","date":"2018-03-23T01:31:58.000Z","volume":1000,"label":" ","price":4.18},{"type":"U","date":"2018-03-23T01:31:59.000Z","volume":246000,"label":" ","price":4.18},{"type":"U","date":"2018-03-23T01:31:59.000Z","volume":254000,"label":" ","price":4.18},{"type":"U","date":"2018-03-23T01:32:00.000Z","volume":6000,"label":" ","price":4.18},{"type":"A","date":"2018-03-23T01:32:00.000Z","volume":30000,"label":" ","price":4.19},{"type":"A","date":"2018-03-23T01:32:02.000Z","volume":1000,"label":" ","price":4.19},{"type":"B","date":"2018-03-23T01:32:02.000Z","volume":3000,"label":" ","price":4.18},{"type":"B","date":"2018-03-23T01:32:02.000Z","volume":106000,"label":" ","price":4.18},{"type":"U","date":"2018-03-23T01:32:03.000Z","volume":500,"label":"D","price":4.13},{"type":"A","date":"2018-03-23T01:32:03.000Z","volume":169000,"label":" ","price":4.18},{"type":"B","date":"2018-03-23T01:32:06.000Z","volume":25000,"label":" ","price":4.18},{"type":"B","date":"2018-03-23T01:32:07.000Z","volume":20000,"label":" ","price":4.18},{"type":"B","date":"2018-03-23T01:32:07.000Z","volume":188000,"label":" ","price":4.18},{"type":"A","date":"2018-03-23T01:32:11.000Z","volume":10000,"label":" ","price":4.18},{"type":"A","date":"2018-03-23T01:32:13.000Z","volume":1000,"label":" ","price":4.18},{"type":"B","date":"2018-03-23T01:32:14.000Z","volume":10000,"label":" ","price":4.17},{"type":"B","date":"2018-03-23T01:32:16.000Z","volume":10000,"label":" ","price":4.17},{"type":"B","date":"2018-03-23T01:32:17.000Z","volume":10000,"label":" ","price":4.17},{"type":"B","date":"2018-03-23T01:32:20.000Z","volume":10000,"label":" ","price":4.17},{"type":"B","date":"2018-03-23T01:32:20.000Z","volume":20000,"label":" ","price":4.17},{"type":"B","date":"2018-03-23T01:32:20.000Z","volume":10000,"label":" ","price":4.17},{"type":"A","date":"2018-03-23T01:32:21.000Z","volume":10000,"label":" ","price":4.18},{"type":"A","date":"2018-03-23T01:32:27.000Z","volume":30000,"label":" ","price":4.18},{"type":"A","date":"2018-03-23T01:32:28.000Z","volume":2000,"label":" ","price":4.18},{"type":"A","date":"2018-03-23T01:32:31.000Z","volume":1000,"label":" ","price":4.18},{"type":"B","date":"2018-03-23T01:32:32.000Z","volume":10000,"label":" ","price":4.17},{"type":"B","date":"2018-03-23T01:32:38.000Z","volume":10000,"label":" ","price":4.17},{"type":"B","date":"2018-03-23T01:32:39.000Z","volume":10000,"label":"Y","price":4.17},{"type":"A","date":"2018-03-23T01:32:40.000Z","volume":100000,"label":" ","price":4.18},{"type":"A","date":"2018-03-23T01:32:47.000Z","volume":10000,"label":" ","price":4.18},{"type":"A","date":"2018-03-23T01:32:51.000Z","volume":17000,"label":" ","price":4.18},{"type":"B","date":"2018-03-23T01:32:54.000Z","volume":20000,"label":"Y","price":4.17},{"type":"B","date":"2018-03-23T01:32:56.000Z","volume":10000,"label":" ","price":4.17},{"type":"A","date":"2018-03-23T01:32:57.000Z","volume":20000,"label":" ","price":4.18},{"type":"B","date":"2018-03-23T01:32:59.000Z","volume":5000,"label":" ","price":4.17},{"type":"A","date":"2018-03-23T01:33:00.000Z","volume":35000,"label":" ","price":4.18},{"type":"B","date":"2018-03-23T01:33:01.000Z","volume":200000,"label":" ","price":4.17},{"type":"A","date":"2018-03-23T01:33:02.000Z","volume":10000,"label":" ","price":4.18},{"type":"A","date":"2018-03-23T01:33:05.000Z","volume":150000,"label":" ","price":4.18},{"type":"A","date":"2018-03-23T01:33:06.000Z","volume":1000,"label":" ","price":4.18},{"type":"A","date":"2018-03-23T01:33:06.000Z","volume":10000,"label":" ","price":4.18},{"type":"A","date":"2018-03-23T01:33:08.000Z","volume":10000,"label":" ","price":4.18},{"type":"A","date":"2018-03-23T01:33:11.000Z","volume":30000,"label":" ","price":4.18},{"type":"B","date":"2018-03-23T01:33:11.000Z","volume":10000,"label":" ","price":4.17},{"type":"A","date":"2018-03-23T01:33:13.000Z","volume":50000,"label":" ","price":4.18},{"type":"B","date":"2018-03-23T01:33:14.000Z","volume":20000,"label":"Y","price":4.17},{"type":"A","date":"2018-03-23T01:33:17.000Z","volume":4000,"label":" ","price":4.18},{"type":"B","date":"2018-03-23T01:33:17.000Z","volume":5000,"label":" ","price":4.17},{"type":"B","date":"2018-03-23T01:33:20.000Z","volume":2000,"label":" ","price":4.17},{"type":"B","date":"2018-03-23T01:33:20.000Z","volume":10000,"label":" ","price":4.17},{"type":"B","date":"2018-03-23T01:33:23.000Z","volume":2000000,"label":" ","price":4.17},{"type":"B","date":"2018-03-23T01:33:23.000Z","volume":972000,"label":" ","price":4.17},{"type":"B","date":"2018-03-23T01:33:23.000Z","volume":151000,"label":" ","price":4.17},{"type":"A","date":"2018-03-23T01:33:24.000Z","volume":236000,"label":" ","price":4.18},{"type":"A","date":"2018-03-23T01:33:24.000Z","volume":236000,"label":" ","price":4.18},{"type":"U","date":"2018-03-23T01:33:24.000Z","volume":587000,"label":" ","price":4.17},{"type":"U","date":"2018-03-23T01:33:24.000Z","volume":401000,"label":" ","price":4.17},{"type":"A","date":"2018-03-23T01:33:25.000Z","volume":236000,"label":" ","price":4.18},{"type":"A","date":"2018-03-23T01:33:25.000Z","volume":236000,"label":" ","price":4.18},{"type":"U","date":"2018-03-23T01:33:25.000Z","volume":10000,"label":" ","price":4.17},{"type":"A","date":"2018-03-23T01:33:26.000Z","volume":236000,"label":" ","price":4.18},{"type":"A","date":"2018-03-23T01:33:26.000Z","volume":236000,"label":" ","price":4.18},{"type":"A","date":"2018-03-23T01:33:26.000Z","volume":10000,"label":" ","price":4.18},{"type":"A","date":"2018-03-23T01:33:27.000Z","volume":236000,"label":" ","price":4.18},{"type":"B","date":"2018-03-23T01:33:27.000Z","volume":392000,"label":" ","price":4.17},{"type":"B","date":"2018-03-23T01:33:27.000Z","volume":78000,"label":" ","price":4.17},{"type":"A","date":"2018-03-23T01:33:27.000Z","volume":126000,"label":" ","price":4.18},{"type":"B","date":"2018-03-23T01:33:27.000Z","volume":152000,"label":" ","price":4.17},{"type":"B","date":"2018-03-23T01:33:27.000Z","volume":100000,"label":" ","price":4.17},{"type":"B","date":"2018-03-23T01:33:27.000Z","volume":3000,"label":" ","price":4.17},{"type":"B","date":"2018-03-23T01:33:27.000Z","volume":12000,"label":" ","price":4.16},{"type":"A","date":"2018-03-23T01:33:29.000Z","volume":20000,"label":" ","price":4.18},{"type":"B","date":"2018-03-23T01:33:33.000Z","volume":20000,"label":" ","price":4.17},{"type":"B","date":"2018-03-23T01:33:33.000Z","volume":20000,"label":" ","price":4.17},{"type":"B","date":"2018-03-23T01:33:35.000Z","volume":85000,"label":" ","price":4.17},{"type":"A","date":"2018-03-23T01:33:36.000Z","volume":38000,"label":" ","price":4.18},{"type":"A","date":"2018-03-23T01:33:36.000Z","volume":10000,"label":" ","price":4.18},{"type":"B","date":"2018-03-23T01:33:36.000Z","volume":22000,"label":" ","price":4.17},{"type":"A","date":"2018-03-23T01:33:38.000Z","volume":400000,"label":" ","price":4.18},{"type":"A","date":"2018-03-23T01:33:38.000Z","volume":1799000,"label":" ","price":4.18},{"type":"A","date":"2018-03-23T01:33:38.000Z","volume":1000,"label":" ","price":4.18},{"type":"B","date":"2018-03-23T01:33:41.000Z","volume":25000,"label":" ","price":4.18},{"type":"B","date":"2018-03-23T01:33:41.000Z","volume":10000,"label":" ","price":4.18},{"type":"B","date":"2018-03-23T01:33:47.000Z","volume":50000,"label":" ","price":4.18},{"type":"B","date":"2018-03-23T01:33:48.000Z","volume":20000,"label":" ","price":4.18},{"type":"B","date":"2018-03-23T01:33:52.000Z","volume":5000,"label":" ","price":4.18},{"type":"B","date":"2018-03-23T01:33:52.000Z","volume":90000,"label":" ","price":4.18},{"type":"B","date":"2018-03-23T01:33:53.000Z","volume":10000,"label":" ","price":4.18},{"type":"B","date":"2018-03-23T01:33:56.000Z","volume":25000,"label":" ","price":4.18},{"type":"B","date":"2018-03-23T01:33:58.000Z","volume":10000,"label":" ","price":4.18},{"type":"B","date":"2018-03-23T01:34:00.000Z","volume":20000,"label":" ","price":4.18},{"type":"B","date":"2018-03-23T01:34:02.000Z","volume":10000,"label":" ","price":4.18},{"type":"B","date":"2018-03-23T01:34:04.000Z","volume":10000,"label":" ","price":4.18},{"type":"B","date":"2018-03-23T01:34:05.000Z","volume":701000,"label":" ","price":4.18},{"type":"B","date":"2018-03-23T01:34:05.000Z","volume":245000,"label":" ","price":4.18},{"type":"B","date":"2018-03-23T01:34:05.000Z","volume":54000,"label":" ","price":4.18},{"type":"B","date":"2018-03-23T01:34:06.000Z","volume":20000,"label":" ","price":4.18},{"type":"B","date":"2018-03-23T01:34:09.000Z","volume":60000,"label":" ","price":4.18},{"type":"B","date":"2018-03-23T01:34:16.000Z","volume":9000,"label":" ","price":4.18},{"type":"B","date":"2018-03-23T01:34:16.000Z","volume":3000,"label":" ","price":4.18},{"type":"B","date":"2018-03-23T01:34:20.000Z","volume":10000,"label":" ","price":4.18},{"type":"B","date":"2018-03-23T01:34:21.000Z","volume":1000,"label":" ","price":4.18},{"type":"B","date":"2018-03-23T01:34:22.000Z","volume":20000,"label":" ","price":4.18},{"type":"A","date":"2018-03-23T01:34:25.000Z","volume":20000,"label":" ","price":4.19},{"type":"A","date":"2018-03-23T01:34:26.000Z","volume":10000,"label":" ","price":4.19},{"type":"B","date":"2018-03-23T01:34:27.000Z","volume":1000,"label":" ","price":4.18},{"type":"B","date":"2018-03-23T01:34:28.000Z","volume":316000,"label":" ","price":4.18},{"type":"B","date":"2018-03-23T01:34:29.000Z","volume":316000,"label":" ","price":4.18},{"type":"B","date":"2018-03-23T01:34:29.000Z","volume":55000,"label":" ","price":4.18},{"type":"A","date":"2018-03-23T01:34:29.000Z","volume":11000,"label":" ","price":4.18},{"type":"A","date":"2018-03-23T01:34:30.000Z","volume":45000,"label":" ","price":4.18},{"type":"A","date":"2018-03-23T01:34:30.000Z","volume":22000,"label":" ","price":4.18},{"type":"A","date":"2018-03-23T01:34:30.000Z","volume":8000,"label":" ","price":4.18},{"type":"U","date":"2018-03-23T01:34:30.000Z","volume":5000,"label":" ","price":4.18},{"type":"U","date":"2018-03-23T01:34:31.000Z","volume":10000,"label":" ","price":4.18},{"type":"A","date":"2018-03-23T01:34:31.000Z","volume":1000,"label":" ","price":4.19},{"type":"B","date":"2018-03-23T01:34:33.000Z","volume":100000,"label":" ","price":4.18},{"type":"B","date":"2018-03-23T01:34:34.000Z","volume":20000,"label":" ","price":4.18},{"type":"B","date":"2018-03-23T01:34:35.000Z","volume":15000,"label":" ","price":4.18},{"type":"B","date":"2018-03-23T01:34:36.000Z","volume":430000,"label":" ","price":4.18},{"type":"B","date":"2018-03-23T01:34:36.000Z","volume":500000,"label":" ","price":4.18},{"type":"B","date":"2018-03-23T01:34:36.000Z","volume":1077000,"label":" ","price":4.18},{"type":"B","date":"2018-03-23T01:34:41.000Z","volume":20000,"label":" ","price":4.18},{"type":"B","date":"2018-03-23T01:34:45.000Z","volume":100000,"label":" ","price":4.18},{"type":"A","date":"2018-03-23T01:34:45.000Z","volume":30000,"label":" ","price":4.19},{"type":"A","date":"2018-03-23T01:34:49.000Z","volume":10000,"label":" ","price":4.19},{"type":"A","date":"2018-03-23T01:34:50.000Z","volume":2073000,"label":" ","price":4.19},{"type":"A","date":"2018-03-23T01:34:50.000Z","volume":1537000,"label":" ","price":4.19},{"type":"A","date":"2018-03-23T01:34:51.000Z","volume":198000,"label":" ","price":4.2},{"type":"B","date":"2018-03-23T01:34:53.000Z","volume":20000,"label":" ","price":4.19},{"type":"U","date":"2018-03-23T01:34:58.000Z","volume":3,"label":"D","price":4.14},{"type":"B","date":"2018-03-23T01:35:00.000Z","volume":11000,"label":" ","price":4.19},{"type":"B","date":"2018-03-23T01:35:02.000Z","volume":10000,"label":" ","price":4.19},{"type":"B","date":"2018-03-23T01:35:02.000Z","volume":100000,"label":" ","price":4.19},{"type":"B","date":"2018-03-23T01:35:04.000Z","volume":2000,"label":" ","price":4.19},{"type":"B","date":"2018-03-23T01:35:10.000Z","volume":8000,"label":" ","price":4.19},{"type":"A","date":"2018-03-23T01:35:10.000Z","volume":270000,"label":" ","price":4.2},{"type":"B","date":"2018-03-23T01:35:11.000Z","volume":5000,"label":" ","price":4.19},{"type":"B","date":"2018-03-23T01:35:13.000Z","volume":20000,"label":" ","price":4.19},{"type":"B","date":"2018-03-23T01:35:15.000Z","volume":200000,"label":" ","price":4.19},{"type":"A","date":"2018-03-23T01:35:16.000Z","volume":10000,"label":" ","price":4.2},{"type":"A","date":"2018-03-23T01:35:20.000Z","volume":5000,"label":" ","price":4.2},{"type":"A","date":"2018-03-23T01:35:21.000Z","volume":20000,"label":" ","price":4.2},{"type":"B","date":"2018-03-23T01:35:29.000Z","volume":20000,"label":" ","price":4.19},{"type":"B","date":"2018-03-23T01:35:30.000Z","volume":10000,"label":" ","price":4.19},{"type":"A","date":"2018-03-23T01:35:36.000Z","volume":200000,"label":" ","price":4.2},{"type":"B","date":"2018-03-23T01:35:37.000Z","volume":20000,"label":" ","price":4.19},{"type":"B","date":"2018-03-23T01:35:40.000Z","volume":2000,"label":" ","price":4.19},{"type":"B","date":"2018-03-23T01:35:41.000Z","volume":40000,"label":" ","price":4.19},{"type":"B","date":"2018-03-23T01:35:47.000Z","volume":25000,"label":" ","price":4.19},{"type":"B","date":"2018-03-23T01:35:49.000Z","volume":6000,"label":" ","price":4.19},{"type":"A","date":"2018-03-23T01:35:51.000Z","volume":10000,"label":" ","price":4.2},{"type":"A","date":"2018-03-23T01:35:52.000Z","volume":5000,"label":" ","price":4.2},{"type":"A","date":"2018-03-23T01:35:56.000Z","volume":1397000,"label":" ","price":4.2},{"type":"A","date":"2018-03-23T01:35:56.000Z","volume":944000,"label":" ","price":4.2},{"type":"A","date":"2018-03-23T01:35:56.000Z","volume":3000000,"label":" ","price":4.2},{"type":"A","date":"2018-03-23T01:35:56.000Z","volume":348000,"label":" ","price":4.2},{"type":"B","date":"2018-03-23T01:35:57.000Z","volume":3000,"label":" ","price":4.2},{"type":"B","date":"2018-03-23T01:36:00.000Z","volume":2000,"label":" ","price":4.2},{"type":"B","date":"2018-03-23T01:36:03.000Z","volume":10000,"label":" ","price":4.2},{"type":"A","date":"2018-03-23T01:36:04.000Z","volume":1316000,"label":" ","price":4.21},{"type":"A","date":"2018-03-23T01:36:04.000Z","volume":159000,"label":" ","price":4.21},{"type":"A","date":"2018-03-23T01:36:04.000Z","volume":1000,"label":" ","price":4.22},{"type":"A","date":"2018-03-23T01:36:04.000Z","volume":29000,"label":" ","price":4.22},{"type":"B","date":"2018-03-23T01:36:11.000Z","volume":4000,"label":" ","price":4.21},{"type":"B","date":"2018-03-23T01:36:12.000Z","volume":231000,"label":" ","price":4.21},{"type":"B","date":"2018-03-23T01:36:12.000Z","volume":309000,"label":" ","price":4.21},{"type":"B","date":"2018-03-23T01:36:12.000Z","volume":231000,"label":" ","price":4.21},{"type":"B","date":"2018-03-23T01:36:12.000Z","volume":78000,"label":" ","price":4.21},{"type":"B","date":"2018-03-23T01:36:18.000Z","volume":10000,"label":" ","price":4.21},{"type":"A","date":"2018-03-23T01:36:19.000Z","volume":40000,"label":" ","price":4.22},{"type":"A","date":"2018-03-23T01:36:24.000Z","volume":29000,"label":" ","price":4.22},{"type":"B","date":"2018-03-23T01:36:25.000Z","volume":10000,"label":" ","price":4.21},{"type":"U","date":"2018-03-23T01:36:25.000Z","volume":170,"label":"D","price":4.18},{"type":"B","date":"2018-03-23T01:36:32.000Z","volume":10000,"label":" ","price":4.21},{"type":"U","date":"2018-03-23T01:36:35.000Z","volume":2,"label":"D","price":4.17},{"type":"A","date":"2018-03-23T01:36:36.000Z","volume":20000,"label":" ","price":4.22},{"type":"B","date":"2018-03-23T01:36:39.000Z","volume":80000,"label":" ","price":4.21},{"type":"A","date":"2018-03-23T01:36:39.000Z","volume":728000,"label":" ","price":4.22},{"type":"A","date":"2018-03-23T01:36:39.000Z","volume":3000000,"label":" ","price":4.22},{"type":"A","date":"2018-03-23T01:36:39.000Z","volume":1106000,"label":" ","price":4.22},{"type":"A","date":"2018-03-23T01:36:39.000Z","volume":21000,"label":" ","price":4.22},{"type":"A","date":"2018-03-23T01:36:39.000Z","volume":17000,"label":" ","price":4.22},{"type":"A","date":"2018-03-23T01:36:39.000Z","volume":35000,"label":" ","price":4.23},{"type":"A","date":"2018-03-23T01:36:41.000Z","volume":20000,"label":" ","price":4.23},{"type":"B","date":"2018-03-23T01:36:42.000Z","volume":200000,"label":" ","price":4.22},{"type":"B","date":"2018-03-23T01:36:45.000Z","volume":758000,"label":" ","price":4.22},{"type":"A","date":"2018-03-23T01:36:47.000Z","volume":1000,"label":" ","price":4.23},{"type":"B","date":"2018-03-23T01:36:48.000Z","volume":30000,"label":" ","price":4.22},{"type":"B","date":"2018-03-23T01:36:51.000Z","volume":20000,"label":" ","price":4.22},{"type":"A","date":"2018-03-23T01:36:52.000Z","volume":29000,"label":" ","price":4.23},{"type":"B","date":"2018-03-23T01:37:04.000Z","volume":9000,"label":"Y","price":4.22},{"type":"B","date":"2018-03-23T01:37:04.000Z","volume":191000,"label":" ","price":4.22},{"type":"A","date":"2018-03-23T01:37:07.000Z","volume":10000,"label":" ","price":4.23},{"type":"A","date":"2018-03-23T01:37:08.000Z","volume":260000,"label":" ","price":4.23},{"type":"B","date":"2018-03-23T01:37:08.000Z","volume":30000,"label":" ","price":4.22},{"type":"B","date":"2018-03-23T01:37:09.000Z","volume":1000,"label":" ","price":4.22},{"type":"U","date":"2018-03-23T01:37:09.000Z","volume":10000,"label":" ","price":4.23},{"type":"B","date":"2018-03-23T01:37:10.000Z","volume":20000,"label":" ","price":4.23},{"type":"B","date":"2018-03-23T01:37:15.000Z","volume":10000,"label":" ","price":4.23},{"type":"B","date":"2018-03-23T01:37:16.000Z","volume":100000,"label":" ","price":4.23},{"type":"A","date":"2018-03-23T01:37:18.000Z","volume":33000,"label":" ","price":4.24},{"type":"B","date":"2018-03-23T01:37:19.000Z","volume":210000,"label":" ","price":4.23},{"type":"B","date":"2018-03-23T01:37:28.000Z","volume":40000,"label":" ","price":4.23},{"type":"B","date":"2018-03-23T01:37:30.000Z","volume":27000,"label":" ","price":4.23},{"type":"A","date":"2018-03-23T01:37:31.000Z","volume":29000,"label":" ","price":4.24},{"type":"B","date":"2018-03-23T01:37:31.000Z","volume":100000,"label":" ","price":4.23},{"type":"B","date":"2018-03-23T01:37:32.000Z","volume":20000,"label":" ","price":4.23},{"type":"A","date":"2018-03-23T01:37:39.000Z","volume":50000,"label":" ","price":4.24},{"type":"B","date":"2018-03-23T01:37:40.000Z","volume":43000,"label":" ","price":4.23},{"type":"B","date":"2018-03-23T01:37:43.000Z","volume":5000,"label":" ","price":4.23},{"type":"U","date":"2018-03-23T01:37:43.000Z","volume":53,"label":"D","price":4.22},{"type":"B","date":"2018-03-23T01:37:43.000Z","volume":10000,"label":"Y","price":4.23},{"type":"B","date":"2018-03-23T01:37:43.000Z","volume":1190000,"label":" ","price":4.23},{"type":"B","date":"2018-03-23T01:37:43.000Z","volume":572000,"label":" ","price":4.23},{"type":"B","date":"2018-03-23T01:37:43.000Z","volume":1000,"label":" ","price":4.23},{"type":"B","date":"2018-03-23T01:37:43.000Z","volume":80000,"label":" ","price":4.22},{"type":"B","date":"2018-03-23T01:37:45.000Z","volume":1000,"label":" ","price":4.22},{"type":"B","date":"2018-03-23T01:37:47.000Z","volume":20000,"label":" ","price":4.22},{"type":"A","date":"2018-03-23T01:37:56.000Z","volume":20000,"label":" ","price":4.23},{"type":"A","date":"2018-03-23T01:38:04.000Z","volume":18000,"label":" ","price":4.23},{"type":"B","date":"2018-03-23T01:38:04.000Z","volume":2000,"label":" ","price":4.22},{"type":"U","date":"2018-03-23T01:38:06.000Z","volume":201,"label":"D","price":4.17},{"type":"A","date":"2018-03-23T01:38:10.000Z","volume":30000,"label":" ","price":4.23},{"type":"A","date":"2018-03-23T01:38:10.000Z","volume":6000,"label":" ","price":4.23},{"type":"B","date":"2018-03-23T01:38:10.000Z","volume":20000,"label":" ","price":4.22},{"type":"B","date":"2018-03-23T01:38:22.000Z","volume":2000000,"label":" ","price":4.22},{"type":"B","date":"2018-03-23T01:38:22.000Z","volume":7000,"label":" ","price":4.22},{"type":"B","date":"2018-03-23T01:38:22.000Z","volume":604000,"label":" ","price":4.22},{"type":"A","date":"2018-03-23T01:38:26.000Z","volume":20000,"label":" ","price":4.22},{"type":"A","date":"2018-03-23T01:38:27.000Z","volume":2000,"label":" ","price":4.22},{"type":"A","date":"2018-03-23T01:38:30.000Z","volume":5000,"label":" ","price":4.22},{"type":"B","date":"2018-03-23T01:38:33.000Z","volume":339000,"label":" ","price":4.21},{"type":"A","date":"2018-03-23T01:38:33.000Z","volume":290000,"label":" ","price":4.21},{"type":"A","date":"2018-03-23T01:38:34.000Z","volume":297000,"label":" ","price":4.21},{"type":"A","date":"2018-03-23T01:38:34.000Z","volume":574000,"label":" ","price":4.21},{"type":"A","date":"2018-03-23T01:38:40.000Z","volume":10000,"label":" ","price":4.22},{"type":"A","date":"2018-03-23T01:38:55.000Z","volume":10000,"label":" ","price":4.22},{"type":"A","date":"2018-03-23T01:38:57.000Z","volume":10000,"label":" ","price":4.22},{"type":"A","date":"2018-03-23T01:39:01.000Z","volume":100000,"label":" ","price":4.22},{"type":"B","date":"2018-03-23T01:39:02.000Z","volume":1000,"label":" ","price":4.21},{"type":"A","date":"2018-03-23T01:39:05.000Z","volume":50000,"label":" ","price":4.22},{"type":"B","date":"2018-03-23T01:39:06.000Z","volume":20000,"label":" ","price":4.21},{"type":"A","date":"2018-03-23T01:39:07.000Z","volume":50000,"label":" ","price":4.22},{"type":"B","date":"2018-03-23T01:39:23.000Z","volume":30000,"label":" ","price":4.21},{"type":"B","date":"2018-03-23T01:39:27.000Z","volume":5000,"label":" ","price":4.21},{"type":"A","date":"2018-03-23T01:39:30.000Z","volume":1000,"label":" ","price":4.22},{"type":"B","date":"2018-03-23T01:39:32.000Z","volume":93000,"label":" ","price":4.21},{"type":"B","date":"2018-03-23T01:39:34.000Z","volume":1000,"label":" ","price":4.21},{"type":"A","date":"2018-03-23T01:39:35.000Z","volume":10000,"label":" ","price":4.22},{"type":"A","date":"2018-03-23T01:39:36.000Z","volume":67000,"label":" ","price":4.22},{"type":"A","date":"2018-03-23T01:39:36.000Z","volume":50000,"label":" ","price":4.22},{"type":"A","date":"2018-03-23T01:39:37.000Z","volume":20000,"label":" ","price":4.22},{"type":"B","date":"2018-03-23T01:39:39.000Z","volume":23000,"label":" ","price":4.21},{"type":"A","date":"2018-03-23T01:39:40.000Z","volume":50000,"label":" ","price":4.22},{"type":"B","date":"2018-03-23T01:39:43.000Z","volume":2000,"label":" ","price":4.21},{"type":"A","date":"2018-03-23T01:39:43.000Z","volume":12000,"label":" ","price":4.22},{"type":"A","date":"2018-03-23T01:39:45.000Z","volume":10000,"label":" ","price":4.22},{"type":"B","date":"2018-03-23T01:39:46.000Z","volume":19000,"label":" ","price":4.21},{"type":"B","date":"2018-03-23T01:39:47.000Z","volume":100000,"label":" ","price":4.21},{"type":"B","date":"2018-03-23T01:39:47.000Z","volume":17000,"label":" ","price":4.21},{"type":"B","date":"2018-03-23T01:39:47.000Z","volume":3000,"label":" ","price":4.2},{"type":"B","date":"2018-03-23T01:39:47.000Z","volume":13000,"label":" ","price":4.2},{"type":"U","date":"2018-03-23T01:39:50.000Z","volume":1000,"label":" ","price":4.21},{"type":"U","date":"2018-03-23T01:39:50.000Z","volume":1000,"label":" ","price":4.21},{"type":"U","date":"2018-03-23T01:39:50.000Z","volume":16000,"label":" ","price":4.21},{"type":"B","date":"2018-03-23T01:39:50.000Z","volume":3000,"label":" ","price":4.2},{"type":"A","date":"2018-03-23T01:39:52.000Z","volume":1000,"label":" ","price":4.21},{"type":"B","date":"2018-03-23T01:39:55.000Z","volume":1000,"label":" ","price":4.2},{"type":"A","date":"2018-03-23T01:39:59.000Z","volume":1000,"label":"Y","price":4.21},{"type":"A","date":"2018-03-23T01:40:01.000Z","volume":1000,"label":"Y","price":4.21},{"type":"A","date":"2018-03-23T01:40:02.000Z","volume":10000,"label":" ","price":4.21},{"type":"B","date":"2018-03-23T01:40:03.000Z","volume":7000,"label":" ","price":4.2},{"type":"A","date":"2018-03-23T01:40:04.000Z","volume":1000,"label":" ","price":4.21},{"type":"A","date":"2018-03-23T01:40:04.000Z","volume":577000,"label":" ","price":4.21},{"type":"A","date":"2018-03-23T01:40:04.000Z","volume":17000,"label":" ","price":4.21},{"type":"A","date":"2018-03-23T01:40:05.000Z","volume":63000,"label":" ","price":4.22},{"type":"A","date":"2018-03-23T01:40:05.000Z","volume":1000,"label":" ","price":4.22},{"type":"B","date":"2018-03-23T01:40:05.000Z","volume":9000,"label":" ","price":4.21},{"type":"A","date":"2018-03-23T01:40:06.000Z","volume":1000,"label":" ","price":4.22},{"type":"A","date":"2018-03-23T01:40:12.000Z","volume":15000,"label":" ","price":4.22},{"type":"A","date":"2018-03-23T01:40:12.000Z","volume":10000,"label":" ","price":4.22},{"type":"B","date":"2018-03-23T01:40:12.000Z","volume":3000,"label":" ","price":4.21},{"type":"A","date":"2018-03-23T01:40:14.000Z","volume":10000,"label":" ","price":4.22},{"type":"B","date":"2018-03-23T01:40:14.000Z","volume":3000,"label":" ","price":4.21},{"type":"A","date":"2018-03-23T01:40:15.000Z","volume":60000,"label":" ","price":4.22},{"type":"B","date":"2018-03-23T01:40:15.000Z","volume":4000,"label":" ","price":4.21},{"type":"B","date":"2018-03-23T01:40:15.000Z","volume":3000,"label":" ","price":4.21},{"type":"B","date":"2018-03-23T01:40:16.000Z","volume":20000,"label":" ","price":4.21},{"type":"B","date":"2018-03-23T01:40:16.000Z","volume":3000,"label":" ","price":4.21},{"type":"B","date":"2018-03-23T01:40:16.000Z","volume":30000,"label":" ","price":4.21},{"type":"B","date":"2018-03-23T01:40:16.000Z","volume":4000,"label":" ","price":4.21},{"type":"A","date":"2018-03-23T01:40:17.000Z","volume":18000,"label":" ","price":4.22},{"type":"B","date":"2018-03-23T01:40:17.000Z","volume":1000,"label":" ","price":4.21},{"type":"B","date":"2018-03-23T01:40:19.000Z","volume":5000,"label":" ","price":4.21},{"type":"B","date":"2018-03-23T01:40:19.000Z","volume":3000,"label":" ","price":4.21},{"type":"A","date":"2018-03-23T01:40:19.000Z","volume":150000,"label":" ","price":4.22},{"type":"B","date":"2018-03-23T01:40:19.000Z","volume":3000,"label":" ","price":4.21},{"type":"B","date":"2018-03-23T01:40:19.000Z","volume":14000,"label":" ","price":4.21},{"type":"A","date":"2018-03-23T01:40:21.000Z","volume":19000,"label":" ","price":4.22},{"type":"B","date":"2018-03-23T01:40:21.000Z","volume":4000,"label":" ","price":4.21},{"type":"A","date":"2018-03-23T01:40:24.000Z","volume":30000,"label":" ","price":4.22},{"type":"B","date":"2018-03-23T01:40:24.000Z","volume":3000,"label":" ","price":4.21},{"type":"B","date":"2018-03-23T01:40:30.000Z","volume":2000,"label":" ","price":4.21},{"type":"A","date":"2018-03-23T01:40:33.000Z","volume":4000,"label":" ","price":4.22},{"type":"B","date":"2018-03-23T01:40:35.000Z","volume":768000,"label":" ","price":4.21},{"type":"B","date":"2018-03-23T01:40:35.000Z","volume":16000,"label":" ","price":4.21},{"type":"B","date":"2018-03-23T01:40:35.000Z","volume":1598000,"label":" ","price":4.21},{"type":"B","date":"2018-03-23T01:40:35.000Z","volume":2000,"label":" ","price":4.21},{"type":"B","date":"2018-03-23T01:40:35.000Z","volume":248000,"label":" ","price":4.21},{"type":"A","date":"2018-03-23T01:40:36.000Z","volume":10000,"label":" ","price":4.21},{"type":"B","date":"2018-03-23T01:40:47.000Z","volume":20000,"label":" ","price":4.2},{"type":"A","date":"2018-03-23T01:40:51.000Z","volume":852000,"label":" ","price":4.21},{"type":"A","date":"2018-03-23T01:40:51.000Z","volume":45000,"label":" ","price":4.21},{"type":"A","date":"2018-03-23T01:40:51.000Z","volume":129000,"label":" ","price":4.21},{"type":"A","date":"2018-03-23T01:40:51.000Z","volume":7000,"label":" ","price":4.21},{"type":"A","date":"2018-03-23T01:40:51.000Z","volume":4000,"label":" ","price":4.21},{"type":"A","date":"2018-03-23T01:40:56.000Z","volume":5000,"label":" ","price":4.21},{"type":"B","date":"2018-03-23T01:40:56.000Z","volume":6000,"label":" ","price":4.2},{"type":"A","date":"2018-03-23T01:40:59.000Z","volume":27000,"label":" ","price":4.21},{"type":"B","date":"2018-03-23T01:41:00.000Z","volume":14000,"label":" ","price":4.2},{"type":"B","date":"2018-03-23T01:41:01.000Z","volume":28000,"label":"Y","price":4.2},{"type":"B","date":"2018-03-23T01:41:01.000Z","volume":916000,"label":" ","price":4.2},{"type":"U","date":"2018-03-23T01:41:03.000Z","volume":200,"label":"D","price":4.17},{"type":"A","date":"2018-03-23T01:41:07.000Z","volume":42000,"label":" ","price":4.2},{"type":"A","date":"2018-03-23T01:41:09.000Z","volume":20000,"label":" ","price":4.2},{"type":"A","date":"2018-03-23T01:41:10.000Z","volume":10000,"label":" ","price":4.2},{"type":"A","date":"2018-03-23T01:41:14.000Z","volume":50000,"label":" ","price":4.2},{"type":"A","date":"2018-03-23T01:41:17.000Z","volume":25000,"label":" ","price":4.2},{"type":"B","date":"2018-03-23T01:41:20.000Z","volume":11000,"label":" ","price":4.19},{"type":"A","date":"2018-03-23T01:41:20.000Z","volume":20000,"label":" ","price":4.2},{"type":"B","date":"2018-03-23T01:41:23.000Z","volume":300000,"label":" ","price":4.19},{"type":"B","date":"2018-03-23T01:41:25.000Z","volume":3000,"label":" ","price":4.19},{"type":"A","date":"2018-03-23T01:41:26.000Z","volume":50000,"label":" ","price":4.2},{"type":"B","date":"2018-03-23T01:41:27.000Z","volume":680000,"label":" ","price":4.19},{"type":"B","date":"2018-03-23T01:41:27.000Z","volume":331000,"label":" ","price":4.19},{"type":"B","date":"2018-03-23T01:41:27.000Z","volume":939000,"label":" ","price":4.19},{"type":"A","date":"2018-03-23T01:41:33.000Z","volume":6000,"label":" ","price":4.2},{"type":"A","date":"2018-03-23T01:41:33.000Z","volume":100000,"label":" ","price":4.2},{"type":"A","date":"2018-03-23T01:41:37.000Z","volume":10000,"label":" ","price":4.2},{"type":"A","date":"2018-03-23T01:41:42.000Z","volume":300000,"label":" ","price":4.2},{"type":"U","date":"2018-03-23T01:41:43.000Z","volume":5000,"label":" ","price":4.19},{"type":"B","date":"2018-03-23T01:41:52.000Z","volume":3000,"label":" ","price":4.18},{"type":"B","date":"2018-03-23T01:41:53.000Z","volume":50000,"label":" ","price":4.18},{"type":"A","date":"2018-03-23T01:42:00.000Z","volume":60000,"label":" ","price":4.19},{"type":"B","date":"2018-03-23T01:42:00.000Z","volume":9000,"label":" ","price":4.18},{"type":"A","date":"2018-03-23T01:42:02.000Z","volume":10000,"label":" ","price":4.19},{"type":"B","date":"2018-03-23T01:42:02.000Z","volume":2600000,"label":" ","price":4.18},{"type":"B","date":"2018-03-23T01:42:02.000Z","volume":2454000,"label":" ","price":4.18},{"type":"A","date":"2018-03-23T01:42:05.000Z","volume":10000,"label":" ","price":4.19},{"type":"A","date":"2018-03-23T01:42:06.000Z","volume":20000,"label":" ","price":4.19},{"type":"A","date":"2018-03-23T01:42:07.000Z","volume":30000,"label":" ","price":4.19},{"type":"A","date":"2018-03-23T01:42:07.000Z","volume":3000,"label":" ","price":4.19},{"type":"A","date":"2018-03-23T01:42:07.000Z","volume":10000,"label":" ","price":4.19},{"type":"A","date":"2018-03-23T01:42:08.000Z","volume":60000,"label":" ","price":4.19},{"type":"A","date":"2018-03-23T01:42:08.000Z","volume":20000,"label":" ","price":4.19},{"type":"U","date":"2018-03-23T01:42:11.000Z","volume":2000,"label":" ","price":4.18},{"type":"U","date":"2018-03-23T01:42:11.000Z","volume":8000,"label":" ","price":4.18},{"type":"A","date":"2018-03-23T01:42:13.000Z","volume":10000,"label":" ","price":4.19},{"type":"B","date":"2018-03-23T01:42:16.000Z","volume":63000,"label":" ","price":4.18},{"type":"B","date":"2018-03-23T01:42:17.000Z","volume":1000,"label":" ","price":4.18},{"type":"B","date":"2018-03-23T01:42:18.000Z","volume":3000,"label":" ","price":4.18},{"type":"B","date":"2018-03-23T01:42:20.000Z","volume":3000,"label":" ","price":4.18},{"type":"B","date":"2018-03-23T01:42:24.000Z","volume":50000,"label":" ","price":4.18},{"type":"B","date":"2018-03-23T01:42:25.000Z","volume":17000,"label":" ","price":4.18},{"type":"B","date":"2018-03-23T01:42:28.000Z","volume":30000,"label":" ","price":4.18},{"type":"B","date":"2018-03-23T01:42:29.000Z","volume":10000,"label":" ","price":4.18},{"type":"A","date":"2018-03-23T01:42:30.000Z","volume":10000,"label":" ","price":4.19},{"type":"B","date":"2018-03-23T01:42:35.000Z","volume":60000,"label":" ","price":4.18},{"type":"A","date":"2018-03-23T01:42:38.000Z","volume":6000,"label":" ","price":4.19},{"type":"B","date":"2018-03-23T01:42:39.000Z","volume":10000,"label":" ","price":4.18},{"type":"B","date":"2018-03-23T01:42:42.000Z","volume":4000,"label":" ","price":4.18},{"type":"B","date":"2018-03-23T01:42:48.000Z","volume":6000,"label":"Y","price":4.18},{"type":"B","date":"2018-03-23T01:42:48.000Z","volume":94000,"label":" ","price":4.18},{"type":"A","date":"2018-03-23T01:42:48.000Z","volume":1000,"label":" ","price":4.19},{"type":"B","date":"2018-03-23T01:43:05.000Z","volume":1062000,"label":" ","price":4.18},{"type":"A","date":"2018-03-23T01:43:08.000Z","volume":10000,"label":" ","price":4.18},{"type":"B","date":"2018-03-23T01:43:13.000Z","volume":20000,"label":" ","price":4.17},{"type":"A","date":"2018-03-23T01:43:17.000Z","volume":320000,"label":" ","price":4.18},{"type":"A","date":"2018-03-23T01:43:19.000Z","volume":5000,"label":" ","price":4.18},{"type":"A","date":"2018-03-23T01:43:25.000Z","volume":1000,"label":" ","price":4.18},{"type":"B","date":"2018-03-23T01:43:27.000Z","volume":50000,"label":" ","price":4.17},{"type":"A","date":"2018-03-23T01:43:28.000Z","volume":30000,"label":" ","price":4.18},{"type":"A","date":"2018-03-23T01:43:35.000Z","volume":2000,"label":" ","price":4.18},{"type":"A","date":"2018-03-23T01:43:35.000Z","volume":36000,"label":" ","price":4.18},{"type":"B","date":"2018-03-23T01:43:36.000Z","volume":30000,"label":" ","price":4.17},{"type":"B","date":"2018-03-23T01:43:37.000Z","volume":1000,"label":" ","price":4.17},{"type":"A","date":"2018-03-23T01:43:38.000Z","volume":10000,"label":" ","price":4.18},{"type":"A","date":"2018-03-23T01:43:39.000Z","volume":20000,"label":" ","price":4.18},{"type":"A","date":"2018-03-23T01:43:40.000Z","volume":5000,"label":" ","price":4.18},{"type":"A","date":"2018-03-23T01:43:43.000Z","volume":50000,"label":" ","price":4.18},{"type":"A","date":"2018-03-23T01:43:49.000Z","volume":10000,"label":" ","price":4.18},{"type":"A","date":"2018-03-23T01:43:50.000Z","volume":10000,"label":" ","price":4.18},{"type":"A","date":"2018-03-23T01:43:53.000Z","volume":20000,"label":" ","price":4.18},{"type":"A","date":"2018-03-23T01:43:54.000Z","volume":5000,"label":" ","price":4.18},{"type":"A","date":"2018-03-23T01:44:00.000Z","volume":44000,"label":" ","price":4.18},{"type":"A","date":"2018-03-23T01:44:02.000Z","volume":4000,"label":" ","price":4.18},{"type":"A","date":"2018-03-23T01:44:07.000Z","volume":500000,"label":" ","price":4.18},{"type":"A","date":"2018-03-23T01:44:07.000Z","volume":335000,"label":" ","price":4.18},{"type":"A","date":"2018-03-23T01:44:07.000Z","volume":200000,"label":" ","price":4.18},{"type":"A","date":"2018-03-23T01:44:14.000Z","volume":32000,"label":" ","price":4.19},{"type":"A","date":"2018-03-23T01:44:19.000Z","volume":50000,"label":" ","price":4.19},{"type":"B","date":"2018-03-23T01:44:20.000Z","volume":7000,"label":" ","price":4.18},{"type":"A","date":"2018-03-23T01:44:22.000Z","volume":1000,"label":" ","price":4.19},{"type":"A","date":"2018-03-23T01:44:27.000Z","volume":30000,"label":" ","price":4.19},{"type":"A","date":"2018-03-23T01:44:31.000Z","volume":1000,"label":" ","price":4.19},{"type":"B","date":"2018-03-23T01:44:32.000Z","volume":3000,"label":" ","price":4.18},{"type":"B","date":"2018-03-23T01:44:34.000Z","volume":341000,"label":" ","price":4.18},{"type":"B","date":"2018-03-23T01:44:34.000Z","volume":317000,"label":" ","price":4.18},{"type":"B","date":"2018-03-23T01:44:34.000Z","volume":2000,"label":" ","price":4.18},{"type":"A","date":"2018-03-23T01:44:35.000Z","volume":6000,"label":" ","price":4.18},{"type":"A","date":"2018-03-23T01:44:37.000Z","volume":20000,"label":" ","price":4.18},{"type":"A","date":"2018-03-23T01:44:42.000Z","volume":27000,"label":" ","price":4.18},{"type":"A","date":"2018-03-23T01:44:43.000Z","volume":10000,"label":" ","price":4.18},{"type":"U","date":"2018-03-23T01:44:44.000Z","volume":84000,"label":" ","price":4.18},{"type":"U","date":"2018-03-23T01:44:52.000Z","volume":4000,"label":" ","price":4.18},{"type":"B","date":"2018-03-23T01:44:53.000Z","volume":8000,"label":" ","price":4.18},{"type":"B","date":"2018-03-23T01:44:59.000Z","volume":45000,"label":" ","price":4.18},{"type":"B","date":"2018-03-23T01:44:59.000Z","volume":16000,"label":" ","price":4.18},{"type":"B","date":"2018-03-23T01:44:59.000Z","volume":2000,"label":" ","price":4.18},{"type":"A","date":"2018-03-23T01:45:06.000Z","volume":20000,"label":" ","price":4.18},{"type":"A","date":"2018-03-23T01:45:36.000Z","volume":3000,"label":" ","price":4.18},{"type":"A","date":"2018-03-23T01:45:37.000Z","volume":150000,"label":" ","price":4.18},{"type":"A","date":"2018-03-23T01:45:37.000Z","volume":1000,"label":" ","price":4.18},{"type":"B","date":"2018-03-23T01:45:41.000Z","volume":4000,"label":" ","price":4.17},{"type":"A","date":"2018-03-23T01:45:41.000Z","volume":100000,"label":" ","price":4.18},{"type":"B","date":"2018-03-23T01:45:42.000Z","volume":100000,"label":" ","price":4.17},{"type":"A","date":"2018-03-23T01:45:42.000Z","volume":30000,"label":" ","price":4.18},{"type":"A","date":"2018-03-23T01:45:45.000Z","volume":43000,"label":" ","price":4.18},{"type":"A","date":"2018-03-23T01:45:46.000Z","volume":6000,"label":" ","price":4.18},{"type":"A","date":"2018-03-23T01:45:47.000Z","volume":130000,"label":" ","price":4.18},{"type":"U","date":"2018-03-23T01:45:48.000Z","volume":1000,"label":" ","price":4.18},{"type":"U","date":"2018-03-23T01:45:48.000Z","volume":2000,"label":" ","price":4.18},{"type":"B","date":"2018-03-23T01:45:49.000Z","volume":99000,"label":" ","price":4.18},{"type":"B","date":"2018-03-23T01:45:49.000Z","volume":4000,"label":" ","price":4.18},{"type":"B","date":"2018-03-23T01:45:49.000Z","volume":5000,"label":" ","price":4.18},{"type":"B","date":"2018-03-23T01:45:50.000Z","volume":54000,"label":" ","price":4.18},{"type":"B","date":"2018-03-23T01:45:50.000Z","volume":4000,"label":" ","price":4.18},{"type":"B","date":"2018-03-23T01:45:50.000Z","volume":4000,"label":" ","price":4.18},{"type":"A","date":"2018-03-23T01:45:52.000Z","volume":9000,"label":" ","price":4.18},{"type":"A","date":"2018-03-23T01:45:54.000Z","volume":3000,"label":" ","price":4.18},{"type":"A","date":"2018-03-23T01:45:57.000Z","volume":30000,"label":" ","price":4.18},{"type":"A","date":"2018-03-23T01:46:01.000Z","volume":30000,"label":" ","price":4.18},{"type":"B","date":"2018-03-23T01:46:03.000Z","volume":20000,"label":" ","price":4.17},{"type":"A","date":"2018-03-23T01:46:04.000Z","volume":51000,"label":" ","price":4.18},{"type":"U","date":"2018-03-23T01:46:06.000Z","volume":24000,"label":" ","price":4.18},{"type":"U","date":"2018-03-23T01:46:06.000Z","volume":19000,"label":"X","price":4.18},{"type":"A","date":"2018-03-23T01:46:06.000Z","volume":10000,"label":" ","price":4.18},{"type":"A","date":"2018-03-23T01:46:06.000Z","volume":12000,"label":" ","price":4.18},{"type":"A","date":"2018-03-23T01:46:06.000Z","volume":6000,"label":" ","price":4.18},{"type":"U","date":"2018-03-23T01:46:08.000Z","volume":10000,"label":" ","price":4.18},{"type":"U","date":"2018-03-23T01:46:08.000Z","volume":2000,"label":" ","price":4.18},{"type":"A","date":"2018-03-23T01:46:10.000Z","volume":9000,"label":" ","price":4.18},{"type":"A","date":"2018-03-23T01:46:11.000Z","volume":29000,"label":" ","price":4.19},{"type":"B","date":"2018-03-23T01:46:15.000Z","volume":6000,"label":" ","price":4.18},{"type":"B","date":"2018-03-23T01:46:16.000Z","volume":80000,"label":" ","price":4.18},{"type":"B","date":"2018-03-23T01:46:18.000Z","volume":30000,"label":" ","price":4.18},{"type":"B","date":"2018-03-23T01:46:25.000Z","volume":20000,"label":" ","price":4.18},{"type":"B","date":"2018-03-23T01:46:29.000Z","volume":30000,"label":" ","price":4.18},{"type":"A","date":"2018-03-23T01:46:29.000Z","volume":100000,"label":" ","price":4.19},{"type":"B","date":"2018-03-23T01:46:29.000Z","volume":40000,"label":" ","price":4.18},{"type":"A","date":"2018-03-23T01:46:30.000Z","volume":33000,"label":" ","price":4.19},{"type":"B","date":"2018-03-23T01:46:32.000Z","volume":50000,"label":" ","price":4.18},{"type":"B","date":"2018-03-23T01:46:34.000Z","volume":5000,"label":" ","price":4.18},{"type":"B","date":"2018-03-23T01:46:42.000Z","volume":291000,"label":" ","price":4.18},{"type":"A","date":"2018-03-23T01:50:42.000Z","volume":110000,"label":" ","price":4.19},{"type":"A","date":"2018-03-23T01:50:57.000Z","volume":35000,"label":" ","price":4.19},{"type":"U","date":"2018-03-23T01:51:04.000Z","volume":300,"label":"D","price":4.14},{"type":"A","date":"2018-03-23T01:51:08.000Z","volume":100000,"label":" ","price":4.19},{"type":"A","date":"2018-03-23T01:51:10.000Z","volume":8000,"label":" ","price":4.19},{"type":"A","date":"2018-03-23T01:51:14.000Z","volume":30000,"label":" ","price":4.19},{"type":"A","date":"2018-03-23T01:51:15.000Z","volume":32000,"label":" ","price":4.19},{"type":"A","date":"2018-03-23T01:51:18.000Z","volume":5000,"label":" ","price":4.19},{"type":"A","date":"2018-03-23T01:51:18.000Z","volume":3000,"label":" ","price":4.19},{"type":"A","date":"2018-03-23T01:51:20.000Z","volume":30000,"label":" ","price":4.19},{"type":"A","date":"2018-03-23T01:51:22.000Z","volume":167000,"label":" ","price":4.19},{"type":"A","date":"2018-03-23T01:51:23.000Z","volume":51000,"label":" ","price":4.19},{"type":"U","date":"2018-03-23T01:51:24.000Z","volume":12000,"label":" ","price":4.19},{"type":"A","date":"2018-03-23T01:51:24.000Z","volume":12000,"label":" ","price":4.19},{"type":"B","date":"2018-03-23T01:51:28.000Z","volume":1000,"label":" ","price":4.19},{"type":"A","date":"2018-03-23T01:51:30.000Z","volume":27000,"label":" ","price":4.2},{"type":"B","date":"2018-03-23T01:51:35.000Z","volume":1000,"label":" ","price":4.19},{"type":"A","date":"2018-03-23T01:51:40.000Z","volume":1000000,"label":" ","price":4.2},{"type":"A","date":"2018-03-23T01:51:45.000Z","volume":27000,"label":" ","price":4.2},{"type":"B","date":"2018-03-23T01:51:45.000Z","volume":20000,"label":" ","price":4.19},{"type":"B","date":"2018-03-23T01:51:52.000Z","volume":30000,"label":" ","price":4.19},{"type":"B","date":"2018-03-23T01:51:53.000Z","volume":570000,"label":" ","price":4.19},{"type":"A","date":"2018-03-23T01:51:53.000Z","volume":278000,"label":" ","price":4.19},{"type":"A","date":"2018-03-23T01:51:53.000Z","volume":167000,"label":" ","price":4.19},{"type":"A","date":"2018-03-23T01:51:53.000Z","volume":87000,"label":" ","price":4.19},{"type":"B","date":"2018-03-23T01:52:25.000Z","volume":54000,"label":" ","price":4.18},{"type":"A","date":"2018-03-23T01:52:26.000Z","volume":20000,"label":" ","price":4.19},{"type":"A","date":"2018-03-23T01:52:30.000Z","volume":20000,"label":" ","price":4.19},{"type":"A","date":"2018-03-23T01:52:30.000Z","volume":27000,"label":" ","price":4.19},{"type":"B","date":"2018-03-23T01:52:45.000Z","volume":11000,"label":" ","price":4.18},{"type":"A","date":"2018-03-23T01:52:48.000Z","volume":28000,"label":" ","price":4.19},{"type":"A","date":"2018-03-23T01:52:48.000Z","volume":30000,"label":" ","price":4.19},{"type":"A","date":"2018-03-23T01:52:54.000Z","volume":1000,"label":" ","price":4.19},{"type":"A","date":"2018-03-23T01:53:07.000Z","volume":44000,"label":" ","price":4.19},{"type":"U","date":"2018-03-23T01:53:10.000Z","volume":1000,"label":"X","price":4.185},{"type":"A","date":"2018-03-23T01:53:15.000Z","volume":268000,"label":" ","price":4.19},{"type":"A","date":"2018-03-23T01:53:16.000Z","volume":10000,"label":" ","price":4.19},{"type":"A","date":"2018-03-23T01:53:20.000Z","volume":29000,"label":" ","price":4.19},{"type":"B","date":"2018-03-23T01:53:26.000Z","volume":20000,"label":"Y","price":4.18},{"type":"B","date":"2018-03-23T01:53:26.000Z","volume":180000,"label":" ","price":4.18},{"type":"B","date":"2018-03-23T01:53:34.000Z","volume":50000,"label":" ","price":4.18},{"type":"A","date":"2018-03-23T01:53:39.000Z","volume":10000,"label":" ","price":4.19},{"type":"A","date":"2018-03-23T01:53:42.000Z","volume":30000,"label":" ","price":4.19},{"type":"A","date":"2018-03-23T01:53:42.000Z","volume":11000,"label":" ","price":4.19},{"type":"A","date":"2018-03-23T01:53:44.000Z","volume":10000,"label":" ","price":4.19},{"type":"B","date":"2018-03-23T01:53:46.000Z","volume":10000,"label":" ","price":4.18},{"type":"A","date":"2018-03-23T01:53:56.000Z","volume":20000,"label":" ","price":4.19},{"type":"A","date":"2018-03-23T01:53:59.000Z","volume":3000,"label":" ","price":4.19},{"type":"A","date":"2018-03-23T01:53:59.000Z","volume":35000,"label":" ","price":4.19},{"type":"A","date":"2018-03-23T01:53:59.000Z","volume":10000,"label":" ","price":4.19},{"type":"A","date":"2018-03-23T01:53:59.000Z","volume":349000,"label":" ","price":4.19},{"type":"A","date":"2018-03-23T01:53:59.000Z","volume":1245000,"label":" ","price":4.19},{"type":"B","date":"2018-03-23T01:54:00.000Z","volume":10000,"label":" ","price":4.19},{"type":"B","date":"2018-03-23T01:54:05.000Z","volume":15000,"label":" ","price":4.19},{"type":"A","date":"2018-03-23T01:54:12.000Z","volume":10000,"label":" ","price":4.2},{"type":"B","date":"2018-03-23T01:54:13.000Z","volume":270000,"label":" ","price":4.19},{"type":"B","date":"2018-03-23T01:54:13.000Z","volume":118000,"label":" ","price":4.19},{"type":"A","date":"2018-03-23T01:54:17.000Z","volume":10000,"label":" ","price":4.2},{"type":"A","date":"2018-03-23T01:54:21.000Z","volume":10000,"label":" ","price":4.2},{"type":"B","date":"2018-03-23T01:54:26.000Z","volume":104000,"label":" ","price":4.19},{"type":"A","date":"2018-03-23T01:54:31.000Z","volume":5000,"label":" ","price":4.19},{"type":"A","date":"2018-03-23T01:54:33.000Z","volume":10000,"label":" ","price":4.19},{"type":"A","date":"2018-03-23T01:54:35.000Z","volume":20000,"label":" ","price":4.19},{"type":"A","date":"2018-03-23T01:54:40.000Z","volume":20000,"label":" ","price":4.19},{"type":"A","date":"2018-03-23T01:54:41.000Z","volume":137000,"label":" ","price":4.19},{"type":"A","date":"2018-03-23T01:54:41.000Z","volume":250000,"label":" ","price":4.19},{"type":"A","date":"2018-03-23T01:54:42.000Z","volume":137000,"label":" ","price":4.19},{"type":"A","date":"2018-03-23T01:54:42.000Z","volume":22000,"label":"Y","price":4.19},{"type":"A","date":"2018-03-23T01:54:42.000Z","volume":50000,"label":" ","price":4.19},{"type":"A","date":"2018-03-23T01:54:52.000Z","volume":10000,"label":" ","price":4.2},{"type":"A","date":"2018-03-23T01:54:56.000Z","volume":24000,"label":" ","price":4.2},{"type":"A","date":"2018-03-23T01:54:57.000Z","volume":20000,"label":" ","price":4.2},{"type":"B","date":"2018-03-23T01:54:57.000Z","volume":75000,"label":" ","price":4.19},{"type":"B","date":"2018-03-23T01:54:57.000Z","volume":10000,"label":" ","price":4.19},{"type":"B","date":"2018-03-23T01:55:01.000Z","volume":10000,"label":" ","price":4.19},{"type":"B","date":"2018-03-23T01:55:06.000Z","volume":10000,"label":" ","price":4.19},{"type":"B","date":"2018-03-23T01:55:08.000Z","volume":2000,"label":" ","price":4.19},{"type":"A","date":"2018-03-23T01:55:12.000Z","volume":28000,"label":" ","price":4.2},{"type":"B","date":"2018-03-23T01:55:21.000Z","volume":28000,"label":"Y","price":4.19},{"type":"B","date":"2018-03-23T01:55:21.000Z","volume":797000,"label":" ","price":4.19},{"type":"A","date":"2018-03-23T01:55:22.000Z","volume":1000,"label":" ","price":4.19},{"type":"A","date":"2018-03-23T01:55:23.000Z","volume":10000,"label":" ","price":4.19},{"type":"B","date":"2018-03-23T01:55:27.000Z","volume":10000,"label":" ","price":4.18},{"type":"B","date":"2018-03-23T01:55:29.000Z","volume":100000,"label":" ","price":4.18},{"type":"A","date":"2018-03-23T01:55:30.000Z","volume":28000,"label":" ","price":4.19},{"type":"A","date":"2018-03-23T01:55:33.000Z","volume":1000,"label":" ","price":4.19},{"type":"A","date":"2018-03-23T01:55:35.000Z","volume":10000,"label":" ","price":4.19},{"type":"A","date":"2018-03-23T01:55:39.000Z","volume":20000,"label":" ","price":4.19},{"type":"A","date":"2018-03-23T01:55:42.000Z","volume":50000,"label":" ","price":4.19},{"type":"A","date":"2018-03-23T01:55:46.000Z","volume":10000,"label":" ","price":4.19},{"type":"A","date":"2018-03-23T01:55:48.000Z","volume":27000,"label":" ","price":4.19},{"type":"A","date":"2018-03-23T01:55:49.000Z","volume":1000,"label":" ","price":4.19},{"type":"A","date":"2018-03-23T01:55:50.000Z","volume":181000,"label":" ","price":4.19},{"type":"A","date":"2018-03-23T01:55:59.000Z","volume":3000,"label":" ","price":4.2},{"type":"A","date":"2018-03-23T01:56:00.000Z","volume":27000,"label":" ","price":4.2},{"type":"A","date":"2018-03-23T01:56:06.000Z","volume":6000,"label":" ","price":4.2},{"type":"B","date":"2018-03-23T01:56:09.000Z","volume":20000,"label":" ","price":4.19},{"type":"B","date":"2018-03-23T01:56:10.000Z","volume":100000,"label":" ","price":4.19},{"type":"A","date":"2018-03-23T01:56:12.000Z","volume":27000,"label":" ","price":4.2},{"type":"B","date":"2018-03-23T01:56:13.000Z","volume":50000,"label":" ","price":4.19},{"type":"U","date":"2018-03-23T01:56:20.000Z","volume":1000,"label":"X","price":4.195},{"type":"B","date":"2018-03-23T01:56:21.000Z","volume":10000,"label":" ","price":4.19},{"type":"B","date":"2018-03-23T01:56:21.000Z","volume":215000,"label":" ","price":4.19},{"type":"A","date":"2018-03-23T01:56:24.000Z","volume":27000,"label":" ","price":4.2},{"type":"A","date":"2018-03-23T01:56:27.000Z","volume":20000,"label":" ","price":4.2},{"type":"A","date":"2018-03-23T01:56:36.000Z","volume":27000,"label":" ","price":4.2},{"type":"A","date":"2018-03-23T01:56:42.000Z","volume":20000,"label":" ","price":4.2},{"type":"A","date":"2018-03-23T01:56:48.000Z","volume":27000,"label":" ","price":4.2},{"type":"A","date":"2018-03-23T01:56:48.000Z","volume":1000,"label":" ","price":4.2},{"type":"A","date":"2018-03-23T01:56:48.000Z","volume":20000,"label":"Y","price":4.2},{"type":"A","date":"2018-03-23T01:56:48.000Z","volume":80000,"label":" ","price":4.2},{"type":"A","date":"2018-03-23T01:56:52.000Z","volume":10000,"label":" ","price":4.2},{"type":"A","date":"2018-03-23T01:56:58.000Z","volume":50000,"label":" ","price":4.2},{"type":"B","date":"2018-03-23T01:56:59.000Z","volume":1000,"label":" ","price":4.19},{"type":"A","date":"2018-03-23T01:57:00.000Z","volume":27000,"label":" ","price":4.2},{"type":"B","date":"2018-03-23T01:57:01.000Z","volume":500000,"label":" ","price":4.19},{"type":"B","date":"2018-03-23T01:57:01.000Z","volume":684000,"label":" ","price":4.19},{"type":"B","date":"2018-03-23T01:57:01.000Z","volume":11000,"label":" ","price":4.19},{"type":"B","date":"2018-03-23T01:57:01.000Z","volume":103000,"label":" ","price":4.19},{"type":"B","date":"2018-03-23T01:57:04.000Z","volume":227000,"label":" ","price":4.19},{"type":"B","date":"2018-03-23T01:57:04.000Z","volume":29000,"label":" ","price":4.19},{"type":"A","date":"2018-03-23T01:57:07.000Z","volume":40000,"label":" ","price":4.19},{"type":"A","date":"2018-03-23T01:57:07.000Z","volume":10000,"label":" ","price":4.19},{"type":"A","date":"2018-03-23T01:57:12.000Z","volume":1812000,"label":" ","price":4.19},{"type":"B","date":"2018-03-23T01:57:20.000Z","volume":15000,"label":" ","price":4.19},{"type":"B","date":"2018-03-23T01:57:25.000Z","volume":34000,"label":" ","price":4.19},{"type":"B","date":"2018-03-23T01:57:31.000Z","volume":10000,"label":" ","price":4.19},{"type":"A","date":"2018-03-23T01:57:32.000Z","volume":17000,"label":"Y","price":4.2},{"type":"A","date":"2018-03-23T01:57:32.000Z","volume":43000,"label":" ","price":4.2},{"type":"A","date":"2018-03-23T01:57:32.000Z","volume":50000,"label":" ","price":4.2},{"type":"A","date":"2018-03-23T01:57:32.000Z","volume":3000,"label":" ","price":4.2},{"type":"A","date":"2018-03-23T01:57:38.000Z","volume":20000,"label":" ","price":4.2},{"type":"A","date":"2018-03-23T01:57:45.000Z","volume":28000,"label":" ","price":4.2},{"type":"A","date":"2018-03-23T01:57:45.000Z","volume":16000,"label":" ","price":4.2},{"type":"A","date":"2018-03-23T01:57:53.000Z","volume":5000,"label":" ","price":4.2},{"type":"A","date":"2018-03-23T01:57:53.000Z","volume":2000,"label":" ","price":4.2},{"type":"A","date":"2018-03-23T01:57:54.000Z","volume":10000,"label":" ","price":4.2},{"type":"B","date":"2018-03-23T01:57:58.000Z","volume":200000,"label":" ","price":4.19},{"type":"A","date":"2018-03-23T01:58:12.000Z","volume":32000,"label":" ","price":4.2},{"type":"B","date":"2018-03-23T01:58:13.000Z","volume":15000,"label":" ","price":4.19},{"type":"A","date":"2018-03-23T01:58:15.000Z","volume":500000,"label":" ","price":4.2},{"type":"A","date":"2018-03-23T01:58:16.000Z","volume":31000,"label":" ","price":4.2},{"type":"A","date":"2018-03-23T01:58:21.000Z","volume":10000,"label":" ","price":4.2},{"type":"U","date":"2018-03-23T01:58:23.000Z","volume":1000,"label":"X","price":4.195},{"type":"B","date":"2018-03-23T01:58:31.000Z","volume":500000,"label":" ","price":4.19},{"type":"B","date":"2018-03-23T01:58:31.000Z","volume":500000,"label":" ","price":4.19},{"type":"B","date":"2018-03-23T01:58:31.000Z","volume":181000,"label":" ","price":4.19},{"type":"B","date":"2018-03-23T01:58:31.000Z","volume":2000,"label":" ","price":4.19},{"type":"B","date":"2018-03-23T01:58:35.000Z","volume":1000,"label":" ","price":4.19},{"type":"A","date":"2018-03-23T01:58:36.000Z","volume":10000,"label":" ","price":4.2},{"type":"B","date":"2018-03-23T01:58:38.000Z","volume":23000,"label":" ","price":4.19},{"type":"U","date":"2018-03-23T01:58:38.000Z","volume":1000,"label":"X","price":4.195},{"type":"B","date":"2018-03-23T01:58:39.000Z","volume":1000,"label":" ","price":4.19},{"type":"B","date":"2018-03-23T01:58:42.000Z","volume":100000,"label":" ","price":4.19},{"type":"U","date":"2018-03-23T01:58:45.000Z","volume":10000,"label":" ","price":4.19},{"type":"U","date":"2018-03-23T01:58:45.000Z","volume":4000,"label":" ","price":4.19},{"type":"A","date":"2018-03-23T01:58:48.000Z","volume":20000,"label":" ","price":4.2},{"type":"B","date":"2018-03-23T01:58:48.000Z","volume":3000,"label":" ","price":4.18},{"type":"B","date":"2018-03-23T01:58:49.000Z","volume":1000,"label":" ","price":4.18},{"type":"A","date":"2018-03-23T01:58:55.000Z","volume":10000,"label":" ","price":4.19},{"type":"B","date":"2018-03-23T01:58:55.000Z","volume":2000,"label":" ","price":4.18},{"type":"A","date":"2018-03-23T01:59:03.000Z","volume":10000,"label":" ","price":4.19},{"type":"B","date":"2018-03-23T01:59:03.000Z","volume":2000,"label":" ","price":4.18},{"type":"A","date":"2018-03-23T01:59:06.000Z","volume":175000,"label":" ","price":4.19},{"type":"A","date":"2018-03-23T01:59:06.000Z","volume":460000,"label":" ","price":4.19},{"type":"A","date":"2018-03-23T01:59:06.000Z","volume":134000,"label":" ","price":4.19},{"type":"A","date":"2018-03-23T01:59:08.000Z","volume":41000,"label":" ","price":4.2},{"type":"B","date":"2018-03-23T01:59:08.000Z","volume":282000,"label":" ","price":4.19},{"type":"A","date":"2018-03-23T01:59:12.000Z","volume":100000,"label":" ","price":4.19},{"type":"A","date":"2018-03-23T01:59:15.000Z","volume":10000,"label":" ","price":4.19},{"type":"A","date":"2018-03-23T01:59:16.000Z","volume":10000,"label":" ","price":4.19},{"type":"A","date":"2018-03-23T01:59:17.000Z","volume":1000,"label":" ","price":4.19},{"type":"A","date":"2018-03-23T01:59:20.000Z","volume":236000,"label":" ","price":4.19},{"type":"A","date":"2018-03-23T01:59:20.000Z","volume":69000,"label":" ","price":4.19},{"type":"A","date":"2018-03-23T01:59:20.000Z","volume":49000,"label":" ","price":4.19},{"type":"A","date":"2018-03-23T01:59:20.000Z","volume":48000,"label":" ","price":4.19},{"type":"U","date":"2018-03-23T01:59:20.000Z","volume":2000,"label":" ","price":4.19},{"type":"U","date":"2018-03-23T01:59:20.000Z","volume":2000,"label":" ","price":4.19},{"type":"A","date":"2018-03-23T01:59:25.000Z","volume":19000,"label":" ","price":4.2},{"type":"A","date":"2018-03-23T01:59:31.000Z","volume":94000,"label":" ","price":4.2},{"type":"U","date":"2018-03-23T01:59:44.000Z","volume":20,"label":"D","price":4.16},{"type":"B","date":"2018-03-23T01:59:49.000Z","volume":107000,"label":" ","price":4.19},{"type":"U","date":"2018-03-23T01:59:50.000Z","volume":27000,"label":" ","price":4.19},{"type":"B","date":"2018-03-23T01:59:51.000Z","volume":22000,"label":" ","price":4.19},{"type":"U","date":"2018-03-23T01:59:52.000Z","volume":58000,"label":" ","price":4.19},{"type":"B","date":"2018-03-23T02:00:06.000Z","volume":295000,"label":" ","price":4.18},{"type":"A","date":"2018-03-23T02:00:08.000Z","volume":2000,"label":" ","price":4.19},{"type":"B","date":"2018-03-23T02:00:16.000Z","volume":50000,"label":" ","price":4.18},{"type":"B","date":"2018-03-23T02:00:16.000Z","volume":11000,"label":" ","price":4.18},{"type":"A","date":"2018-03-23T02:00:18.000Z","volume":5000,"label":" ","price":4.19},{"type":"B","date":"2018-03-23T02:00:18.000Z","volume":2000,"label":" ","price":4.18},{"type":"A","date":"2018-03-23T02:00:26.000Z","volume":1000,"label":" ","price":4.19},{"type":"A","date":"2018-03-23T02:00:30.000Z","volume":15000,"label":" ","price":4.19},{"type":"B","date":"2018-03-23T02:00:30.000Z","volume":3000,"label":" ","price":4.18},{"type":"A","date":"2018-03-23T02:00:32.000Z","volume":80000,"label":" ","price":4.19},{"type":"B","date":"2018-03-23T02:00:32.000Z","volume":16000,"label":" ","price":4.18},{"type":"B","date":"2018-03-23T02:00:32.000Z","volume":1000,"label":" ","price":4.18},{"type":"B","date":"2018-03-23T02:00:33.000Z","volume":10000,"label":" ","price":4.18},{"type":"B","date":"2018-03-23T02:00:33.000Z","volume":2000,"label":" ","price":4.18},{"type":"B","date":"2018-03-23T02:00:43.000Z","volume":10000,"label":"Y","price":4.18},{"type":"B","date":"2018-03-23T02:00:43.000Z","volume":2000,"label":" ","price":4.18},{"type":"A","date":"2018-03-23T02:00:45.000Z","volume":50000,"label":" ","price":4.19},{"type":"A","date":"2018-03-23T02:00:48.000Z","volume":10000,"label":" ","price":4.19},{"type":"U","date":"2018-03-23T02:00:51.000Z","volume":1000,"label":"X","price":4.185},{"type":"A","date":"2018-03-23T02:00:52.000Z","volume":9000,"label":" ","price":4.19},{"type":"A","date":"2018-03-23T02:00:57.000Z","volume":4000,"label":" ","price":4.19},{"type":"B","date":"2018-03-23T02:01:10.000Z","volume":10000,"label":" ","price":4.18},{"type":"A","date":"2018-03-23T02:01:12.000Z","volume":5000,"label":" ","price":4.19},{"type":"A","date":"2018-03-23T02:01:14.000Z","volume":100000,"label":" ","price":4.19},{"type":"B","date":"2018-03-23T02:01:19.000Z","volume":20000,"label":" ","price":4.18},{"type":"A","date":"2018-03-23T02:01:25.000Z","volume":5000,"label":" ","price":4.19},{"type":"A","date":"2018-03-23T02:01:26.000Z","volume":2000,"label":" ","price":4.19},{"type":"A","date":"2018-03-23T02:01:35.000Z","volume":10000,"label":" ","price":4.19},{"type":"A","date":"2018-03-23T02:01:37.000Z","volume":20000,"label":" ","price":4.19},{"type":"A","date":"2018-03-23T02:01:37.000Z","volume":10000,"label":" ","price":4.19},{"type":"B","date":"2018-03-23T02:01:45.000Z","volume":142000,"label":"Y","price":4.18},{"type":"B","date":"2018-03-23T02:01:45.000Z","volume":58000,"label":" ","price":4.18},{"type":"A","date":"2018-03-23T02:01:45.000Z","volume":10000,"label":" ","price":4.19},{"type":"B","date":"2018-03-23T02:01:45.000Z","volume":30000,"label":" ","price":4.18},{"type":"B","date":"2018-03-23T02:01:46.000Z","volume":70000,"label":" ","price":4.18},{"type":"U","date":"2018-03-23T02:01:48.000Z","volume":1000,"label":"X","price":4.185},{"type":"A","date":"2018-03-23T02:01:57.000Z","volume":20000,"label":" ","price":4.19},{"type":"B","date":"2018-03-23T02:01:58.000Z","volume":100000,"label":"Y","price":4.18},{"type":"A","date":"2018-03-23T02:02:02.000Z","volume":10000,"label":" ","price":4.19},{"type":"A","date":"2018-03-23T02:02:07.000Z","volume":10000,"label":" ","price":4.19},{"type":"A","date":"2018-03-23T02:02:22.000Z","volume":10000,"label":" ","price":4.19},{"type":"U","date":"2018-03-23T02:02:25.000Z","volume":1000,"label":"X","price":4.185},{"type":"A","date":"2018-03-23T02:02:28.000Z","volume":5000,"label":" ","price":4.19},{"type":"A","date":"2018-03-23T02:02:29.000Z","volume":10000,"label":" ","price":4.19},{"type":"B","date":"2018-03-23T02:02:33.000Z","volume":158000,"label":"Y","price":4.18},{"type":"B","date":"2018-03-23T02:02:33.000Z","volume":142000,"label":" ","price":4.18},{"type":"A","date":"2018-03-23T02:02:33.000Z","volume":10000,"label":" ","price":4.19},{"type":"B","date":"2018-03-23T02:02:33.000Z","volume":39000,"label":" ","price":4.18},{"type":"B","date":"2018-03-23T02:02:33.000Z","volume":1000,"label":" ","price":4.18},{"type":"U","date":"2018-03-23T02:02:34.000Z","volume":1000,"label":"X","price":4.185},{"type":"B","date":"2018-03-23T02:02:36.000Z","volume":6000,"label":" ","price":4.18},{"type":"A","date":"2018-03-23T02:02:36.000Z","volume":10000,"label":" ","price":4.19},{"type":"B","date":"2018-03-23T02:02:36.000Z","volume":4000,"label":" ","price":4.18},{"type":"A","date":"2018-03-23T02:02:39.000Z","volume":10000,"label":" ","price":4.19},{"type":"B","date":"2018-03-23T02:02:39.000Z","volume":2000,"label":" ","price":4.18},{"type":"A","date":"2018-03-23T02:02:41.000Z","volume":10000,"label":" ","price":4.19},{"type":"B","date":"2018-03-23T02:02:41.000Z","volume":2000,"label":" ","price":4.18},{"type":"A","date":"2018-03-23T02:02:42.000Z","volume":10000,"label":" ","price":4.19},{"type":"A","date":"2018-03-23T02:02:42.000Z","volume":90000,"label":" ","price":4.19},{"type":"B","date":"2018-03-23T02:02:42.000Z","volume":22000,"label":" ","price":4.18},{"type":"B","date":"2018-03-23T02:02:42.000Z","volume":1000,"label":" ","price":4.18},{"type":"B","date":"2018-03-23T02:02:47.000Z","volume":4000,"label":" ","price":4.18},{"type":"B","date":"2018-03-23T02:02:47.000Z","volume":1000,"label":" ","price":4.18},{"type":"A","date":"2018-03-23T02:02:50.000Z","volume":13000,"label":" ","price":4.19},{"type":"B","date":"2018-03-23T02:02:51.000Z","volume":2000,"label":" ","price":4.18},{"type":"A","date":"2018-03-23T02:02:56.000Z","volume":10000,"label":" ","price":4.19},{"type":"B","date":"2018-03-23T02:02:56.000Z","volume":3000,"label":" ","price":4.18},{"type":"A","date":"2018-03-23T02:02:57.000Z","volume":10000,"label":" ","price":4.19},{"type":"B","date":"2018-03-23T02:02:57.000Z","volume":2000,"label":" ","price":4.18},{"type":"A","date":"2018-03-23T02:02:57.000Z","volume":5000,"label":" ","price":4.19},{"type":"B","date":"2018-03-23T02:02:57.000Z","volume":1000,"label":" ","price":4.18},{"type":"B","date":"2018-03-23T02:02:59.000Z","volume":16000,"label":"Y","price":4.18},{"type":"B","date":"2018-03-23T02:02:59.000Z","volume":9000,"label":" ","price":4.18},{"type":"A","date":"2018-03-23T02:02:59.000Z","volume":1000,"label":" ","price":4.19},{"type":"B","date":"2018-03-23T02:02:59.000Z","volume":5000,"label":" ","price":4.18},{"type":"B","date":"2018-03-23T02:02:59.000Z","volume":1000,"label":" ","price":4.18},{"type":"B","date":"2018-03-23T02:03:00.000Z","volume":10000,"label":" ","price":4.18},{"type":"B","date":"2018-03-23T02:03:00.000Z","volume":2000,"label":" ","price":4.18},{"type":"B","date":"2018-03-23T02:03:01.000Z","volume":500000,"label":" ","price":4.18},{"type":"B","date":"2018-03-23T02:03:01.000Z","volume":109000,"label":" ","price":4.18},{"type":"B","date":"2018-03-23T02:03:01.000Z","volume":3000,"label":" ","price":4.18},{"type":"A","date":"2018-03-23T02:03:02.000Z","volume":10000,"label":" ","price":4.19},{"type":"B","date":"2018-03-23T02:03:03.000Z","volume":2000,"label":" ","price":4.18},{"type":"A","date":"2018-03-23T02:03:05.000Z","volume":4000,"label":" ","price":4.19},{"type":"B","date":"2018-03-23T02:03:05.000Z","volume":1000,"label":" ","price":4.18},{"type":"A","date":"2018-03-23T02:03:17.000Z","volume":9000,"label":" ","price":4.19},{"type":"B","date":"2018-03-23T02:03:17.000Z","volume":2000,"label":" ","price":4.18},{"type":"B","date":"2018-03-23T02:03:21.000Z","volume":1000000,"label":" ","price":4.18},{"type":"B","date":"2018-03-23T02:03:21.000Z","volume":2777000,"label":" ","price":4.18},{"type":"B","date":"2018-03-23T02:03:21.000Z","volume":75000,"label":" ","price":4.17},{"type":"B","date":"2018-03-23T02:03:21.000Z","volume":148000,"label":" ","price":4.17},{"type":"B","date":"2018-03-23T02:03:21.000Z","volume":20000,"label":"Y","price":4.17},{"type":"B","date":"2018-03-23T02:03:21.000Z","volume":802000,"label":" ","price":4.17},{"type":"U","date":"2018-03-23T02:03:21.000Z","volume":185000,"label":" ","price":4.18},{"type":"U","date":"2018-03-23T02:03:21.000Z","volume":88000,"label":" ","price":4.18},{"type":"B","date":"2018-03-23T02:03:21.000Z","volume":68000,"label":" ","price":4.17},{"type":"B","date":"2018-03-23T02:03:21.000Z","volume":147000,"label":" ","price":4.17},{"type":"B","date":"2018-03-23T02:03:21.000Z","volume":95000,"label":" ","price":4.17},{"type":"B","date":"2018-03-23T02:03:21.000Z","volume":5000,"label":" ","price":4.17},{"type":"B","date":"2018-03-23T02:03:21.000Z","volume":19000,"label":" ","price":4.17},{"type":"B","date":"2018-03-23T02:03:21.000Z","volume":2000,"label":" ","price":4.17},{"type":"B","date":"2018-03-23T02:03:21.000Z","volume":51000,"label":" ","price":4.17},{"type":"B","date":"2018-03-23T02:03:21.000Z","volume":11000,"label":" ","price":4.17},{"type":"A","date":"2018-03-23T02:03:24.000Z","volume":830000,"label":" ","price":4.18},{"type":"B","date":"2018-03-23T02:03:24.000Z","volume":96000,"label":" ","price":4.17},{"type":"U","date":"2018-03-23T02:03:24.000Z","volume":20000,"label":" ","price":4.18},{"type":"A","date":"2018-03-23T02:03:24.000Z","volume":5000,"label":" ","price":4.18},{"type":"A","date":"2018-03-23T02:03:25.000Z","volume":624000,"label":" ","price":4.18},{"type":"A","date":"2018-03-23T02:03:27.000Z","volume":60000,"label":" ","price":4.19},{"type":"B","date":"2018-03-23T02:03:28.000Z","volume":27000,"label":" ","price":4.17},{"type":"U","date":"2018-03-23T02:03:29.000Z","volume":20000,"label":" ","price":4.18},{"type":"U","date":"2018-03-23T02:03:29.000Z","volume":571000,"label":" ","price":4.18},{"type":"B","date":"2018-03-23T02:03:29.000Z","volume":23000,"label":" ","price":4.17},{"type":"B","date":"2018-03-23T02:03:29.000Z","volume":60000,"label":" ","price":4.17},{"type":"U","date":"2018-03-23T02:03:29.000Z","volume":5000,"label":" ","price":4.18},{"type":"B","date":"2018-03-23T02:03:29.000Z","volume":13000,"label":" ","price":4.17},{"type":"U","date":"2018-03-23T02:03:29.000Z","volume":4000,"label":" ","price":4.18},{"type":"B","date":"2018-03-23T02:03:29.000Z","volume":2000,"label":" ","price":4.17},{"type":"B","date":"2018-03-23T02:03:29.000Z","volume":1000,"label":" ","price":4.17},{"type":"U","date":"2018-03-23T02:03:31.000Z","volume":10000,"label":" ","price":4.18},{"type":"B","date":"2018-03-23T02:03:31.000Z","volume":2000,"label":" ","price":4.17},{"type":"U","date":"2018-03-23T02:03:31.000Z","volume":14000,"label":" ","price":4.18},{"type":"B","date":"2018-03-23T02:03:31.000Z","volume":3000,"label":" ","price":4.17},{"type":"B","date":"2018-03-23T02:03:37.000Z","volume":100000,"label":" ","price":4.18},{"type":"B","date":"2018-03-23T02:03:37.000Z","volume":21000,"label":" ","price":4.18},{"type":"B","date":"2018-03-23T02:03:37.000Z","volume":26000,"label":" ","price":4.17},{"type":"B","date":"2018-03-23T02:03:37.000Z","volume":1000,"label":" ","price":4.17},{"type":"U","date":"2018-03-23T02:03:37.000Z","volume":37000,"label":" ","price":4.18},{"type":"U","date":"2018-03-23T02:03:37.000Z","volume":8000,"label":"Y","price":4.18},{"type":"U","date":"2018-03-23T02:03:37.000Z","volume":1000,"label":" ","price":4.18},{"type":"B","date":"2018-03-23T02:03:37.000Z","volume":1000,"label":" ","price":4.18},{"type":"B","date":"2018-03-23T02:03:38.000Z","volume":10000,"label":" ","price":4.18},{"type":"B","date":"2018-03-23T02:03:38.000Z","volume":614000,"label":" ","price":4.17},{"type":"B","date":"2018-03-23T02:03:39.000Z","volume":2000,"label":" ","price":4.18},{"type":"B","date":"2018-03-23T02:03:39.000Z","volume":92000,"label":" ","price":4.17},{"type":"B","date":"2018-03-23T02:03:39.000Z","volume":444000,"label":" ","price":4.17},{"type":"B","date":"2018-03-23T02:03:39.000Z","volume":53000,"label":" ","price":4.17},{"type":"A","date":"2018-03-23T02:03:39.000Z","volume":5000,"label":" ","price":4.18},{"type":"A","date":"2018-03-23T02:03:39.000Z","volume":10000,"label":" ","price":4.18},{"type":"A","date":"2018-03-23T02:03:39.000Z","volume":158000,"label":" ","price":4.18},{"type":"A","date":"2018-03-23T02:03:40.000Z","volume":10000,"label":" ","price":4.18},{"type":"A","date":"2018-03-23T02:03:40.000Z","volume":155000,"label":" ","price":4.18},{"type":"U","date":"2018-03-23T02:03:40.000Z","volume":26000,"label":" ","price":4.18},{"type":"U","date":"2018-03-23T02:03:41.000Z","volume":10000,"label":" ","price":4.18},{"type":"U","date":"2018-03-23T02:03:41.000Z","volume":4000,"label":" ","price":4.18},{"type":"U","date":"2018-03-23T02:03:46.000Z","volume":3000,"label":" ","price":4.18},{"type":"U","date":"2018-03-23T02:03:46.000Z","volume":1000,"label":" ","price":4.18},{"type":"U","date":"2018-03-23T02:03:52.000Z","volume":10000,"label":" ","price":4.18},{"type":"U","date":"2018-03-23T02:03:52.000Z","volume":1000,"label":" ","price":4.18},{"type":"B","date":"2018-03-23T02:03:55.000Z","volume":3000,"label":" ","price":4.18},{"type":"A","date":"2018-03-23T02:03:56.000Z","volume":30000,"label":" ","price":4.19},{"type":"B","date":"2018-03-23T02:04:02.000Z","volume":1000,"label":"Y","price":4.18},{"type":"B","date":"2018-03-23T02:04:02.000Z","volume":16000,"label":" ","price":4.18},{"type":"A","date":"2018-03-23T02:04:02.000Z","volume":10000,"label":" ","price":4.19},{"type":"A","date":"2018-03-23T02:04:07.000Z","volume":5000,"label":" ","price":4.19},{"type":"A","date":"2018-03-23T02:04:08.000Z","volume":20000,"label":" ","price":4.19},{"type":"B","date":"2018-03-23T02:04:16.000Z","volume":200000,"label":" ","price":4.18},{"type":"A","date":"2018-03-23T02:04:18.000Z","volume":10000,"label":" ","price":4.19},{"type":"B","date":"2018-03-23T02:04:19.000Z","volume":72000,"label":" ","price":4.18},{"type":"B","date":"2018-03-23T02:04:19.000Z","volume":116000,"label":" ","price":4.18},{"type":"B","date":"2018-03-23T02:04:19.000Z","volume":92000,"label":" ","price":4.18},{"type":"B","date":"2018-03-23T02:04:19.000Z","volume":20000,"label":" ","price":4.18},{"type":"B","date":"2018-03-23T02:04:19.000Z","volume":1000,"label":" ","price":4.18},{"type":"B","date":"2018-03-23T02:04:19.000Z","volume":48000,"label":" ","price":4.17},{"type":"B","date":"2018-03-23T02:04:20.000Z","volume":50000,"label":" ","price":4.18},{"type":"B","date":"2018-03-23T02:04:20.000Z","volume":45000,"label":" ","price":4.18},{"type":"B","date":"2018-03-23T02:04:22.000Z","volume":2000,"label":" ","price":4.18},{"type":"B","date":"2018-03-23T02:04:22.000Z","volume":1000,"label":" ","price":4.18},{"type":"B","date":"2018-03-23T02:04:24.000Z","volume":1000,"label":" ","price":4.18},{"type":"A","date":"2018-03-23T02:04:25.000Z","volume":5000,"label":" ","price":4.19},{"type":"U","date":"2018-03-23T02:04:31.000Z","volume":25000,"label":" ","price":4.18},{"type":"B","date":"2018-03-23T02:04:31.000Z","volume":4000,"label":" ","price":4.18},{"type":"B","date":"2018-03-23T02:04:33.000Z","volume":10000,"label":" ","price":4.18},{"type":"B","date":"2018-03-23T02:04:35.000Z","volume":2000,"label":" ","price":4.18},{"type":"A","date":"2018-03-23T02:04:36.000Z","volume":86000,"label":" ","price":4.18},{"type":"A","date":"2018-03-23T02:04:37.000Z","volume":10000,"label":" ","price":4.19},{"type":"A","date":"2018-03-23T02:04:40.000Z","volume":1000,"label":" ","price":4.19},{"type":"U","date":"2018-03-23T02:04:40.000Z","volume":10000,"label":" ","price":4.18},{"type":"U","date":"2018-03-23T02:04:40.000Z","volume":13000,"label":" ","price":4.18},{"type":"A","date":"2018-03-23T02:04:41.000Z","volume":10000,"label":" ","price":4.19},{"type":"A","date":"2018-03-23T02:04:44.000Z","volume":3000,"label":" ","price":4.19},{"type":"U","date":"2018-03-23T02:04:46.000Z","volume":37000,"label":" ","price":4.18},{"type":"B","date":"2018-03-23T02:04:46.000Z","volume":3000,"label":" ","price":4.18},{"type":"A","date":"2018-03-23T02:04:48.000Z","volume":15000,"label":" ","price":4.19},{"type":"B","date":"2018-03-23T02:04:51.000Z","volume":19000,"label":" ","price":4.18},{"type":"B","date":"2018-03-23T02:04:52.000Z","volume":4000,"label":" ","price":4.18},{"type":"B","date":"2018-03-23T02:04:52.000Z","volume":16000,"label":" ","price":4.17},{"type":"A","date":"2018-03-23T02:04:52.000Z","volume":10000,"label":" ","price":4.19},{"type":"A","date":"2018-03-23T02:04:54.000Z","volume":20000,"label":" ","price":4.19},{"type":"B","date":"2018-03-23T02:04:55.000Z","volume":20000,"label":" ","price":4.18},{"type":"B","date":"2018-03-23T02:04:55.000Z","volume":15000,"label":" ","price":4.18},{"type":"U","date":"2018-03-23T02:05:00.000Z","volume":10000,"label":" ","price":4.18},{"type":"B","date":"2018-03-23T02:05:00.000Z","volume":48000,"label":" ","price":4.17},{"type":"B","date":"2018-03-23T02:05:00.000Z","volume":3000,"label":" ","price":4.18},{"type":"U","date":"2018-03-23T02:05:03.000Z","volume":1000000,"label":" ","price":4.18},{"type":"U","date":"2018-03-23T02:05:03.000Z","volume":500000,"label":" ","price":4.18},{"type":"U","date":"2018-03-23T02:05:03.000Z","volume":103000,"label":" ","price":4.18},{"type":"U","date":"2018-03-23T02:05:03.000Z","volume":247000,"label":" ","price":4.18},{"type":"U","date":"2018-03-23T02:05:03.000Z","volume":8000,"label":" ","price":4.18},{"type":"U","date":"2018-03-23T02:05:03.000Z","volume":49000,"label":" ","price":4.18},{"type":"U","date":"2018-03-23T02:05:03.000Z","volume":10000,"label":" ","price":4.18},{"type":"U","date":"2018-03-23T02:05:03.000Z","volume":1000,"label":" ","price":4.18},{"type":"U","date":"2018-03-23T02:05:03.000Z","volume":2000,"label":" ","price":4.18},{"type":"U","date":"2018-03-23T02:05:03.000Z","volume":660000,"label":" ","price":4.18},{"type":"U","date":"2018-03-23T02:05:03.000Z","volume":594000,"label":" ","price":4.18},{"type":"B","date":"2018-03-23T02:05:03.000Z","volume":106000,"label":" ","price":4.17},{"type":"B","date":"2018-03-23T02:05:03.000Z","volume":58000,"label":" ","price":4.17},{"type":"B","date":"2018-03-23T02:05:03.000Z","volume":306000,"label":" ","price":4.17},{"type":"B","date":"2018-03-23T02:05:03.000Z","volume":27000,"label":" ","price":4.17},{"type":"B","date":"2018-03-23T02:05:03.000Z","volume":2000,"label":" ","price":4.17},{"type":"B","date":"2018-03-23T02:05:03.000Z","volume":49000,"label":" ","price":4.17},{"type":"B","date":"2018-03-23T02:05:03.000Z","volume":2000,"label":" ","price":4.17},{"type":"B","date":"2018-03-23T02:05:03.000Z","volume":9000,"label":" ","price":4.17},{"type":"B","date":"2018-03-23T02:05:03.000Z","volume":1000,"label":" ","price":4.17},{"type":"B","date":"2018-03-23T02:05:05.000Z","volume":1000,"label":" ","price":4.17},{"type":"B","date":"2018-03-23T02:05:08.000Z","volume":7000,"label":" ","price":4.18},{"type":"B","date":"2018-03-23T02:05:08.000Z","volume":1000,"label":" ","price":4.18},{"type":"B","date":"2018-03-23T02:05:08.000Z","volume":1000,"label":" ","price":4.18},{"type":"B","date":"2018-03-23T02:05:09.000Z","volume":1000,"label":" ","price":4.18},{"type":"B","date":"2018-03-23T02:05:10.000Z","volume":20000,"label":" ","price":4.18},{"type":"A","date":"2018-03-23T02:05:10.000Z","volume":2000,"label":" ","price":4.19},{"type":"B","date":"2018-03-23T02:05:10.000Z","volume":4000,"label":" ","price":4.18},{"type":"B","date":"2018-03-23T02:05:10.000Z","volume":1000,"label":" ","price":4.18},{"type":"A","date":"2018-03-23T02:05:10.000Z","volume":39000,"label":" ","price":4.19},{"type":"A","date":"2018-03-23T02:05:11.000Z","volume":5000,"label":" ","price":4.19},{"type":"B","date":"2018-03-23T02:05:11.000Z","volume":9000,"label":" ","price":4.18},{"type":"B","date":"2018-03-23T02:05:11.000Z","volume":2000,"label":" ","price":4.18},{"type":"A","date":"2018-03-23T02:05:13.000Z","volume":265000,"label":" ","price":4.19},{"type":"A","date":"2018-03-23T02:05:13.000Z","volume":33000,"label":" ","price":4.19},{"type":"B","date":"2018-03-23T02:05:13.000Z","volume":18000,"label":" ","price":4.18},{"type":"B","date":"2018-03-23T02:05:13.000Z","volume":11000,"label":" ","price":4.18},{"type":"B","date":"2018-03-23T02:05:13.000Z","volume":3000,"label":" ","price":4.18},{"type":"B","date":"2018-03-23T02:05:13.000Z","volume":28000,"label":" ","price":4.18},{"type":"A","date":"2018-03-23T02:05:13.000Z","volume":8000,"label":" ","price":4.19},{"type":"B","date":"2018-03-23T02:05:14.000Z","volume":1000,"label":" ","price":4.18},{"type":"A","date":"2018-03-23T02:05:14.000Z","volume":8000,"label":" ","price":4.19},{"type":"B","date":"2018-03-23T02:05:14.000Z","volume":4000,"label":" ","price":4.18},{"type":"B","date":"2018-03-23T02:05:14.000Z","volume":47000,"label":" ","price":4.18},{"type":"B","date":"2018-03-23T02:05:14.000Z","volume":6000,"label":" ","price":4.18},{"type":"A","date":"2018-03-23T02:05:14.000Z","volume":2000,"label":" ","price":4.19},{"type":"A","date":"2018-03-23T02:05:14.000Z","volume":9000,"label":" ","price":4.19},{"type":"B","date":"2018-03-23T02:05:14.000Z","volume":1000,"label":" ","price":4.18},{"type":"B","date":"2018-03-23T02:05:14.000Z","volume":8000,"label":" ","price":4.18},{"type":"A","date":"2018-03-23T02:05:14.000Z","volume":5000,"label":" ","price":4.19},{"type":"B","date":"2018-03-23T02:05:14.000Z","volume":5000,"label":" ","price":4.18},{"type":"B","date":"2018-03-23T02:05:14.000Z","volume":3000,"label":" ","price":4.18},{"type":"A","date":"2018-03-23T02:05:14.000Z","volume":4000,"label":" ","price":4.19},{"type":"B","date":"2018-03-23T02:05:14.000Z","volume":3000,"label":" ","price":4.18},{"type":"A","date":"2018-03-23T02:05:14.000Z","volume":1000,"label":" ","price":4.19},{"type":"B","date":"2018-03-23T02:05:14.000Z","volume":1000,"label":" ","price":4.18},{"type":"B","date":"2018-03-23T02:05:14.000Z","volume":1000,"label":" ","price":4.18},{"type":"A","date":"2018-03-23T02:05:16.000Z","volume":37000,"label":" ","price":4.19},{"type":"A","date":"2018-03-23T02:05:16.000Z","volume":10000,"label":" ","price":4.19},{"type":"B","date":"2018-03-23T02:05:16.000Z","volume":8000,"label":" ","price":4.18},{"type":"A","date":"2018-03-23T02:05:16.000Z","volume":2000,"label":" ","price":4.19},{"type":"B","date":"2018-03-23T02:05:16.000Z","volume":3000,"label":" ","price":4.18},{"type":"A","date":"2018-03-23T02:05:16.000Z","volume":1000,"label":" ","price":4.19},{"type":"B","date":"2018-03-23T02:05:16.000Z","volume":1000,"label":" ","price":4.18},{"type":"A","date":"2018-03-23T02:05:16.000Z","volume":1000,"label":" ","price":4.19},{"type":"A","date":"2018-03-23T02:05:21.000Z","volume":55000,"label":" ","price":4.19},{"type":"A","date":"2018-03-23T02:05:21.000Z","volume":14000,"label":" ","price":4.19},{"type":"B","date":"2018-03-23T02:05:21.000Z","volume":13000,"label":" ","price":4.18},{"type":"B","date":"2018-03-23T02:05:21.000Z","volume":1000,"label":" ","price":4.18},{"type":"A","date":"2018-03-23T02:05:21.000Z","volume":4000,"label":" ","price":4.19},{"type":"B","date":"2018-03-23T02:05:21.000Z","volume":3000,"label":" ","price":4.18},{"type":"A","date":"2018-03-23T02:05:21.000Z","volume":1000,"label":" ","price":4.19},{"type":"B","date":"2018-03-23T02:05:21.000Z","volume":1000,"label":" ","price":4.18},{"type":"A","date":"2018-03-23T02:05:22.000Z","volume":300000,"label":" ","price":4.19}