[{"type":"A","date":"2018-03-20T01:44:56.000Z","volume":10000,"label":" ","price":0.69},{"type":"B","date":"2018-03-20T01:45:40.000Z","volume":16000,"label":" ","price":0.7},{"type":"A","date":"2018-03-20T01:47:50.000Z","volume":22000,"label":" ","price":0.7},{"type":"A","date":"2018-03-20T01:48:39.000Z","volume":78000,"label":" ","price":0.7},{"type":"A","date":"2018-03-20T02:02:17.000Z","volume":18000,"label":" ","price":0.7},{"type":"B","date":"2018-03-20T02:20:33.000Z","volume":100000,"label":" ","price":0.7},{"type":"B","date":"2018-03-20T02:23:39.000Z","volume":100000,"label":" ","price":0.7},{"type":"B","date":"2018-03-20T02:24:28.000Z","volume":54000,"label":" ","price":0.7},{"type":"B","date":"2018-03-20T02:24:31.000Z","volume":10000,"label":" ","price":0.7},{"type":"B","date":"2018-03-20T02:28:38.000Z","volume":2000,"label":" ","price":0.69},{"type":"B","date":"2018-03-20T02:33:08.000Z","volume":2000,"label":" ","price":0.69},{"type":"B","date":"2018-03-20T02:37:08.000Z","volume":2000,"label":" ","price":0.69},{"type":"B","date":"2018-03-20T02:39:39.000Z","volume":2000,"label":" ","price":0.69},{"type":"B","date":"2018-03-20T02:40:29.000Z","volume":44000,"label":"Y","price":0.69},{"type":"B","date":"2018-03-20T02:43:09.000Z","volume":4000,"label":" ","price":0.69},{"type":"B","date":"2018-03-20T02:48:09.000Z","volume":4000,"label":" ","price":0.69},{"type":"B","date":"2018-03-20T02:52:39.000Z","volume":4000,"label":" ","price":0.69},{"type":"B","date":"2018-03-20T02:57:40.000Z","volume":4000,"label":" ","price":0.69},{"type":"B","date":"2018-03-20T03:01:40.000Z","volume":4000,"label":" ","price":0.69},{"type":"B","date":"2018-03-20T03:06:10.000Z","volume":4000,"label":" ","price":0.69},{"type":"B","date":"2018-03-20T03:10:40.000Z","volume":4000,"label":" ","price":0.69},{"type":"B","date":"2018-03-20T03:15:11.000Z","volume":4000,"label":" ","price":0.69},{"type":"B","date":"2018-03-20T03:19:41.000Z","volume":4000,"label":" ","price":0.69},{"type":"B","date":"2018-03-20T03:24:41.000Z","volume":4000,"label":" ","price":0.69},{"type":"B","date":"2018-03-20T03:31:11.000Z","volume":4000,"label":" ","price":0.69},{"type":"B","date":"2018-03-20T03:37:12.000Z","volume":4000,"label":" ","price":0.69},{"type":"A","date":"2018-03-20T03:58:30.000Z","volume":4000,"label":" ","price":0.7},{"type":"A","date":"2018-03-20T03:59:59.000Z","volume":128000,"label":" ","price":0.7},{"type":"B","date":"2018-03-20T05:00:00.000Z","volume":58000,"label":" ","price":0.7},{"type":"B","date":"2018-03-20T05:00:02.000Z","volume":40000,"label":" ","price":0.7},{"type":"B","date":"2018-03-20T05:00:05.000Z","volume":4000,"label":" ","price":0.69},{"type":"B","date":"2018-03-20T05:05:44.000Z","volume":4000,"label":" ","price":0.69},{"type":"A","date":"2018-03-20T05:12:30.000Z","volume":20000,"label":" ","price":0.7},{"type":"A","date":"2018-03-20T05:14:07.000Z","volume":30000,"label":" ","price":0.7},{"type":"B","date":"2018-03-20T05:20:45.000Z","volume":4000,"label":" ","price":0.69},{"type":"B","date":"2018-03-20T05:26:16.000Z","volume":4000,"label":" ","price":0.69},{"type":"B","date":"2018-03-20T05:33:16.000Z","volume":4000,"label":" ","price":0.69},{"type":"B","date":"2018-03-20T05:40:16.000Z","volume":4000,"label":" ","price":0.69},{"type":"B","date":"2018-03-20T05:47:47.000Z","volume":4000,"label":" ","price":0.69},{"type":"B","date":"2018-03-20T05:53:17.000Z","volume":4000,"label":" ","price":0.69},{"type":"B","date":"2018-03-20T05:59:17.000Z","volume":4000,"label":" ","price":0.69},{"type":"B","date":"2018-03-20T06:05:05.000Z","volume":4000,"label":" ","price":0.69},{"type":"B","date":"2018-03-20T06:05:18.000Z","volume":4000,"label":" ","price":0.69},{"type":"B","date":"2018-03-20T06:11:18.000Z","volume":4000,"label":" ","price":0.69},{"type":"B","date":"2018-03-20T06:16:48.000Z","volume":4000,"label":" ","price":0.69},{"type":"B","date":"2018-03-20T06:22:19.000Z","volume":4000,"label":" ","price":0.69},{"type":"A","date":"2018-03-20T07:21:58.000Z","volume":10000,"label":" ","price":0.7}]