[{"type":"B","date":"2018-04-12T01:30:03.000Z","volume":8000,"label":" ","price":0.8},{"type":"B","date":"2018-04-12T01:30:03.000Z","volume":6000,"label":" ","price":0.79},{"type":"B","date":"2018-04-12T01:30:14.000Z","volume":10000,"label":" ","price":0.79},{"type":"B","date":"2018-04-12T01:31:18.000Z","volume":6000,"label":" ","price":0.8},{"type":"B","date":"2018-04-12T01:31:22.000Z","volume":12000,"label":"Y","price":0.79},{"type":"B","date":"2018-04-12T01:31:22.000Z","volume":88000,"label":" ","price":0.79},{"type":"A","date":"2018-04-12T01:32:30.000Z","volume":8000,"label":" ","price":0.8},{"type":"B","date":"2018-04-12T01:32:37.000Z","volume":12000,"label":" ","price":0.79},{"type":"B","date":"2018-04-12T01:44:25.000Z","volume":62000,"label":" ","price":0.79},{"type":"B","date":"2018-04-12T01:49:04.000Z","volume":12000,"label":" ","price":0.79},{"type":"A","date":"2018-04-12T02:00:31.000Z","volume":86000,"label":" ","price":0.8},{"type":"A","date":"2018-04-12T02:03:24.000Z","volume":12000,"label":" ","price":0.8},{"type":"A","date":"2018-04-12T02:17:09.000Z","volume":10000,"label":" ","price":0.8},{"type":"B","date":"2018-04-12T02:17:14.000Z","volume":8000,"label":" ","price":0.8},{"type":"B","date":"2018-04-12T02:17:33.000Z","volume":48000,"label":" ","price":0.8},{"type":"B","date":"2018-04-12T02:17:33.000Z","volume":12000,"label":" ","price":0.8},{"type":"B","date":"2018-04-12T02:18:41.000Z","volume":36000,"label":" ","price":0.8},{"type":"B","date":"2018-04-12T02:20:32.000Z","volume":50000,"label":" ","price":0.8},{"type":"A","date":"2018-04-12T02:28:04.000Z","volume":86000,"label":" ","price":0.81},{"type":"B","date":"2018-04-12T02:31:21.000Z","volume":2000,"label":" ","price":0.8},{"type":"B","date":"2018-04-12T02:32:21.000Z","volume":2000,"label":" ","price":0.8},{"type":"B","date":"2018-04-12T02:43:20.000Z","volume":40000,"label":" ","price":0.8},{"type":"B","date":"2018-04-12T02:53:21.000Z","volume":2000,"label":" ","price":0.8},{"type":"B","date":"2018-04-12T02:55:18.000Z","volume":40000,"label":" ","price":0.8},{"type":"B","date":"2018-04-12T03:11:11.000Z","volume":2000,"label":" ","price":0.8},{"type":"A","date":"2018-04-12T03:34:05.000Z","volume":20000,"label":" ","price":0.81},{"type":"B","date":"2018-04-12T03:46:10.000Z","volume":20000,"label":" ","price":0.8},{"type":"B","date":"2018-04-12T03:50:24.000Z","volume":40000,"label":" ","price":0.8},{"type":"B","date":"2018-04-12T03:53:39.000Z","volume":20000,"label":" ","price":0.8},{"type":"B","date":"2018-04-12T03:58:55.000Z","volume":2000,"label":" ","price":0.8},{"type":"B","date":"2018-04-12T05:00:02.000Z","volume":20000,"label":" ","price":0.8},{"type":"B","date":"2018-04-12T05:01:44.000Z","volume":10000,"label":" ","price":0.8},{"type":"A","date":"2018-04-12T05:03:15.000Z","volume":8000,"label":"Y","price":0.81},{"type":"A","date":"2018-04-12T05:03:15.000Z","volume":40000,"label":" ","price":0.81},{"type":"B","date":"2018-04-12T05:21:23.000Z","volume":40000,"label":" ","price":0.8},{"type":"B","date":"2018-04-12T05:27:06.000Z","volume":50000,"label":" ","price":0.8},{"type":"B","date":"2018-04-12T05:29:35.000Z","volume":50000,"label":" ","price":0.8},{"type":"B","date":"2018-04-12T05:32:27.000Z","volume":60000,"label":" ","price":0.8},{"type":"B","date":"2018-04-12T05:45:48.000Z","volume":20000,"label":" ","price":0.8},{"type":"A","date":"2018-04-12T05:49:35.000Z","volume":16000,"label":" ","price":0.81},{"type":"B","date":"2018-04-12T05:49:54.000Z","volume":100000,"label":" ","price":0.8},{"type":"B","date":"2018-04-12T05:52:19.000Z","volume":10000,"label":" ","price":0.8},{"type":"B","date":"2018-04-12T05:55:00.000Z","volume":2000,"label":" ","price":0.8},{"type":"B","date":"2018-04-12T05:58:58.000Z","volume":200000,"label":" ","price":0.8},{"type":"B","date":"2018-04-12T06:00:12.000Z","volume":44000,"label":" ","price":0.8},{"type":"B","date":"2018-04-12T06:02:33.000Z","volume":60000,"label":" ","price":0.8},{"type":"B","date":"2018-04-12T06:06:14.000Z","volume":100000,"label":" ","price":0.8},{"type":"B","date":"2018-04-12T06:10:35.000Z","volume":52000,"label":" ","price":0.8},{"type":"B","date":"2018-04-12T06:11:12.000Z","volume":30000,"label":" ","price":0.8},{"type":"B","date":"2018-04-12T06:11:17.000Z","volume":40000,"label":" ","price":0.8},{"type":"A","date":"2018-04-12T06:12:53.000Z","volume":4000,"label":" ","price":0.81},{"type":"B","date":"2018-04-12T06:17:21.000Z","volume":32000,"label":" ","price":0.8},{"type":"A","date":"2018-04-12T06:17:26.000Z","volume":26000,"label":" ","price":0.8},{"type":"A","date":"2018-04-12T06:17:44.000Z","volume":22000,"label":" ","price":0.8},{"type":"A","date":"2018-04-12T06:22:53.000Z","volume":24000,"label":" ","price":0.8},{"type":"B","date":"2018-04-12T06:44:37.000Z","volume":14000,"label":" ","price":0.8},{"type":"B","date":"2018-04-12T06:45:55.000Z","volume":2000,"label":" ","price":0.8},{"type":"B","date":"2018-04-12T06:48:02.000Z","volume":20000,"label":" ","price":0.8},{"type":"B","date":"2018-04-12T06:51:33.000Z","volume":14000,"label":" ","price":0.8},{"type":"A","date":"2018-04-12T06:56:55.000Z","volume":10000,"label":" ","price":0.8},{"type":"A","date":"2018-04-12T07:21:43.000Z","volume":22000,"label":" ","price":0.8},{"type":"B","date":"2018-04-12T07:21:48.000Z","volume":2000,"label":" ","price":0.8},{"type":"B","date":"2018-04-12T07:31:14.000Z","volume":54000,"label":" ","price":0.8},{"type":"A","date":"2018-04-12T07:31:14.000Z","volume":6000,"label":" ","price":0.8},{"type":"B","date":"2018-04-12T07:42:45.000Z","volume":30000,"label":" ","price":0.8},{"type":"B","date":"2018-04-12T07:49:39.000Z","volume":10000,"label":" ","price":0.8},{"type":"B","date":"2018-04-12T07:50:16.000Z","volume":10000,"label":" ","price":0.8},{"type":"B","date":"2018-04-12T07:50:46.000Z","volume":40000,"label":" ","price":0.8},{"type":"B","date":"2018-04-12T07:51:18.000Z","volume":20000,"label":" ","price":0.8},{"type":"B","date":"2018-04-12T07:52:10.000Z","volume":10000,"label":" ","price":0.8},{"type":"B","date":"2018-04-12T07:54:30.000Z","volume":10000,"label":" ","price":0.8},{"type":"U","date":"2018-04-12T08:08:38.000Z","volume":318000,"label":"U","price":0.81}]