[{"type":"U","date":"2018-04-04T01:02:06.000Z","volume":4488,"label":"P","price":16.29},{"type":"U","date":"2018-04-04T01:02:06.000Z","volume":4488,"label":"P","price":16.289},{"type":"U","date":"2018-04-04T01:20:00.000Z","volume":8800,"label":"U","price":16.7},{"type":"U","date":"2018-04-04T01:30:03.000Z","volume":10000,"label":" ","price":16.68},{"type":"U","date":"2018-04-04T01:30:05.000Z","volume":800,"label":"X","price":16.65},{"type":"U","date":"2018-04-04T01:30:10.000Z","volume":800,"label":" ","price":16.66},{"type":"U","date":"2018-04-04T01:31:08.000Z","volume":400,"label":"X","price":16.67},{"type":"B","date":"2018-04-04T01:31:12.000Z","volume":22800,"label":" ","price":16.66},{"type":"B","date":"2018-04-04T01:31:12.000Z","volume":7600,"label":" ","price":16.66},{"type":"B","date":"2018-04-04T01:31:12.000Z","volume":7200,"label":" ","price":16.6},{"type":"B","date":"2018-04-04T01:31:12.000Z","volume":400,"label":" ","price":16.66},{"type":"B","date":"2018-04-04T01:31:12.000Z","volume":400,"label":" ","price":16.58},{"type":"B","date":"2018-04-04T01:31:12.000Z","volume":77200,"label":" ","price":16.56},{"type":"B","date":"2018-04-04T01:31:12.000Z","volume":13200,"label":" ","price":16.54},{"type":"A","date":"2018-04-04T01:31:51.000Z","volume":2400,"label":"Y","price":16.66},{"type":"A","date":"2018-04-04T01:31:51.000Z","volume":400,"label":" ","price":16.66},{"type":"A","date":"2018-04-04T01:32:10.000Z","volume":2000,"label":"Y","price":16.66},{"type":"A","date":"2018-04-04T01:32:33.000Z","volume":2000,"label":" ","price":16.66},{"type":"B","date":"2018-04-04T01:32:38.000Z","volume":400,"label":" ","price":16.64},{"type":"B","date":"2018-04-04T01:32:38.000Z","volume":2000,"label":" ","price":16.64},{"type":"B","date":"2018-04-04T01:32:41.000Z","volume":3600,"label":" ","price":16.64},{"type":"A","date":"2018-04-04T01:33:08.000Z","volume":17200,"label":" ","price":16.66},{"type":"A","date":"2018-04-04T01:33:09.000Z","volume":29600,"label":" ","price":16.66},{"type":"A","date":"2018-04-04T01:33:19.000Z","volume":4800,"label":" ","price":16.68},{"type":"A","date":"2018-04-04T01:33:20.000Z","volume":1600,"label":"Y","price":16.68},{"type":"A","date":"2018-04-04T01:33:33.000Z","volume":400,"label":"Y","price":16.68},{"type":"A","date":"2018-04-04T01:33:33.000Z","volume":1200,"label":" ","price":16.68},{"type":"A","date":"2018-04-04T01:33:42.000Z","volume":2000,"label":"Y","price":16.68},{"type":"A","date":"2018-04-04T01:33:42.000Z","volume":9200,"label":" ","price":16.68},{"type":"A","date":"2018-04-04T01:33:43.000Z","volume":2000,"label":" ","price":16.7},{"type":"A","date":"2018-04-04T01:33:48.000Z","volume":39600,"label":" ","price":16.7},{"type":"A","date":"2018-04-04T01:34:21.000Z","volume":21200,"label":" ","price":16.72},{"type":"A","date":"2018-04-04T01:34:51.000Z","volume":2000,"label":" ","price":16.74},{"type":"A","date":"2018-04-04T01:34:55.000Z","volume":9200,"label":" ","price":16.74},{"type":"A","date":"2018-04-04T01:35:17.000Z","volume":1600,"label":" ","price":16.74},{"type":"A","date":"2018-04-04T01:35:34.000Z","volume":2400,"label":" ","price":16.74},{"type":"A","date":"2018-04-04T01:35:43.000Z","volume":2000,"label":" ","price":16.74},{"type":"A","date":"2018-04-04T01:35:58.000Z","volume":2000,"label":" ","price":16.74},{"type":"B","date":"2018-04-04T01:36:09.000Z","volume":28800,"label":" ","price":16.72},{"type":"B","date":"2018-04-04T01:36:09.000Z","volume":1200,"label":" ","price":16.7},{"type":"B","date":"2018-04-04T01:36:09.000Z","volume":2000,"label":" ","price":16.68},{"type":"U","date":"2018-04-04T01:36:09.000Z","volume":400,"label":" ","price":16.68},{"type":"B","date":"2018-04-04T01:36:09.000Z","volume":400,"label":" ","price":16.68},{"type":"U","date":"2018-04-04T01:37:15.000Z","volume":2800,"label":" ","price":16.68},{"type":"B","date":"2018-04-04T01:38:10.000Z","volume":4800,"label":" ","price":16.64},{"type":"B","date":"2018-04-04T01:38:30.000Z","volume":7600,"label":" ","price":16.64},{"type":"B","date":"2018-04-04T01:38:30.000Z","volume":3600,"label":" ","price":16.62},{"type":"B","date":"2018-04-04T01:38:30.000Z","volume":400,"label":" ","price":16.64},{"type":"B","date":"2018-04-04T01:38:31.000Z","volume":2000,"label":" ","price":16.62},{"type":"B","date":"2018-04-04T01:38:31.000Z","volume":7200,"label":" ","price":16.62},{"type":"B","date":"2018-04-04T01:38:35.000Z","volume":4000,"label":" ","price":16.62},{"type":"B","date":"2018-04-04T01:38:41.000Z","volume":6000,"label":" ","price":16.62},{"type":"B","date":"2018-04-04T01:38:41.000Z","volume":14000,"label":" ","price":16.6},{"type":"B","date":"2018-04-04T01:38:41.000Z","volume":800,"label":" ","price":16.62},{"type":"B","date":"2018-04-04T01:39:13.000Z","volume":1200,"label":" ","price":16.62},{"type":"B","date":"2018-04-04T01:39:33.000Z","volume":7600,"label":" ","price":16.62},{"type":"B","date":"2018-04-04T01:39:33.000Z","volume":7200,"label":" ","price":16.6},{"type":"B","date":"2018-04-04T01:39:33.000Z","volume":2000,"label":" ","price":16.58},{"type":"B","date":"2018-04-04T01:39:56.000Z","volume":4400,"label":" ","price":16.56},{"type":"B","date":"2018-04-04T01:39:58.000Z","volume":25600,"label":" ","price":16.54},{"type":"B","date":"2018-04-04T01:39:58.000Z","volume":400,"label":" ","price":16.52},{"type":"B","date":"2018-04-04T01:39:58.000Z","volume":10800,"label":" ","price":16.5},{"type":"B","date":"2018-04-04T01:40:03.000Z","volume":400,"label":" ","price":16.42},{"type":"A","date":"2018-04-04T01:40:03.000Z","volume":800,"label":" ","price":16.42},{"type":"A","date":"2018-04-04T01:40:06.000Z","volume":1200,"label":" ","price":16.58},{"type":"A","date":"2018-04-04T01:41:23.000Z","volume":800,"label":"Y","price":16.56},{"type":"A","date":"2018-04-04T01:41:23.000Z","volume":400,"label":" ","price":16.56},{"type":"B","date":"2018-04-04T01:41:35.000Z","volume":9200,"label":" ","price":16.5},{"type":"B","date":"2018-04-04T01:41:35.000Z","volume":1600,"label":" ","price":16.48},{"type":"B","date":"2018-04-04T01:41:35.000Z","volume":400,"label":" ","price":16.48},{"type":"B","date":"2018-04-04T01:41:35.000Z","volume":4400,"label":" ","price":16.46},{"type":"B","date":"2018-04-04T01:41:35.000Z","volume":4800,"label":" ","price":16.44},{"type":"B","date":"2018-04-04T01:41:35.000Z","volume":800,"label":" ","price":16.46},{"type":"A","date":"2018-04-04T01:41:37.000Z","volume":2000,"label":" ","price":16.48},{"type":"A","date":"2018-04-04T01:41:50.000Z","volume":50000,"label":" ","price":16.48},{"type":"A","date":"2018-04-04T01:41:50.000Z","volume":5600,"label":" ","price":16.48},{"type":"U","date":"2018-04-04T01:42:51.000Z","volume":2800,"label":" ","price":16.46},{"type":"A","date":"2018-04-04T01:43:07.000Z","volume":4800,"label":" ","price":16.46},{"type":"A","date":"2018-04-04T01:43:57.000Z","volume":400,"label":" ","price":16.48},{"type":"A","date":"2018-04-04T01:44:31.000Z","volume":1600,"label":" ","price":16.46},{"type":"A","date":"2018-04-04T01:44:31.000Z","volume":1200,"label":" ","price":16.46},{"type":"A","date":"2018-04-04T01:44:31.000Z","volume":800,"label":"Y","price":16.48},{"type":"A","date":"2018-04-04T01:44:31.000Z","volume":11600,"label":" ","price":16.48},{"type":"A","date":"2018-04-04T01:44:31.000Z","volume":1200,"label":" ","price":16.48},{"type":"A","date":"2018-04-04T01:44:32.000Z","volume":1200,"label":" ","price":16.48},{"type":"A","date":"2018-04-04T01:46:35.000Z","volume":50000,"label":" ","price":16.48},{"type":"A","date":"2018-04-04T01:46:35.000Z","volume":3600,"label":" ","price":16.48},{"type":"A","date":"2018-04-04T01:46:35.000Z","volume":3600,"label":" ","price":16.48},{"type":"A","date":"2018-04-04T01:46:36.000Z","volume":2400,"label":" ","price":16.48},{"type":"A","date":"2018-04-04T01:46:36.000Z","volume":2800,"label":" ","price":16.48},{"type":"A","date":"2018-04-04T01:46:38.000Z","volume":400,"label":" ","price":16.5},{"type":"A","date":"2018-04-04T01:46:48.000Z","volume":400,"label":" ","price":16.5},{"type":"A","date":"2018-04-04T01:46:51.000Z","volume":4800,"label":" ","price":16.5},{"type":"A","date":"2018-04-04T01:46:51.000Z","volume":4800,"label":" ","price":16.5},{"type":"A","date":"2018-04-04T01:46:51.000Z","volume":12400,"label":" ","price":16.5},{"type":"A","date":"2018-04-04T01:46:51.000Z","volume":2800,"label":" ","price":16.5},{"type":"A","date":"2018-04-04T01:46:56.000Z","volume":4800,"label":" ","price":16.5},{"type":"A","date":"2018-04-04T01:46:58.000Z","volume":400,"label":" ","price":16.5},{"type":"A","date":"2018-04-04T01:46:59.000Z","volume":21600,"label":" ","price":16.5},{"type":"A","date":"2018-04-04T01:46:59.000Z","volume":4800,"label":" ","price":16.5},{"type":"A","date":"2018-04-04T01:46:59.000Z","volume":4800,"label":" ","price":16.5},{"type":"A","date":"2018-04-04T01:46:59.000Z","volume":4800,"label":" ","price":16.5},{"type":"A","date":"2018-04-04T01:46:59.000Z","volume":12400,"label":" ","price":16.5},{"type":"A","date":"2018-04-04T01:46:59.000Z","volume":3600,"label":" ","price":16.5},{"type":"A","date":"2018-04-04T01:47:00.000Z","volume":2400,"label":" ","price":16.5},{"type":"A","date":"2018-04-04T01:47:02.000Z","volume":26000,"label":" ","price":16.5},{"type":"A","date":"2018-04-04T01:47:02.000Z","volume":2400,"label":"Y","price":16.52},{"type":"A","date":"2018-04-04T01:47:02.000Z","volume":5600,"label":" ","price":16.52},{"type":"A","date":"2018-04-04T01:47:03.000Z","volume":3600,"label":" ","price":16.54},{"type":"A","date":"2018-04-04T01:47:03.000Z","volume":400,"label":" ","price":16.56},{"type":"A","date":"2018-04-04T01:49:43.000Z","volume":400,"label":" ","price":16.64},{"type":"A","date":"2018-04-04T01:51:29.000Z","volume":400,"label":" ","price":16.62},{"type":"B","date":"2018-04-04T01:51:31.000Z","volume":5200,"label":" ","price":16.6},{"type":"A","date":"2018-04-04T01:51:32.000Z","volume":800,"label":" ","price":16.62},{"type":"B","date":"2018-04-04T01:51:40.000Z","volume":400,"label":" ","price":16.6},{"type":"B","date":"2018-04-04T01:51:49.000Z","volume":9600,"label":" ","price":16.6},{"type":"A","date":"2018-04-04T01:51:49.000Z","volume":1200,"label":" ","price":16.62},{"type":"B","date":"2018-04-04T01:52:35.000Z","volume":400,"label":" ","price":16.6},{"type":"A","date":"2018-04-04T01:53:08.000Z","volume":2000,"label":" ","price":16.62},{"type":"A","date":"2018-04-04T01:53:09.000Z","volume":400,"label":"Y","price":16.62},{"type":"A","date":"2018-04-04T01:53:30.000Z","volume":2000,"label":" ","price":16.62},{"type":"A","date":"2018-04-04T01:53:44.000Z","volume":34800,"label":"Y","price":16.62},{"type":"A","date":"2018-04-04T01:53:44.000Z","volume":16800,"label":" ","price":16.62},{"type":"A","date":"2018-04-04T01:53:44.000Z","volume":1200,"label":" ","price":16.62},{"type":"A","date":"2018-04-04T01:53:44.000Z","volume":4000,"label":" ","price":16.62},{"type":"A","date":"2018-04-04T01:53:44.000Z","volume":5600,"label":" ","price":16.62},{"type":"A","date":"2018-04-04T01:53:44.000Z","volume":1600,"label":" ","price":16.62},{"type":"A","date":"2018-04-04T01:53:44.000Z","volume":400,"label":" ","price":16.62},{"type":"A","date":"2018-04-04T01:53:45.000Z","volume":6800,"label":" ","price":16.62},{"type":"A","date":"2018-04-04T01:53:45.000Z","volume":4400,"label":" ","price":16.64},{"type":"A","date":"2018-04-04T01:53:46.000Z","volume":2400,"label":"Y","price":16.64},{"type":"A","date":"2018-04-04T01:54:49.000Z","volume":10000,"label":" ","price":16.64},{"type":"A","date":"2018-04-04T01:54:50.000Z","volume":800,"label":" ","price":16.64},{"type":"A","date":"2018-04-04T01:55:02.000Z","volume":400,"label":" ","price":16.64},{"type":"A","date":"2018-04-04T01:55:02.000Z","volume":400,"label":" ","price":16.64},{"type":"A","date":"2018-04-04T01:55:03.000Z","volume":400,"label":"Y","price":16.64},{"type":"A","date":"2018-04-04T01:55:08.000Z","volume":3200,"label":"Y","price":16.64},{"type":"A","date":"2018-04-04T01:55:08.000Z","volume":7200,"label":" ","price":16.64},{"type":"A","date":"2018-04-04T01:55:08.000Z","volume":800,"label":" ","price":16.66},{"type":"U","date":"2018-04-04T01:56:03.000Z","volume":2400,"label":"X","price":16.66},{"type":"A","date":"2018-04-04T01:56:14.000Z","volume":4000,"label":" ","price":16.66},{"type":"A","date":"2018-04-04T01:56:16.000Z","volume":800,"label":" ","price":16.66},{"type":"A","date":"2018-04-04T01:56:35.000Z","volume":10000,"label":" ","price":16.66},{"type":"A","date":"2018-04-04T01:56:36.000Z","volume":800,"label":" ","price":16.66},{"type":"A","date":"2018-04-04T01:56:39.000Z","volume":6000,"label":" ","price":16.66},{"type":"A","date":"2018-04-04T01:56:41.000Z","volume":800,"label":" ","price":16.66},{"type":"B","date":"2018-04-04T01:56:47.000Z","volume":800,"label":" ","price":16.64},{"type":"A","date":"2018-04-04T01:57:03.000Z","volume":1200,"label":" ","price":16.66},{"type":"A","date":"2018-04-04T01:57:03.000Z","volume":1200,"label":" ","price":16.66},{"type":"A","date":"2018-04-04T01:57:05.000Z","volume":400,"label":" ","price":16.66},{"type":"A","date":"2018-04-04T01:57:41.000Z","volume":2400,"label":" ","price":16.66},{"type":"A","date":"2018-04-04T01:57:43.000Z","volume":400,"label":" ","price":16.66},{"type":"A","date":"2018-04-04T01:58:05.000Z","volume":40000,"label":" ","price":16.66},{"type":"A","date":"2018-04-04T01:58:05.000Z","volume":800,"label":"Y","price":16.66},{"type":"A","date":"2018-04-04T01:58:05.000Z","volume":2800,"label":" ","price":16.66},{"type":"A","date":"2018-04-04T01:58:05.000Z","volume":3600,"label":" ","price":16.66},{"type":"A","date":"2018-04-04T01:58:05.000Z","volume":800,"label":" ","price":16.66},{"type":"A","date":"2018-04-04T01:58:07.000Z","volume":5200,"label":" ","price":16.68},{"type":"A","date":"2018-04-04T01:58:20.000Z","volume":4000,"label":" ","price":16.68},{"type":"A","date":"2018-04-04T01:58:20.000Z","volume":400,"label":" ","price":16.68},{"type":"A","date":"2018-04-04T01:58:33.000Z","volume":1600,"label":" ","price":16.68},{"type":"A","date":"2018-04-04T01:58:33.000Z","volume":52000,"label":" ","price":16.68},{"type":"A","date":"2018-04-04T01:58:33.000Z","volume":9200,"label":" ","price":16.68},{"type":"A","date":"2018-04-04T01:58:35.000Z","volume":6800,"label":" ","price":16.7},{"type":"A","date":"2018-04-04T01:59:45.000Z","volume":1600,"label":" ","price":16.7},{"type":"A","date":"2018-04-04T01:59:53.000Z","volume":1600,"label":" ","price":16.7},{"type":"U","date":"2018-04-04T02:00:18.000Z","volume":2400,"label":"X","price":16.7},{"type":"B","date":"2018-04-04T02:00:27.000Z","volume":10000,"label":" ","price":16.68},{"type":"B","date":"2018-04-04T02:00:27.000Z","volume":11200,"label":" ","price":16.68},{"type":"B","date":"2018-04-04T02:00:27.000Z","volume":2000,"label":" ","price":16.68},{"type":"B","date":"2018-04-04T02:00:27.000Z","volume":400,"label":" ","price":16.68},{"type":"B","date":"2018-04-04T02:00:27.000Z","volume":800,"label":" ","price":16.68},{"type":"A","date":"2018-04-04T02:00:27.000Z","volume":1200,"label":" ","price":16.7},{"type":"A","date":"2018-04-04T02:00:27.000Z","volume":1600,"label":" ","price":16.7},{"type":"B","date":"2018-04-04T02:00:51.000Z","volume":8800,"label":" ","price":16.68},{"type":"A","date":"2018-04-04T02:00:51.000Z","volume":400,"label":" ","price":16.68},{"type":"B","date":"2018-04-04T02:00:51.000Z","volume":2400,"label":" ","price":16.66},{"type":"A","date":"2018-04-04T02:00:51.000Z","volume":400,"label":" ","price":16.66},{"type":"A","date":"2018-04-04T02:00:51.000Z","volume":400,"label":" ","price":16.66},{"type":"B","date":"2018-04-04T02:01:00.000Z","volume":800,"label":" ","price":16.64},{"type":"A","date":"2018-04-04T02:01:10.000Z","volume":2000,"label":" ","price":16.66},{"type":"A","date":"2018-04-04T02:01:10.000Z","volume":400,"label":" ","price":16.66},{"type":"B","date":"2018-04-04T02:01:21.000Z","volume":2400,"label":"Y","price":16.64},{"type":"B","date":"2018-04-04T02:01:21.000Z","volume":18400,"label":" ","price":16.64},{"type":"B","date":"2018-04-04T02:01:21.000Z","volume":14000,"label":" ","price":16.64},{"type":"B","date":"2018-04-04T02:01:21.000Z","volume":8800,"label":" ","price":16.62},{"type":"A","date":"2018-04-04T02:01:21.000Z","volume":2400,"label":" ","price":16.64},{"type":"B","date":"2018-04-04T02:02:57.000Z","volume":10000,"label":" ","price":16.62},{"type":"B","date":"2018-04-04T02:03:22.000Z","volume":6800,"label":" ","price":16.62},{"type":"B","date":"2018-04-04T02:03:22.000Z","volume":800,"label":" ","price":16.62},{"type":"A","date":"2018-04-04T02:03:35.000Z","volume":28800,"label":" ","price":16.64},{"type":"A","date":"2018-04-04T02:03:37.000Z","volume":1200,"label":" ","price":16.66},{"type":"A","date":"2018-04-04T02:08:27.000Z","volume":400,"label":" ","price":16.66},{"type":"A","date":"2018-04-04T02:08:35.000Z","volume":47200,"label":" ","price":16.66},{"type":"A","date":"2018-04-04T02:08:35.000Z","volume":400,"label":" ","price":16.68},{"type":"A","date":"2018-04-04T02:08:37.000Z","volume":5200,"label":"Y","price":16.68},{"type":"A","date":"2018-04-04T02:08:37.000Z","volume":400,"label":" ","price":16.68},{"type":"A","date":"2018-04-04T02:08:45.000Z","volume":400,"label":" ","price":16.68},{"type":"U","date":"2018-04-04T02:08:49.000Z","volume":2000,"label":"X","price":16.67},{"type":"U","date":"2018-04-04T02:08:49.000Z","volume":2000,"label":"X","price":16.67},{"type":"A","date":"2018-04-04T02:10:06.000Z","volume":400,"label":" ","price":16.68},{"type":"A","date":"2018-04-04T02:10:16.000Z","volume":800,"label":" ","price":16.68},{"type":"A","date":"2018-04-04T02:10:21.000Z","volume":10000,"label":" ","price":16.68},{"type":"A","date":"2018-04-04T02:10:21.000Z","volume":400,"label":"Y","price":16.68},{"type":"A","date":"2018-04-04T02:10:21.000Z","volume":800,"label":" ","price":16.68},{"type":"A","date":"2018-04-04T02:10:26.000Z","volume":400,"label":" ","price":16.68},{"type":"A","date":"2018-04-04T02:10:27.000Z","volume":800,"label":" ","price":16.68},{"type":"A","date":"2018-04-04T02:10:36.000Z","volume":400,"label":" ","price":16.68},{"type":"A","date":"2018-04-04T02:10:46.000Z","volume":400,"label":" ","price":16.68},{"type":"B","date":"2018-04-04T02:10:51.000Z","volume":800,"label":" ","price":16.66},{"type":"A","date":"2018-04-04T02:10:56.000Z","volume":400,"label":" ","price":16.68},{"type":"A","date":"2018-04-04T02:11:06.000Z","volume":400,"label":" ","price":16.68},{"type":"A","date":"2018-04-04T02:11:16.000Z","volume":400,"label":" ","price":16.68},{"type":"A","date":"2018-04-04T02:11:26.000Z","volume":400,"label":" ","price":16.68},{"type":"A","date":"2018-04-04T02:11:36.000Z","volume":400,"label":" ","price":16.68},{"type":"A","date":"2018-04-04T02:11:39.000Z","volume":8000,"label":"Y","price":16.68},{"type":"A","date":"2018-04-04T02:11:39.000Z","volume":34000,"label":" ","price":16.68},{"type":"A","date":"2018-04-04T02:11:41.000Z","volume":5200,"label":" ","price":16.7},{"type":"A","date":"2018-04-04T02:11:45.000Z","volume":1600,"label":" ","price":16.7},{"type":"A","date":"2018-04-04T02:11:46.000Z","volume":400,"label":" ","price":16.7},{"type":"U","date":"2018-04-04T02:11:47.000Z","volume":2000,"label":"X","price":16.69},{"type":"U","date":"2018-04-04T02:11:47.000Z","volume":1200,"label":"X","price":16.69},{"type":"A","date":"2018-04-04T02:12:35.000Z","volume":4000,"label":" ","price":16.7},{"type":"A","date":"2018-04-04T02:12:37.000Z","volume":800,"label":" ","price":16.7},{"type":"A","date":"2018-04-04T02:12:56.000Z","volume":400,"label":" ","price":16.7},{"type":"A","date":"2018-04-04T02:13:06.000Z","volume":400,"label":" ","price":16.7},{"type":"A","date":"2018-04-04T02:13:15.000Z","volume":800,"label":" ","price":16.7},{"type":"A","date":"2018-04-04T02:13:21.000Z","volume":800,"label":" ","price":16.7},{"type":"A","date":"2018-04-04T02:13:31.000Z","volume":800,"label":" ","price":16.7},{"type":"U","date":"2018-04-04T02:13:34.000Z","volume":2400,"label":"X","price":16.7},{"type":"A","date":"2018-04-04T02:13:39.000Z","volume":400,"label":" ","price":16.7},{"type":"A","date":"2018-04-04T02:13:46.000Z","volume":800,"label":" ","price":16.7},{"type":"A","date":"2018-04-04T02:13:56.000Z","volume":800,"label":" ","price":16.7},{"type":"A","date":"2018-04-04T02:14:04.000Z","volume":800,"label":" ","price":16.7},{"type":"A","date":"2018-04-04T02:14:16.000Z","volume":400,"label":" ","price":16.7},{"type":"A","date":"2018-04-04T02:14:29.000Z","volume":400,"label":" ","price":16.7},{"type":"A","date":"2018-04-04T02:14:39.000Z","volume":4000,"label":" ","price":16.7},{"type":"A","date":"2018-04-04T02:14:41.000Z","volume":400,"label":" ","price":16.7},{"type":"A","date":"2018-04-04T02:14:42.000Z","volume":1200,"label":" ","price":16.7},{"type":"A","date":"2018-04-04T02:14:56.000Z","volume":400,"label":" ","price":16.7},{"type":"A","date":"2018-04-04T02:15:11.000Z","volume":800,"label":" ","price":16.7},{"type":"A","date":"2018-04-04T02:15:22.000Z","volume":400,"label":" ","price":16.7},{"type":"A","date":"2018-04-04T02:15:35.000Z","volume":400,"label":" ","price":16.7},{"type":"A","date":"2018-04-04T02:15:46.000Z","volume":400,"label":" ","price":16.7},{"type":"B","date":"2018-04-04T02:15:52.000Z","volume":400,"label":" ","price":16.68},{"type":"A","date":"2018-04-04T02:15:55.000Z","volume":1200,"label":"Y","price":16.7},{"type":"A","date":"2018-04-04T02:15:55.000Z","volume":800,"label":" ","price":16.7},{"type":"A","date":"2018-04-04T02:15:57.000Z","volume":400,"label":" ","price":16.7},{"type":"A","date":"2018-04-04T02:16:09.000Z","volume":400,"label":" ","price":16.7},{"type":"A","date":"2018-04-04T02:16:15.000Z","volume":8000,"label":" ","price":16.7},{"type":"A","date":"2018-04-04T02:16:16.000Z","volume":1200,"label":" ","price":16.7},{"type":"A","date":"2018-04-04T02:16:21.000Z","volume":400,"label":" ","price":16.7},{"type":"A","date":"2018-04-04T02:16:36.000Z","volume":800,"label":" ","price":16.7},{"type":"A","date":"2018-04-04T02:16:48.000Z","volume":400,"label":" ","price":16.7},{"type":"U","date":"2018-04-04T02:16:53.000Z","volume":2400,"label":"X","price":16.7},{"type":"A","date":"2018-04-04T02:17:01.000Z","volume":400,"label":" ","price":16.7},{"type":"A","date":"2018-04-04T02:17:11.000Z","volume":400,"label":" ","price":16.7},{"type":"A","date":"2018-04-04T02:17:12.000Z","volume":400,"label":" ","price":16.7},{"type":"B","date":"2018-04-04T02:17:19.000Z","volume":400,"label":"Y","price":16.68},{"type":"A","date":"2018-04-04T02:17:21.000Z","volume":400,"label":" ","price":16.7},{"type":"B","date":"2018-04-04T02:17:22.000Z","volume":2800,"label":"Y","price":16.68},{"type":"A","date":"2018-04-04T02:17:22.000Z","volume":800,"label":" ","price":16.7},{"type":"A","date":"2018-04-04T02:17:31.000Z","volume":400,"label":" ","price":16.7},{"type":"A","date":"2018-04-04T02:17:41.000Z","volume":400,"label":" ","price":16.7},{"type":"A","date":"2018-04-04T02:17:45.000Z","volume":1600,"label":" ","price":16.7},{"type":"A","date":"2018-04-04T02:17:51.000Z","volume":400,"label":" ","price":16.7},{"type":"A","date":"2018-04-04T02:18:01.000Z","volume":800,"label":" ","price":16.7},{"type":"A","date":"2018-04-04T02:18:11.000Z","volume":400,"label":" ","price":16.7},{"type":"A","date":"2018-04-04T02:18:17.000Z","volume":400,"label":" ","price":16.7},{"type":"A","date":"2018-04-04T02:18:17.000Z","volume":400,"label":" ","price":16.7},{"type":"A","date":"2018-04-04T02:18:18.000Z","volume":1600,"label":" ","price":16.7},{"type":"A","date":"2018-04-04T02:18:18.000Z","volume":1600,"label":" ","price":16.7},{"type":"A","date":"2018-04-04T02:18:18.000Z","volume":800,"label":" ","price":16.7},{"type":"A","date":"2018-04-04T02:18:21.000Z","volume":400,"label":" ","price":16.7},{"type":"A","date":"2018-04-04T02:18:26.000Z","volume":3600,"label":" ","price":16.7},{"type":"A","date":"2018-04-04T02:18:26.000Z","volume":800,"label":" ","price":16.7},{"type":"A","date":"2018-04-04T02:18:31.000Z","volume":400,"label":" ","price":16.7},{"type":"B","date":"2018-04-04T02:18:32.000Z","volume":2800,"label":"Y","price":16.68},{"type":"A","date":"2018-04-04T02:18:41.000Z","volume":400,"label":" ","price":16.7},{"type":"A","date":"2018-04-04T02:18:51.000Z","volume":400,"label":" ","price":16.7},{"type":"A","date":"2018-04-04T02:19:01.000Z","volume":400,"label":" ","price":16.7},{"type":"A","date":"2018-04-04T02:19:11.000Z","volume":800,"label":" ","price":16.7},{"type":"A","date":"2018-04-04T02:19:21.000Z","volume":400,"label":" ","price":16.7},{"type":"B","date":"2018-04-04T02:19:30.000Z","volume":800,"label":"Y","price":16.68},{"type":"A","date":"2018-04-04T02:19:31.000Z","volume":800,"label":" ","price":16.7},{"type":"A","date":"2018-04-04T02:19:35.000Z","volume":800,"label":" ","price":16.7},{"type":"A","date":"2018-04-04T02:19:39.000Z","volume":400,"label":" ","price":16.7},{"type":"A","date":"2018-04-04T02:19:51.000Z","volume":800,"label":" ","price":16.7},{"type":"A","date":"2018-04-04T02:20:01.000Z","volume":400,"label":" ","price":16.7},{"type":"A","date":"2018-04-04T02:20:11.000Z","volume":800,"label":" ","price":16.7},{"type":"A","date":"2018-04-04T02:20:21.000Z","volume":1200,"label":" ","price":16.7},{"type":"A","date":"2018-04-04T02:20:21.000Z","volume":400,"label":" ","price":16.7},{"type":"A","date":"2018-04-04T02:20:31.000Z","volume":800,"label":" ","price":16.7},{"type":"A","date":"2018-04-04T02:20:41.000Z","volume":400,"label":" ","price":16.7},{"type":"B","date":"2018-04-04T02:20:42.000Z","volume":400,"label":" ","price":16.68},{"type":"B","date":"2018-04-04T02:20:43.000Z","volume":22000,"label":" ","price":16.68},{"type":"B","date":"2018-04-04T02:20:43.000Z","volume":55200,"label":" ","price":16.68},{"type":"B","date":"2018-04-04T02:20:43.000Z","volume":400,"label":" ","price":16.68},{"type":"B","date":"2018-04-04T02:20:43.000Z","volume":400,"label":" ","price":16.68},{"type":"B","date":"2018-04-04T02:20:43.000Z","volume":400,"label":" ","price":16.68},{"type":"B","date":"2018-04-04T02:20:43.000Z","volume":28400,"label":" ","price":16.66},{"type":"B","date":"2018-04-04T02:20:43.000Z","volume":400,"label":" ","price":16.68},{"type":"B","date":"2018-04-04T02:20:43.000Z","volume":1200,"label":" ","price":16.68},{"type":"B","date":"2018-04-04T02:20:43.000Z","volume":7200,"label":" ","price":16.68},{"type":"B","date":"2018-04-04T02:20:43.000Z","volume":10800,"label":" ","price":16.68},{"type":"B","date":"2018-04-04T02:20:43.000Z","volume":400,"label":" ","price":16.68},{"type":"B","date":"2018-04-04T02:20:44.000Z","volume":2400,"label":" ","price":16.66},{"type":"B","date":"2018-04-04T02:20:44.000Z","volume":7600,"label":" ","price":16.66},{"type":"A","date":"2018-04-04T02:20:44.000Z","volume":3600,"label":"Y","price":16.68},{"type":"A","date":"2018-04-04T02:20:44.000Z","volume":800,"label":" ","price":16.68},{"type":"B","date":"2018-04-04T02:20:44.000Z","volume":16000,"label":" ","price":16.64},{"type":"B","date":"2018-04-04T02:20:44.000Z","volume":2000,"label":" ","price":16.64},{"type":"A","date":"2018-04-04T02:20:45.000Z","volume":2000,"label":" ","price":16.66},{"type":"B","date":"2018-04-04T02:21:08.000Z","volume":400,"label":" ","price":16.62},{"type":"B","date":"2018-04-04T02:21:21.000Z","volume":1200,"label":" ","price":16.62},{"type":"B","date":"2018-04-04T02:21:30.000Z","volume":7200,"label":" ","price":16.62},{"type":"B","date":"2018-04-04T02:21:30.000Z","volume":10000,"label":" ","price":16.62},{"type":"A","date":"2018-04-04T02:21:30.000Z","volume":2400,"label":" ","price":16.64},{"type":"U","date":"2018-04-04T02:21:51.000Z","volume":1200,"label":"X","price":16.63},{"type":"B","date":"2018-04-04T02:21:55.000Z","volume":6000,"label":" ","price":16.62},{"type":"B","date":"2018-04-04T02:21:55.000Z","volume":1200,"label":" ","price":16.62},{"type":"B","date":"2018-04-04T02:21:55.000Z","volume":1200,"label":" ","price":16.62},{"type":"U","date":"2018-04-04T02:22:07.000Z","volume":400,"label":"X","price":16.63},{"type":"B","date":"2018-04-04T02:22:08.000Z","volume":400,"label":" ","price":16.62},{"type":"U","date":"2018-04-04T02:22:28.000Z","volume":400,"label":"X","price":16.63},{"type":"B","date":"2018-04-04T02:22:28.000Z","volume":800,"label":" ","price":16.62},{"type":"U","date":"2018-04-04T02:22:30.000Z","volume":400,"label":"X","price":16.63},{"type":"B","date":"2018-04-04T02:22:38.000Z","volume":400,"label":" ","price":16.62},{"type":"B","date":"2018-04-04T02:22:43.000Z","volume":1200,"label":" ","price":16.62},{"type":"U","date":"2018-04-04T02:23:23.000Z","volume":400,"label":"X","price":16.63},{"type":"U","date":"2018-04-04T02:24:02.000Z","volume":1600,"label":"X","price":16.62},{"type":"U","date":"2018-04-04T02:24:05.000Z","volume":800,"label":"X","price":16.62},{"type":"A","date":"2018-04-04T02:26:26.000Z","volume":400,"label":" ","price":16.62},{"type":"A","date":"2018-04-04T02:26:27.000Z","volume":400,"label":" ","price":16.62},{"type":"A","date":"2018-04-04T02:26:35.000Z","volume":400,"label":" ","price":16.62},{"type":"B","date":"2018-04-04T02:26:39.000Z","volume":800,"label":" ","price":16.6},{"type":"A","date":"2018-04-04T02:26:41.000Z","volume":400,"label":" ","price":16.62},{"type":"A","date":"2018-04-04T02:26:51.000Z","volume":400,"label":" ","price":16.62},{"type":"A","date":"2018-04-04T02:27:01.000Z","volume":800,"label":" ","price":16.62},{"type":"B","date":"2018-04-04T02:27:05.000Z","volume":18000,"label":" ","price":16.6},{"type":"B","date":"2018-04-04T02:27:05.000Z","volume":11600,"label":" ","price":16.6},{"type":"B","date":"2018-04-04T02:27:05.000Z","volume":6800,"label":" ","price":16.6},{"type":"B","date":"2018-04-04T02:27:05.000Z","volume":10000,"label":" ","price":16.6},{"type":"B","date":"2018-04-04T02:27:06.000Z","volume":1600,"label":" ","price":16.6},{"type":"B","date":"2018-04-04T02:27:06.000Z","volume":8400,"label":" ","price":16.6},{"type":"A","date":"2018-04-04T02:27:06.000Z","volume":1200,"label":" ","price":16.62},{"type":"A","date":"2018-04-04T02:27:06.000Z","volume":2800,"label":" ","price":16.62},{"type":"B","date":"2018-04-04T02:27:09.000Z","volume":14000,"label":" ","price":16.58},{"type":"B","date":"2018-04-04T02:27:09.000Z","volume":800,"label":" ","price":16.58},{"type":"B","date":"2018-04-04T02:27:09.000Z","volume":400,"label":" ","price":16.58},{"type":"B","date":"2018-04-04T02:27:09.000Z","volume":21200,"label":" ","price":16.56},{"type":"B","date":"2018-04-04T02:27:09.000Z","volume":400,"label":" ","price":16.56},{"type":"A","date":"2018-04-04T02:27:12.000Z","volume":30000,"label":" ","price":16.58},{"type":"A","date":"2018-04-04T02:27:12.000Z","volume":400,"label":" ","price":16.58},{"type":"A","date":"2018-04-04T02:27:27.000Z","volume":20000,"label":" ","price":16.58},{"type":"A","date":"2018-04-04T02:27:27.000Z","volume":2400,"label":" ","price":16.58},{"type":"A","date":"2018-04-04T02:27:31.000Z","volume":10400,"label":" ","price":16.58},{"type":"A","date":"2018-04-04T02:27:32.000Z","volume":1200,"label":" ","price":16.6},{"type":"B","date":"2018-04-04T02:27:34.000Z","volume":1200,"label":" ","price":16.58},{"type":"A","date":"2018-04-04T02:27:35.000Z","volume":20000,"label":" ","price":16.6},{"type":"A","date":"2018-04-04T02:27:37.000Z","volume":2400,"label":" ","price":16.6},{"type":"A","date":"2018-04-04T02:27:41.000Z","volume":34000,"label":" ","price":16.6},{"type":"A","date":"2018-04-04T02:27:42.000Z","volume":3600,"label":"Y","price":16.62},{"type":"U","date":"2018-04-04T02:28:05.000Z","volume":1200,"label":"X","price":16.61},{"type":"U","date":"2018-04-04T02:28:07.000Z","volume":800,"label":"X","price":16.61},{"type":"B","date":"2018-04-04T02:28:29.000Z","volume":800,"label":" ","price":16.6},{"type":"U","date":"2018-04-04T02:28:48.000Z","volume":800,"label":"X","price":16.61},{"type":"U","date":"2018-04-04T02:29:21.000Z","volume":800,"label":"X","price":16.61},{"type":"B","date":"2018-04-04T02:29:59.000Z","volume":400,"label":" ","price":16.6},{"type":"U","date":"2018-04-04T02:30:06.000Z","volume":800,"label":"X","price":16.61},{"type":"B","date":"2018-04-04T02:30:33.000Z","volume":2800,"label":" ","price":16.6},{"type":"A","date":"2018-04-04T02:30:36.000Z","volume":400,"label":" ","price":16.62},{"type":"B","date":"2018-04-04T02:30:43.000Z","volume":400,"label":" ","price":16.6},{"type":"B","date":"2018-04-04T02:30:43.000Z","volume":10000,"label":" ","price":16.6},{"type":"B","date":"2018-04-04T02:30:43.000Z","volume":400,"label":" ","price":16.6},{"type":"A","date":"2018-04-04T02:30:44.000Z","volume":400,"label":" ","price":16.62},{"type":"B","date":"2018-04-04T02:31:29.000Z","volume":3200,"label":" ","price":16.6},{"type":"A","date":"2018-04-04T02:31:29.000Z","volume":400,"label":" ","price":16.62},{"type":"B","date":"2018-04-04T02:32:23.000Z","volume":400,"label":"Y","price":16.6},{"type":"B","date":"2018-04-04T02:32:23.000Z","volume":2800,"label":" ","price":16.6},{"type":"A","date":"2018-04-04T02:32:25.000Z","volume":400,"label":" ","price":16.62},{"type":"A","date":"2018-04-04T02:32:46.000Z","volume":800,"label":" ","price":16.62},{"type":"B","date":"2018-04-04T02:32:50.000Z","volume":400,"label":" ","price":16.6},{"type":"A","date":"2018-04-04T02:32:56.000Z","volume":400,"label":" ","price":16.62},{"type":"A","date":"2018-04-04T02:33:05.000Z","volume":400,"label":" ","price":16.62},{"type":"B","date":"2018-04-04T02:33:07.000Z","volume":1600,"label":" ","price":16.6},{"type":"A","date":"2018-04-04T02:33:09.000Z","volume":400,"label":" ","price":16.62},{"type":"A","date":"2018-04-04T02:33:16.000Z","volume":400,"label":" ","price":16.62},{"type":"A","date":"2018-04-04T02:33:26.000Z","volume":400,"label":" ","price":16.62},{"type":"B","date":"2018-04-04T02:33:30.000Z","volume":400,"label":" ","price":16.6},{"type":"B","date":"2018-04-04T02:33:36.000Z","volume":10000,"label":" ","price":16.6},{"type":"B","date":"2018-04-04T02:33:36.000Z","volume":3600,"label":" ","price":16.6},{"type":"B","date":"2018-04-04T02:33:39.000Z","volume":15200,"label":" ","price":16.6},{"type":"B","date":"2018-04-04T02:33:39.000Z","volume":8400,"label":" ","price":16.58},{"type":"B","date":"2018-04-04T02:33:39.000Z","volume":1600,"label":" ","price":16.58},{"type":"B","date":"2018-04-04T02:33:39.000Z","volume":4400,"label":" ","price":16.58},{"type":"B","date":"2018-04-04T02:33:39.000Z","volume":29600,"label":" ","price":16.58},{"type":"A","date":"2018-04-04T02:33:39.000Z","volume":800,"label":" ","price":16.6},{"type":"A","date":"2018-04-04T02:33:39.000Z","volume":1200,"label":" ","price":16.6},{"type":"A","date":"2018-04-04T02:34:24.000Z","volume":2000,"label":" ","price":16.6},{"type":"U","date":"2018-04-04T02:34:32.000Z","volume":800,"label":"X","price":16.58},{"type":"U","date":"2018-04-04T02:34:46.000Z","volume":800,"label":"X","price":16.58},{"type":"U","date":"2018-04-04T02:34:56.000Z","volume":800,"label":"X","price":16.58},{"type":"U","date":"2018-04-04T02:36:04.000Z","volume":400,"label":" ","price":16.58},{"type":"U","date":"2018-04-04T02:36:04.000Z","volume":4000,"label":" ","price":16.58},{"type":"A","date":"2018-04-04T02:37:00.000Z","volume":400,"label":" ","price":16.6},{"type":"A","date":"2018-04-04T02:37:02.000Z","volume":800,"label":" ","price":16.6},{"type":"A","date":"2018-04-04T02:37:31.000Z","volume":400,"label":" ","price":16.6},{"type":"U","date":"2018-04-04T02:37:32.000Z","volume":1200,"label":" ","price":16.58},{"type":"U","date":"2018-04-04T02:37:32.000Z","volume":400,"label":" ","price":16.58},{"type":"A","date":"2018-04-04T02:37:43.000Z","volume":400,"label":" ","price":16.6},{"type":"A","date":"2018-04-04T02:37:53.000Z","volume":400,"label":" ","price":16.58},{"type":"A","date":"2018-04-04T02:37:59.000Z","volume":4000,"label":" ","price":16.58},{"type":"A","date":"2018-04-04T02:38:06.000Z","volume":400,"label":" ","price":16.58},{"type":"A","date":"2018-04-04T02:38:09.000Z","volume":800,"label":"Y","price":16.58},{"type":"B","date":"2018-04-04T02:38:21.000Z","volume":50000,"label":" ","price":16.56},{"type":"B","date":"2018-04-04T02:38:21.000Z","volume":28400,"label":" ","price":16.56},{"type":"B","date":"2018-04-04T02:38:22.000Z","volume":400,"label":" ","price":16.56},{"type":"B","date":"2018-04-04T02:38:22.000Z","volume":400,"label":" ","price":16.56},{"type":"B","date":"2018-04-04T02:38:59.000Z","volume":800,"label":" ","price":16.54},{"type":"U","date":"2018-04-04T02:39:09.000Z","volume":1200,"label":"X","price":16.55},{"type":"B","date":"2018-04-04T02:39:27.000Z","volume":8800,"label":" ","price":16.54},{"type":"A","date":"2018-04-04T02:39:30.000Z","volume":1200,"label":" ","price":16.56},{"type":"U","date":"2018-04-04T02:39:44.000Z","volume":800,"label":"X","price":16.55},{"type":"B","date":"2018-04-04T02:39:50.000Z","volume":400,"label":" ","price":16.54},{"type":"B","date":"2018-04-04T02:39:59.000Z","volume":1600,"label":" ","price":16.54},{"type":"B","date":"2018-04-04T02:40:17.000Z","volume":1200,"label":" ","price":16.54},{"type":"B","date":"2018-04-04T02:40:17.000Z","volume":400,"label":" ","price":16.54},{"type":"U","date":"2018-04-04T02:40:25.000Z","volume":800,"label":"X","price":16.55},{"type":"B","date":"2018-04-04T02:40:36.000Z","volume":1600,"label":" ","price":16.54},{"type":"A","date":"2018-04-04T02:40:37.000Z","volume":800,"label":" ","price":16.56},{"type":"B","date":"2018-04-04T02:40:39.000Z","volume":400,"label":" ","price":16.54},{"type":"U","date":"2018-04-04T02:40:40.000Z","volume":400,"label":"X","price":16.55},{"type":"B","date":"2018-04-04T02:40:58.000Z","volume":400,"label":" ","price":16.54},{"type":"B","date":"2018-04-04T02:41:04.000Z","volume":400,"label":" ","price":16.54},{"type":"B","date":"2018-04-04T02:41:26.000Z","volume":3600,"label":" ","price":16.54},{"type":"B","date":"2018-04-04T02:41:26.000Z","volume":400,"label":" ","price":16.54},{"type":"B","date":"2018-04-04T02:41:41.000Z","volume":400,"label":" ","price":16.54},{"type":"B","date":"2018-04-04T02:42:23.000Z","volume":3600,"label":" ","price":16.54},{"type":"B","date":"2018-04-04T02:42:23.000Z","volume":400,"label":" ","price":16.54},{"type":"A","date":"2018-04-04T02:42:23.000Z","volume":800,"label":" ","price":16.56},{"type":"A","date":"2018-04-04T02:42:35.000Z","volume":4000,"label":" ","price":16.56},{"type":"B","date":"2018-04-04T02:42:37.000Z","volume":400,"label":" ","price":16.54},{"type":"A","date":"2018-04-04T02:43:11.000Z","volume":800,"label":" ","price":16.56},{"type":"A","date":"2018-04-04T02:43:12.000Z","volume":800,"label":" ","price":16.56},{"type":"A","date":"2018-04-04T02:43:13.000Z","volume":3200,"label":" ","price":16.56},{"type":"B","date":"2018-04-04T02:43:16.000Z","volume":400,"label":" ","price":16.54},{"type":"B","date":"2018-04-04T02:43:18.000Z","volume":400,"label":" ","price":16.54},{"type":"A","date":"2018-04-04T02:43:21.000Z","volume":800,"label":" ","price":16.56},{"type":"A","date":"2018-04-04T02:43:31.000Z","volume":800,"label":" ","price":16.56},{"type":"A","date":"2018-04-04T02:43:41.000Z","volume":800,"label":" ","price":16.56},{"type":"A","date":"2018-04-04T02:43:50.000Z","volume":2800,"label":" ","price":16.56},{"type":"A","date":"2018-04-04T02:43:50.000Z","volume":400,"label":" ","price":16.56},{"type":"A","date":"2018-04-04T02:43:52.000Z","volume":800,"label":" ","price":16.56},{"type":"B","date":"2018-04-04T02:43:54.000Z","volume":400,"label":" ","price":16.54},{"type":"A","date":"2018-04-04T02:43:56.000Z","volume":800,"label":" ","price":16.56},{"type":"A","date":"2018-04-04T02:44:06.000Z","volume":800,"label":" ","price":16.56},{"type":"A","date":"2018-04-04T02:44:16.000Z","volume":400,"label":" ","price":16.56},{"type":"A","date":"2018-04-04T02:44:24.000Z","volume":400,"label":" ","price":16.56},{"type":"A","date":"2018-04-04T02:44:31.000Z","volume":400,"label":" ","price":16.56},{"type":"A","date":"2018-04-04T02:44:41.000Z","volume":400,"label":" ","price":16.56},{"type":"A","date":"2018-04-04T02:44:51.000Z","volume":4000,"label":" ","price":16.56},{"type":"A","date":"2018-04-04T02:44:51.000Z","volume":800,"label":" ","price":16.56},{"type":"B","date":"2018-04-04T02:44:54.000Z","volume":400,"label":" ","price":16.54},{"type":"A","date":"2018-04-04T02:44:54.000Z","volume":400,"label":"Y","price":16.56},{"type":"A","date":"2018-04-04T02:44:54.000Z","volume":800,"label":" ","price":16.56},{"type":"B","date":"2018-04-04T02:44:56.000Z","volume":400,"label":" ","price":16.54},{"type":"A","date":"2018-04-04T02:45:01.000Z","volume":400,"label":" ","price":16.56},{"type":"A","date":"2018-04-04T02:45:11.000Z","volume":400,"label":" ","price":16.56},{"type":"A","date":"2018-04-04T02:45:11.000Z","volume":400,"label":" ","price":16.56},{"type":"A","date":"2018-04-04T02:45:21.000Z","volume":400,"label":" ","price":16.56},{"type":"B","date":"2018-04-04T02:45:24.000Z","volume":400,"label":" ","price":16.54},{"type":"A","date":"2018-04-04T02:45:27.000Z","volume":3200,"label":" ","price":16.56},{"type":"A","date":"2018-04-04T02:45:31.000Z","volume":400,"label":" ","price":16.56},{"type":"A","date":"2018-04-04T02:45:41.000Z","volume":400,"label":" ","price":16.56},{"type":"A","date":"2018-04-04T02:45:44.000Z","volume":800,"label":"Y","price":16.56},{"type":"A","date":"2018-04-04T02:45:51.000Z","volume":400,"label":" ","price":16.56},{"type":"A","date":"2018-04-04T02:46:01.000Z","volume":800,"label":" ","price":16.56},{"type":"A","date":"2018-04-04T02:46:11.000Z","volume":400,"label":" ","price":16.56},{"type":"A","date":"2018-04-04T02:46:21.000Z","volume":400,"label":" ","price":16.56},{"type":"A","date":"2018-04-04T02:46:22.000Z","volume":4000,"label":" ","price":16.56},{"type":"B","date":"2018-04-04T02:46:24.000Z","volume":400,"label":" ","price":16.54},{"type":"B","date":"2018-04-04T02:46:26.000Z","volume":800,"label":" ","price":16.54},{"type":"A","date":"2018-04-04T02:46:27.000Z","volume":800,"label":" ","price":16.56},{"type":"A","date":"2018-04-04T02:46:31.000Z","volume":400,"label":" ","price":16.56},{"type":"A","date":"2018-04-04T02:46:41.000Z","volume":400,"label":" ","price":16.56},{"type":"A","date":"2018-04-04T02:46:47.000Z","volume":400,"label":" ","price":16.56},{"type":"A","date":"2018-04-04T02:46:51.000Z","volume":800,"label":" ","price":16.56},{"type":"A","date":"2018-04-04T02:47:01.000Z","volume":400,"label":" ","price":16.56},{"type":"A","date":"2018-04-04T02:47:11.000Z","volume":400,"label":" ","price":16.56},{"type":"A","date":"2018-04-04T02:47:14.000Z","volume":3600,"label":" ","price":16.56},{"type":"A","date":"2018-04-04T02:47:20.000Z","volume":400,"label":" ","price":16.56},{"type":"A","date":"2018-04-04T02:47:26.000Z","volume":400,"label":" ","price":16.56},{"type":"A","date":"2018-04-04T02:47:27.000Z","volume":800,"label":"Y","price":16.56},{"type":"A","date":"2018-04-04T02:47:34.000Z","volume":400,"label":" ","price":16.56},{"type":"A","date":"2018-04-04T02:47:45.000Z","volume":2000,"label":" ","price":16.56},{"type":"A","date":"2018-04-04T02:47:45.000Z","volume":1200,"label":" ","price":16.56},{"type":"B","date":"2018-04-04T02:47:47.000Z","volume":400,"label":" ","price":16.54},{"type":"B","date":"2018-04-04T02:47:49.000Z","volume":1200,"label":" ","price":16.54},{"type":"A","date":"2018-04-04T02:47:54.000Z","volume":400,"label":" ","price":16.56},{"type":"A","date":"2018-04-04T02:48:04.000Z","volume":400,"label":" ","price":16.56},{"type":"A","date":"2018-04-04T02:48:08.000Z","volume":4000,"label":" ","price":16.56},{"type":"A","date":"2018-04-04T02:48:13.000Z","volume":800,"label":"Y","price":16.56},{"type":"A","date":"2018-04-04T02:48:21.000Z","volume":400,"label":" ","price":16.56},{"type":"A","date":"2018-04-04T02:48:37.000Z","volume":400,"label":" ","price":16.56},{"type":"A","date":"2018-04-04T02:48:55.000Z","volume":6000,"label":" ","price":16.56},{"type":"A","date":"2018-04-04T02:48:55.000Z","volume":400,"label":" ","price":16.56},{"type":"B","date":"2018-04-04T02:48:56.000Z","volume":400,"label":" ","price":16.54},{"type":"A","date":"2018-04-04T02:48:56.000Z","volume":800,"label":" ","price":16.56},{"type":"A","date":"2018-04-04T02:49:04.000Z","volume":4000,"label":" ","price":16.56},{"type":"A","date":"2018-04-04T02:49:05.000Z","volume":400,"label":" ","price":16.56},{"type":"B","date":"2018-04-04T02:49:08.000Z","volume":400,"label":" ","price":16.54},{"type":"A","date":"2018-04-04T02:49:09.000Z","volume":800,"label":" ","price":16.56},{"type":"U","date":"2018-04-04T02:49:15.000Z","volume":1200,"label":"X","price":16.55},{"type":"U","date":"2018-04-04T02:49:15.000Z","volume":800,"label":"X","price":16.55},{"type":"A","date":"2018-04-04T02:49:32.000Z","volume":4000,"label":" ","price":16.56},{"type":"B","date":"2018-04-04T02:49:34.000Z","volume":400,"label":" ","price":16.54},{"type":"B","date":"2018-04-04T02:49:36.000Z","volume":1600,"label":" ","price":16.54},{"type":"A","date":"2018-04-04T02:49:50.000Z","volume":4000,"label":" ","price":16.56},{"type":"B","date":"2018-04-04T02:49:52.000Z","volume":400,"label":" ","price":16.54},{"type":"A","date":"2018-04-04T02:49:52.000Z","volume":800,"label":" ","price":16.56},{"type":"A","date":"2018-04-04T02:49:55.000Z","volume":1200,"label":" ","price":16.56},{"type":"A","date":"2018-04-04T02:50:01.000Z","volume":400,"label":" ","price":16.56},{"type":"U","date":"2018-04-04T02:50:04.000Z","volume":800,"label":"X","price":16.55},{"type":"U","date":"2018-04-04T02:50:04.000Z","volume":800,"label":"X","price":16.55},{"type":"U","date":"2018-04-04T02:50:04.000Z","volume":400,"label":"X","price":16.55},{"type":"B","date":"2018-04-04T02:50:08.000Z","volume":4800,"label":" ","price":16.54},{"type":"B","date":"2018-04-04T02:50:25.000Z","volume":1200,"label":" ","price":16.54},{"type":"B","date":"2018-04-04T02:50:42.000Z","volume":64000,"label":" ","price":16.54},{"type":"A","date":"2018-04-04T02:50:42.000Z","volume":400,"label":" ","price":16.54},{"type":"A","date":"2018-04-04T02:50:42.000Z","volume":1600,"label":" ","price":16.54},{"type":"A","date":"2018-04-04T02:50:42.000Z","volume":400,"label":" ","price":16.54},{"type":"A","date":"2018-04-04T02:50:42.000Z","volume":400,"label":" ","price":16.54},{"type":"A","date":"2018-04-04T02:50:42.000Z","volume":1600,"label":" ","price":16.54},{"type":"A","date":"2018-04-04T02:50:42.000Z","volume":1200,"label":" ","price":16.54},{"type":"A","date":"2018-04-04T02:50:42.000Z","volume":1200,"label":" ","price":16.54},{"type":"B","date":"2018-04-04T02:50:42.000Z","volume":4000,"label":" ","price":16.52},{"type":"B","date":"2018-04-04T02:50:42.000Z","volume":46000,"label":" ","price":16.52},{"type":"A","date":"2018-04-04T02:50:42.000Z","volume":2000,"label":" ","price":16.54},{"type":"B","date":"2018-04-04T02:50:43.000Z","volume":2800,"label":" ","price":16.52},{"type":"A","date":"2018-04-04T02:50:44.000Z","volume":1200,"label":" ","price":16.54},{"type":"B","date":"2018-04-04T02:50:44.000Z","volume":14400,"label":" ","price":16.5},{"type":"U","date":"2018-04-04T02:50:44.000Z","volume":2000,"label":" ","price":16.5},{"type":"B","date":"2018-04-04T02:50:45.000Z","volume":2000,"label":" ","price":16.44},{"type":"A","date":"2018-04-04T02:50:46.000Z","volume":2000,"label":" ","price":16.5},{"type":"A","date":"2018-04-04T02:50:50.000Z","volume":11200,"label":"Y","price":16.5},{"type":"A","date":"2018-04-04T02:50:50.000Z","volume":24000,"label":" ","price":16.5},{"type":"A","date":"2018-04-04T02:50:50.000Z","volume":4000,"label":" ","price":16.5},{"type":"A","date":"2018-04-04T02:50:58.000Z","volume":1200,"label":" ","price":16.46},{"type":"A","date":"2018-04-04T02:51:10.000Z","volume":24800,"label":" ","price":16.46},{"type":"A","date":"2018-04-04T02:51:10.000Z","volume":1200,"label":" ","price":16.46},{"type":"A","date":"2018-04-04T02:51:10.000Z","volume":1600,"label":" ","price":16.46},{"type":"A","date":"2018-04-04T02:51:10.000Z","volume":1200,"label":" ","price":16.48},{"type":"B","date":"2018-04-04T02:51:10.000Z","volume":400,"label":" ","price":16.46},{"type":"B","date":"2018-04-04T02:51:10.000Z","volume":5600,"label":" ","price":16.46},{"type":"A","date":"2018-04-04T02:51:12.000Z","volume":2800,"label":" ","price":16.48},{"type":"A","date":"2018-04-04T02:51:33.000Z","volume":36000,"label":" ","price":16.48},{"type":"A","date":"2018-04-04T02:51:33.000Z","volume":13200,"label":" ","price":16.48},{"type":"A","date":"2018-04-04T02:51:33.000Z","volume":2800,"label":" ","price":16.48},{"type":"A","date":"2018-04-04T02:51:33.000Z","volume":400,"label":" ","price":16.5},{"type":"A","date":"2018-04-04T02:51:35.000Z","volume":5600,"label":" ","price":16.5},{"type":"A","date":"2018-04-04T02:51:35.000Z","volume":10000,"label":" ","price":16.5},{"type":"A","date":"2018-04-04T02:51:36.000Z","volume":1200,"label":"Y","price":16.52},{"type":"A","date":"2018-04-04T02:51:39.000Z","volume":8800,"label":" ","price":16.5},{"type":"A","date":"2018-04-04T02:51:39.000Z","volume":14800,"label":" ","price":16.52},{"type":"A","date":"2018-04-04T02:51:41.000Z","volume":2800,"label":" ","price":16.54},{"type":"U","date":"2018-04-04T02:51:59.000Z","volume":1200,"label":"X","price":16.53},{"type":"A","date":"2018-04-04T02:52:12.000Z","volume":3600,"label":" ","price":16.54},{"type":"U","date":"2018-04-04T02:52:21.000Z","volume":800,"label":"X","price":16.53},{"type":"A","date":"2018-04-04T02:52:34.000Z","volume":72000,"label":" ","price":16.54},{"type":"A","date":"2018-04-04T02:52:34.000Z","volume":7600,"label":"Y","price":16.56},{"type":"A","date":"2018-04-04T02:52:34.000Z","volume":800,"label":" ","price":16.56},{"type":"A","date":"2018-04-04T02:52:35.000Z","volume":9200,"label":" ","price":16.56},{"type":"A","date":"2018-04-04T02:52:36.000Z","volume":800,"label":"Y","price":16.58},{"type":"A","date":"2018-04-04T02:53:21.000Z","volume":800,"label":" ","price":16.58},{"type":"A","date":"2018-04-04T02:53:44.000Z","volume":400,"label":" ","price":16.58},{"type":"B","date":"2018-04-04T02:54:14.000Z","volume":1600,"label":" ","price":16.56},{"type":"B","date":"2018-04-04T02:54:16.000Z","volume":1200,"label":" ","price":16.56},{"type":"B","date":"2018-04-04T02:55:20.000Z","volume":10000,"label":" ","price":16.56},{"type":"B","date":"2018-04-04T02:55:22.000Z","volume":800,"label":" ","price":16.56},{"type":"A","date":"2018-04-04T02:55:22.000Z","volume":1600,"label":"Y","price":16.58},{"type":"B","date":"2018-04-04T02:55:25.000Z","volume":400,"label":" ","price":16.56},{"type":"B","date":"2018-04-04T02:55:44.000Z","volume":400,"label":" ","price":16.56},{"type":"B","date":"2018-04-04T02:56:08.000Z","volume":1200,"label":" ","price":16.56},{"type":"B","date":"2018-04-04T02:56:25.000Z","volume":400,"label":" ","price":16.56},{"type":"B","date":"2018-04-04T02:56:25.000Z","volume":16000,"label":" ","price":16.56},{"type":"B","date":"2018-04-04T02:56:25.000Z","volume":400,"label":" ","price":16.56},{"type":"A","date":"2018-04-04T02:56:25.000Z","volume":2000,"label":"Y","price":16.58},{"type":"A","date":"2018-04-04T02:56:29.000Z","volume":400,"label":" ","price":16.56},{"type":"B","date":"2018-04-04T02:56:31.000Z","volume":1200,"label":" ","price":16.54},{"type":"B","date":"2018-04-04T02:56:35.000Z","volume":23200,"label":" ","price":16.54},{"type":"A","date":"2018-04-04T02:56:35.000Z","volume":800,"label":" ","price":16.56},{"type":"B","date":"2018-04-04T03:00:07.000Z","volume":400,"label":" ","price":16.52},{"type":"B","date":"2018-04-04T03:00:14.000Z","volume":17200,"label":" ","price":16.52},{"type":"B","date":"2018-04-04T03:00:14.000Z","volume":9200,"label":" ","price":16.52},{"type":"B","date":"2018-04-04T03:00:14.000Z","volume":1200,"label":" ","price":16.52},{"type":"B","date":"2018-04-04T03:00:14.000Z","volume":800,"label":" ","price":16.52},{"type":"B","date":"2018-04-04T03:00:16.000Z","volume":5200,"label":" ","price":16.52},{"type":"A","date":"2018-04-04T03:00:16.000Z","volume":2000,"label":" ","price":16.54},{"type":"B","date":"2018-04-04T03:00:19.000Z","volume":400,"label":" ","price":16.52},{"type":"B","date":"2018-04-04T03:00:44.000Z","volume":400,"label":" ","price":16.52},{"type":"B","date":"2018-04-04T03:01:01.000Z","volume":800,"label":"Y","price":16.52},{"type":"B","date":"2018-04-04T03:02:04.000Z","volume":400,"label":" ","price":16.52},{"type":"B","date":"2018-04-04T03:02:21.000Z","volume":400,"label":" ","price":16.52},{"type":"B","date":"2018-04-04T03:02:26.000Z","volume":400,"label":" ","price":16.52},{"type":"A","date":"2018-04-04T03:02:40.000Z","volume":800,"label":"Y","price":16.54},{"type":"B","date":"2018-04-04T03:02:59.000Z","volume":4800,"label":" ","price":16.52},{"type":"B","date":"2018-04-04T03:02:59.000Z","volume":400,"label":" ","price":16.52},{"type":"A","date":"2018-04-04T03:03:00.000Z","volume":800,"label":" ","price":16.54},{"type":"B","date":"2018-04-04T03:03:13.000Z","volume":20000,"label":" ","price":16.52},{"type":"A","date":"2018-04-04T03:03:13.000Z","volume":2400,"label":" ","price":16.54},{"type":"B","date":"2018-04-04T03:03:13.000Z","volume":400,"label":" ","price":16.52},{"type":"A","date":"2018-04-04T03:03:21.000Z","volume":24800,"label":" ","price":16.52},{"type":"A","date":"2018-04-04T03:03:21.000Z","volume":2800,"label":" ","price":16.52},{"type":"B","date":"2018-04-04T03:03:21.000Z","volume":400,"label":" ","price":16.5},{"type":"B","date":"2018-04-04T03:03:21.000Z","volume":800,"label":" ","price":16.5},{"type":"A","date":"2018-04-04T03:03:29.000Z","volume":1600,"label":" ","price":16.52},{"type":"U","date":"2018-04-04T03:03:30.000Z","volume":3200,"label":"X","price":16.51},{"type":"U","date":"2018-04-04T03:03:46.000Z","volume":400,"label":"X","price":16.51},{"type":"U","date":"2018-04-04T03:03:53.000Z","volume":800,"label":"X","price":16.51},{"type":"U","date":"2018-04-04T03:04:45.000Z","volume":400,"label":"X","price":16.51},{"type":"U","date":"2018-04-04T03:05:53.000Z","volume":400,"label":"X","price":16.51},{"type":"U","date":"2018-04-04T03:05:57.000Z","volume":800,"label":"X","price":16.51},{"type":"U","date":"2018-04-04T03:07:13.000Z","volume":400,"label":"X","price":16.51},{"type":"B","date":"2018-04-04T03:07:24.000Z","volume":400,"label":" ","price":16.5},{"type":"A","date":"2018-04-04T03:07:28.000Z","volume":400,"label":" ","price":16.52},{"type":"U","date":"2018-04-04T03:08:19.000Z","volume":400,"label":"X","price":16.51},{"type":"U","date":"2018-04-04T03:09:00.000Z","volume":400,"label":"X","price":16.51},{"type":"U","date":"2018-04-04T03:09:11.000Z","volume":400,"label":"X","price":16.51},{"type":"B","date":"2018-04-04T03:09:39.000Z","volume":4400,"label":" ","price":16.5},{"type":"A","date":"2018-04-04T03:09:43.000Z","volume":400,"label":" ","price":16.52},{"type":"B","date":"2018-04-04T03:10:05.000Z","volume":3200,"label":" ","price":16.5},{"type":"B","date":"2018-04-04T03:10:05.000Z","volume":79200,"label":" ","price":16.5},{"type":"B","date":"2018-04-04T03:10:05.000Z","volume":6000,"label":" ","price":16.48},{"type":"B","date":"2018-04-04T03:10:05.000Z","volume":2400,"label":" ","price":16.5},{"type":"B","date":"2018-04-04T03:10:05.000Z","volume":2400,"label":" ","price":16.5},{"type":"B","date":"2018-04-04T03:10:05.000Z","volume":800,"label":" ","price":16.5},{"type":"A","date":"2018-04-04T03:10:05.000Z","volume":2800,"label":" ","price":16.52},{"type":"B","date":"2018-04-04T03:10:05.000Z","volume":20400,"label":" ","price":16.46},{"type":"U","date":"2018-04-04T03:10:51.000Z","volume":800,"label":"X","price":16.45},{"type":"U","date":"2018-04-04T03:10:51.000Z","volume":4000,"label":"X","price":16.45},{"type":"B","date":"2018-04-04T03:11:08.000Z","volume":14400,"label":" ","price":16.44},{"type":"B","date":"2018-04-04T03:11:08.000Z","volume":2000,"label":" ","price":16.44},{"type":"B","date":"2018-04-04T03:11:08.000Z","volume":18000,"label":" ","price":16.44},{"type":"B","date":"2018-04-04T03:11:08.000Z","volume":1200,"label":" ","price":16.42},{"type":"A","date":"2018-04-04T03:11:10.000Z","volume":400,"label":" ","price":16.44},{"type":"U","date":"2018-04-04T03:11:23.000Z","volume":1200,"label":" ","price":16.42},{"type":"U","date":"2018-04-04T03:11:23.000Z","volume":800,"label":" ","price":16.42},{"type":"A","date":"2018-04-04T03:11:27.000Z","volume":400,"label":" ","price":16.44},{"type":"A","date":"2018-04-04T03:11:37.000Z","volume":6000,"label":" ","price":16.44},{"type":"A","date":"2018-04-04T03:11:38.000Z","volume":800,"label":" ","price":16.44},{"type":"A","date":"2018-04-04T03:11:45.000Z","volume":22400,"label":"Y","price":16.44},{"type":"A","date":"2018-04-04T03:11:45.000Z","volume":2400,"label":" ","price":16.44},{"type":"B","date":"2018-04-04T03:11:45.000Z","volume":1600,"label":" ","price":16.42},{"type":"A","date":"2018-04-04T03:11:47.000Z","volume":2800,"label":" ","price":16.44},{"type":"U","date":"2018-04-04T03:12:03.000Z","volume":400,"label":"X","price":16.43},{"type":"B","date":"2018-04-04T03:12:04.000Z","volume":800,"label":" ","price":16.42},{"type":"A","date":"2018-04-04T03:12:12.000Z","volume":4000,"label":" ","price":16.44},{"type":"A","date":"2018-04-04T03:12:12.000Z","volume":400,"label":" ","price":16.44},{"type":"A","date":"2018-04-04T03:12:12.000Z","volume":60800,"label":" ","price":16.44},{"type":"A","date":"2018-04-04T03:12:12.000Z","volume":7200,"label":" ","price":16.46},{"type":"U","date":"2018-04-04T03:12:15.000Z","volume":800,"label":"X","price":16.44},{"type":"A","date":"2018-04-04T03:12:20.000Z","volume":49200,"label":" ","price":16.46},{"type":"A","date":"2018-04-04T03:12:21.000Z","volume":2000,"label":" ","price":16.48},{"type":"A","date":"2018-04-04T03:12:21.000Z","volume":6800,"label":" ","price":16.48},{"type":"A","date":"2018-04-04T03:12:21.000Z","volume":1200,"label":"Y","price":16.5},{"type":"A","date":"2018-04-04T03:12:21.000Z","volume":16800,"label":" ","price":16.5},{"type":"A","date":"2018-04-04T03:12:21.000Z","volume":3600,"label":" ","price":16.52},{"type":"A","date":"2018-04-04T03:12:22.000Z","volume":3200,"label":" ","price":16.56},{"type":"A","date":"2018-04-04T03:12:22.000Z","volume":4000,"label":"Y","price":16.58},{"type":"A","date":"2018-04-04T03:12:22.000Z","volume":1600,"label":" ","price":16.58},{"type":"U","date":"2018-04-04T03:13:57.000Z","volume":5600,"label":"X","price":16.52},{"type":"U","date":"2018-04-04T03:13:57.000Z","volume":2000,"label":"X","price":16.52},{"type":"U","date":"2018-04-04T03:14:18.000Z","volume":2800,"label":"X","price":16.52},{"type":"U","date":"2018-04-04T03:14:18.000Z","volume":1200,"label":"X","price":16.52},{"type":"U","date":"2018-04-04T03:14:18.000Z","volume":3200,"label":"X","price":16.52},{"type":"U","date":"2018-04-04T03:14:18.000Z","volume":1600,"label":"X","price":16.52},{"type":"A","date":"2018-04-04T03:14:41.000Z","volume":2000,"label":" ","price":16.54},{"type":"A","date":"2018-04-04T03:15:29.000Z","volume":400,"label":" ","price":16.54},{"type":"A","date":"2018-04-04T03:16:24.000Z","volume":400,"label":" ","price":16.52},{"type":"A","date":"2018-04-04T03:17:45.000Z","volume":2000,"label":" ","price":16.54},{"type":"A","date":"2018-04-04T03:17:46.000Z","volume":800,"label":" ","price":16.54},{"type":"U","date":"2018-04-04T03:18:44.000Z","volume":1600,"label":" ","price":16.52},{"type":"B","date":"2018-04-04T03:18:44.000Z","volume":400,"label":" ","price":16.52},{"type":"B","date":"2018-04-04T03:19:11.000Z","volume":400,"label":"Y","price":16.52},{"type":"B","date":"2018-04-04T03:19:11.000Z","volume":7200,"label":" ","price":16.52},{"type":"A","date":"2018-04-04T03:19:11.000Z","volume":800,"label":" ","price":16.54},{"type":"A","date":"2018-04-04T03:19:17.000Z","volume":7200,"label":" ","price":16.54},{"type":"A","date":"2018-04-04T03:19:19.000Z","volume":800,"label":"Y","price":16.54},{"type":"B","date":"2018-04-04T03:20:29.000Z","volume":400,"label":" ","price":16.52},{"type":"A","date":"2018-04-04T03:21:40.000Z","volume":1200,"label":"Y","price":16.54},{"type":"A","date":"2018-04-04T03:21:40.000Z","volume":3600,"label":" ","price":16.54},{"type":"A","date":"2018-04-04T03:21:42.000Z","volume":800,"label":" ","price":16.54},{"type":"B","date":"2018-04-04T03:22:44.000Z","volume":2000,"label":" ","price":16.52},{"type":"U","date":"2018-04-04T03:23:33.000Z","volume":1200,"label":"X","price":16.54},{"type":"A","date":"2018-04-04T03:23:34.000Z","volume":4000,"label":" ","price":16.54},{"type":"B","date":"2018-04-04T03:23:34.000Z","volume":1600,"label":"Y","price":16.52},{"type":"B","date":"2018-04-04T03:23:34.000Z","volume":12800,"label":" ","price":16.52},{"type":"B","date":"2018-04-04T03:23:34.000Z","volume":48400,"label":" ","price":16.52},{"type":"B","date":"2018-04-04T03:23:34.000Z","volume":9200,"label":" ","price":16.52},{"type":"B","date":"2018-04-04T03:23:34.000Z","volume":17200,"label":" ","price":16.5},{"type":"B","date":"2018-04-04T03:23:34.000Z","volume":800,"label":" ","price":16.52},{"type":"B","date":"2018-04-04T03:23:34.000Z","volume":1600,"label":" ","price":16.5},{"type":"A","date":"2018-04-04T03:23:44.000Z","volume":400,"label":" ","price":16.5},{"type":"B","date":"2018-04-04T03:23:55.000Z","volume":1600,"label":" ","price":16.46},{"type":"B","date":"2018-04-04T03:24:12.000Z","volume":400,"label":" ","price":16.46},{"type":"B","date":"2018-04-04T03:24:13.000Z","volume":800,"label":" ","price":16.46},{"type":"U","date":"2018-04-04T03:24:21.000Z","volume":800,"label":"X","price":16.47},{"type":"U","date":"2018-04-04T03:24:21.000Z","volume":2000,"label":"X","price":16.47},{"type":"U","date":"2018-04-04T03:24:23.000Z","volume":1600,"label":"X","price":16.47},{"type":"B","date":"2018-04-04T03:24:58.000Z","volume":2000,"label":"Y","price":16.46},{"type":"B","date":"2018-04-04T03:24:58.000Z","volume":14800,"label":" ","price":16.46},{"type":"B","date":"2018-04-04T03:24:58.000Z","volume":400,"label":" ","price":16.46},{"type":"U","date":"2018-04-04T03:25:45.000Z","volume":800,"label":"X","price":16.46},{"type":"U","date":"2018-04-04T03:25:46.000Z","volume":2000,"label":" ","price":16.46},{"type":"B","date":"2018-04-04T03:26:06.000Z","volume":1200,"label":" ","price":16.46},{"type":"U","date":"2018-04-04T03:26:25.000Z","volume":800,"label":"X","price":16.47},{"type":"U","date":"2018-04-04T03:26:29.000Z","volume":400,"label":"X","price":16.47},{"type":"B","date":"2018-04-04T03:27:08.000Z","volume":400,"label":" ","price":16.46},{"type":"B","date":"2018-04-04T03:27:23.000Z","volume":400,"label":" ","price":16.46},{"type":"U","date":"2018-04-04T03:27:23.000Z","volume":400,"label":"X","price":16.47},{"type":"B","date":"2018-04-04T03:28:13.000Z","volume":6400,"label":" ","price":16.46},{"type":"U","date":"2018-04-04T03:28:13.000Z","volume":400,"label":"X","price":16.47},{"type":"B","date":"2018-04-04T03:28:16.000Z","volume":400,"label":" ","price":16.46},{"type":"U","date":"2018-04-04T03:28:51.000Z","volume":800,"label":"X","price":16.47},{"type":"B","date":"2018-04-04T03:29:17.000Z","volume":3200,"label":" ","price":16.46},{"type":"A","date":"2018-04-04T03:29:21.000Z","volume":800,"label":" ","price":16.48},{"type":"B","date":"2018-04-04T03:29:24.000Z","volume":400,"label":" ","price":16.46},{"type":"U","date":"2018-04-04T03:30:02.000Z","volume":400,"label":"X","price":16.47},{"type":"B","date":"2018-04-04T03:30:16.000Z","volume":2400,"label":" ","price":16.46},{"type":"B","date":"2018-04-04T03:31:15.000Z","volume":400,"label":" ","price":16.46},{"type":"B","date":"2018-04-04T03:31:22.000Z","volume":2000,"label":" ","price":16.46},{"type":"B","date":"2018-04-04T03:32:19.000Z","volume":400,"label":" ","price":16.46},{"type":"B","date":"2018-04-04T03:32:19.000Z","volume":400,"label":"Y","price":16.46},{"type":"B","date":"2018-04-04T03:32:19.000Z","volume":2000,"label":" ","price":16.46},{"type":"A","date":"2018-04-04T03:32:19.000Z","volume":800,"label":" ","price":16.48},{"type":"A","date":"2018-04-04T03:32:51.000Z","volume":2800,"label":" ","price":16.48},{"type":"A","date":"2018-04-04T03:33:01.000Z","volume":80000,"label":" ","price":16.48},{"type":"A","date":"2018-04-04T03:33:01.000Z","volume":4400,"label":" ","price":16.48},{"type":"A","date":"2018-04-04T03:33:01.000Z","volume":2400,"label":" ","price":16.48},{"type":"A","date":"2018-04-04T03:33:01.000Z","volume":400,"label":" ","price":16.48},{"type":"A","date":"2018-04-04T03:33:02.000Z","volume":2800,"label":"Y","price":16.5},{"type":"A","date":"2018-04-04T03:33:02.000Z","volume":19600,"label":" ","price":16.5},{"type":"A","date":"2018-04-04T03:33:02.000Z","volume":4000,"label":" ","price":16.5},{"type":"A","date":"2018-04-04T03:33:03.000Z","volume":4000,"label":"Y","price":16.52},{"type":"A","date":"2018-04-04T03:33:03.000Z","volume":2800,"label":" ","price":16.52},{"type":"A","date":"2018-04-04T03:33:03.000Z","volume":2400,"label":"Y","price":16.54},{"type":"A","date":"2018-04-04T03:33:03.000Z","volume":3200,"label":" ","price":16.54},{"type":"B","date":"2018-04-04T03:33:17.000Z","volume":400,"label":" ","price":16.52},{"type":"A","date":"2018-04-04T03:33:18.000Z","volume":1600,"label":" ","price":16.54},{"type":"A","date":"2018-04-04T03:33:18.000Z","volume":1600,"label":" ","price":16.54},{"type":"A","date":"2018-04-04T03:33:18.000Z","volume":1200,"label":" ","price":16.54},{"type":"A","date":"2018-04-04T03:33:19.000Z","volume":800,"label":" ","price":16.54},{"type":"A","date":"2018-04-04T03:33:32.000Z","volume":400,"label":" ","price":16.54},{"type":"A","date":"2018-04-04T03:33:32.000Z","volume":400,"label":" ","price":16.54},{"type":"A","date":"2018-04-04T03:33:33.000Z","volume":400,"label":" ","price":16.54},{"type":"A","date":"2018-04-04T03:33:36.000Z","volume":1200,"label":" ","price":16.54},{"type":"A","date":"2018-04-04T03:33:36.000Z","volume":2800,"label":" ","price":16.54},{"type":"A","date":"2018-04-04T03:33:36.000Z","volume":800,"label":" ","price":16.54},{"type":"B","date":"2018-04-04T03:34:09.000Z","volume":400,"label":"Y","price":16.52},{"type":"A","date":"2018-04-04T03:34:10.000Z","volume":800,"label":" ","price":16.54},{"type":"B","date":"2018-04-04T03:34:52.000Z","volume":38000,"label":" ","price":16.52},{"type":"B","date":"2018-04-04T03:34:52.000Z","volume":11200,"label":" ","price":16.5},{"type":"B","date":"2018-04-04T03:34:52.000Z","volume":1600,"label":" ","price":16.52},{"type":"B","date":"2018-04-04T03:34:52.000Z","volume":5200,"label":" ","price":16.52},{"type":"B","date":"2018-04-04T03:34:52.000Z","volume":400,"label":" ","price":16.52},{"type":"B","date":"2018-04-04T03:34:52.000Z","volume":2000,"label":" ","price":16.52},{"type":"B","date":"2018-04-04T03:34:52.000Z","volume":1600,"label":" ","price":16.48},{"type":"A","date":"2018-04-04T03:34:54.000Z","volume":1200,"label":" ","price":16.52},{"type":"A","date":"2018-04-04T03:35:45.000Z","volume":1600,"label":" ","price":16.52},{"type":"B","date":"2018-04-04T03:36:01.000Z","volume":400,"label":" ","price":16.46},{"type":"U","date":"2018-04-04T03:40:52.000Z","volume":400,"label":"X","price":16.47},{"type":"U","date":"2018-04-04T03:41:18.000Z","volume":400,"label":"X","price":16.47},{"type":"A","date":"2018-04-04T03:41:45.000Z","volume":400,"label":"Y","price":16.48},{"type":"A","date":"2018-04-04T03:41:45.000Z","volume":1200,"label":" ","price":16.48},{"type":"A","date":"2018-04-04T03:41:48.000Z","volume":400,"label":" ","price":16.48},{"type":"B","date":"2018-04-04T03:42:24.000Z","volume":1200,"label":" ","price":16.46},{"type":"B","date":"2018-04-04T03:42:59.000Z","volume":400,"label":"Y","price":16.46},{"type":"B","date":"2018-04-04T03:42:59.000Z","volume":2400,"label":" ","price":16.46},{"type":"A","date":"2018-04-04T03:42:59.000Z","volume":400,"label":" ","price":16.48},{"type":"U","date":"2018-04-04T03:43:17.000Z","volume":400,"label":"X","price":16.47},{"type":"U","date":"2018-04-04T03:43:49.000Z","volume":400,"label":"X","price":16.47},{"type":"B","date":"2018-04-04T03:44:07.000Z","volume":2800,"label":" ","price":16.46},{"type":"A","date":"2018-04-04T03:44:07.000Z","volume":400,"label":" ","price":16.48},{"type":"A","date":"2018-04-04T03:44:29.000Z","volume":30800,"label":" ","price":16.48},{"type":"A","date":"2018-04-04T03:44:29.000Z","volume":25600,"label":" ","price":16.48},{"type":"B","date":"2018-04-04T03:44:29.000Z","volume":400,"label":" ","price":16.46},{"type":"A","date":"2018-04-04T03:44:31.000Z","volume":6400,"label":" ","price":16.5},{"type":"A","date":"2018-04-04T03:44:31.000Z","volume":14800,"label":" ","price":16.5},{"type":"A","date":"2018-04-04T03:44:32.000Z","volume":1600,"label":" ","price":16.52},{"type":"A","date":"2018-04-04T03:44:40.000Z","volume":800,"label":" ","price":16.52},{"type":"A","date":"2018-04-04T03:44:50.000Z","volume":3600,"label":" ","price":16.52},{"type":"A","date":"2018-04-04T03:44:50.000Z","volume":400,"label":" ","price":16.52},{"type":"A","date":"2018-04-04T03:44:50.000Z","volume":400,"label":"Y","price":16.52},{"type":"U","date":"2018-04-04T03:45:07.000Z","volume":800,"label":"X","price":16.52},{"type":"U","date":"2018-04-04T03:45:19.000Z","volume":2400,"label":"X","price":16.51},{"type":"A","date":"2018-04-04T03:46:07.000Z","volume":29600,"label":" ","price":16.52},{"type":"A","date":"2018-04-04T03:46:09.000Z","volume":2800,"label":"Y","price":16.54},{"type":"A","date":"2018-04-04T03:46:09.000Z","volume":400,"label":" ","price":16.54},{"type":"A","date":"2018-04-04T03:46:16.000Z","volume":2000,"label":" ","price":16.54},{"type":"A","date":"2018-04-04T03:46:16.000Z","volume":400,"label":"Y","price":16.54},{"type":"A","date":"2018-04-04T03:47:02.000Z","volume":400,"label":" ","price":16.54},{"type":"A","date":"2018-04-04T03:47:02.000Z","volume":400,"label":" ","price":16.54},{"type":"A","date":"2018-04-04T03:47:03.000Z","volume":1600,"label":" ","price":16.54},{"type":"A","date":"2018-04-04T03:47:03.000Z","volume":1200,"label":" ","price":16.54},{"type":"A","date":"2018-04-04T03:47:03.000Z","volume":800,"label":" ","price":16.54},{"type":"A","date":"2018-04-04T03:47:03.000Z","volume":2000,"label":" ","price":16.54},{"type":"A","date":"2018-04-04T03:47:03.000Z","volume":400,"label":"Y","price":16.54},{"type":"A","date":"2018-04-04T03:47:03.000Z","volume":400,"label":" ","price":16.54},{"type":"A","date":"2018-04-04T03:47:03.000Z","volume":400,"label":"Y","price":16.54},{"type":"A","date":"2018-04-04T03:47:12.000Z","volume":3200,"label":" ","price":16.54},{"type":"A","date":"2018-04-04T03:47:16.000Z","volume":400,"label":" ","price":16.54},{"type":"A","date":"2018-04-04T03:47:32.000Z","volume":400,"label":" ","price":16.54},{"type":"A","date":"2018-04-04T03:47:45.000Z","volume":400,"label":"Y","price":16.54},{"type":"U","date":"2018-04-04T03:47:58.000Z","volume":1200,"label":"X","price":16.54},{"type":"A","date":"2018-04-04T03:49:34.000Z","volume":400,"label":"Y","price":16.54},{"type":"A","date":"2018-04-04T03:49:34.000Z","volume":3200,"label":" ","price":16.54},{"type":"A","date":"2018-04-04T03:49:34.000Z","volume":400,"label":" ","price":16.54},{"type":"B","date":"2018-04-04T03:49:38.000Z","volume":10000,"label":" ","price":16.52},{"type":"A","date":"2018-04-04T03:49:39.000Z","volume":1200,"label":" ","price":16.54},{"type":"B","date":"2018-04-04T03:49:46.000Z","volume":27600,"label":" ","price":16.52},{"type":"U","date":"2018-04-04T03:49:46.000Z","volume":2000,"label":"X","price":16.52},{"type":"U","date":"2018-04-04T03:49:46.000Z","volume":400,"label":" ","price":16.52},{"type":"U","date":"2018-04-04T03:49:46.000Z","volume":400,"label":" ","price":16.52},{"type":"B","date":"2018-04-04T03:49:47.000Z","volume":400,"label":" ","price":16.52},{"type":"A","date":"2018-04-04T03:49:47.000Z","volume":400,"label":" ","price":16.54},{"type":"B","date":"2018-04-04T03:49:49.000Z","volume":800,"label":" ","price":16.5},{"type":"B","date":"2018-04-04T03:49:57.000Z","volume":400,"label":" ","price":16.48},{"type":"U","date":"2018-04-04T03:50:37.000Z","volume":400,"label":"X","price":16.48},{"type":"A","date":"2018-04-04T03:51:33.000Z","volume":400,"label":" ","price":16.48},{"type":"A","date":"2018-04-04T03:51:41.000Z","volume":4400,"label":" ","price":16.48},{"type":"A","date":"2018-04-04T03:51:41.000Z","volume":12800,"label":" ","price":16.5},{"type":"A","date":"2018-04-04T03:51:41.000Z","volume":400,"label":"Y","price":16.52},{"type":"A","date":"2018-04-04T03:51:41.000Z","volume":1600,"label":" ","price":16.52},{"type":"U","date":"2018-04-04T03:52:23.000Z","volume":1200,"label":"X","price":16.51},{"type":"U","date":"2018-04-04T03:52:26.000Z","volume":400,"label":"X","price":16.51},{"type":"U","date":"2018-04-04T03:53:25.000Z","volume":400,"label":"X","price":16.51},{"type":"U","date":"2018-04-04T03:53:26.000Z","volume":400,"label":"X","price":16.51},{"type":"A","date":"2018-04-04T03:53:53.000Z","volume":400,"label":" ","price":16.52},{"type":"B","date":"2018-04-04T03:54:02.000Z","volume":10000,"label":" ","price":16.5},{"type":"A","date":"2018-04-04T03:54:02.000Z","volume":1200,"label":"Y","price":16.52},{"type":"B","date":"2018-04-04T03:54:02.000Z","volume":8400,"label":" ","price":16.5},{"type":"B","date":"2018-04-04T03:54:02.000Z","volume":1200,"label":" ","price":16.5},{"type":"U","date":"2018-04-04T03:54:24.000Z","volume":400,"label":"X","price":16.47},{"type":"A","date":"2018-04-04T03:54:28.000Z","volume":4800,"label":" ","price":16.48},{"type":"A","date":"2018-04-04T03:54:29.000Z","volume":800,"label":" ","price":16.5},{"type":"U","date":"2018-04-04T03:54:45.000Z","volume":1600,"label":"X","price":16.49},{"type":"U","date":"2018-04-04T03:54:45.000Z","volume":400,"label":"X","price":16.49},{"type":"A","date":"2018-04-04T03:55:58.000Z","volume":19200,"label":" ","price":16.5},{"type":"B","date":"2018-04-04T03:55:58.000Z","volume":800,"label":" ","price":16.5},{"type":"B","date":"2018-04-04T03:55:58.000Z","volume":2400,"label":" ","price":16.5},{"type":"B","date":"2018-04-04T03:56:39.000Z","volume":1600,"label":" ","price":16.5},{"type":"A","date":"2018-04-04T03:56:39.000Z","volume":800,"label":" ","price":16.5},{"type":"A","date":"2018-04-04T03:56:39.000Z","volume":400,"label":" ","price":16.52},{"type":"A","date":"2018-04-04T03:57:18.000Z","volume":400,"label":" ","price":16.52},{"type":"A","date":"2018-04-04T03:59:23.000Z","volume":400,"label":" ","price":16.52},{"type":"A","date":"2018-04-04T03:59:30.000Z","volume":2000,"label":"Y","price":16.52},{"type":"A","date":"2018-04-04T03:59:30.000Z","volume":400,"label":" ","price":16.52},{"type":"A","date":"2018-04-04T03:59:36.000Z","volume":4800,"label":"Y","price":16.52},{"type":"A","date":"2018-04-04T03:59:36.000Z","volume":5600,"label":" ","price":16.52},{"type":"A","date":"2018-04-04T03:59:38.000Z","volume":1200,"label":"Y","price":16.54},{"type":"A","date":"2018-04-04T03:59:49.000Z","volume":400,"label":" ","price":16.54},{"type":"U","date":"2018-04-04T05:00:01.000Z","volume":400,"label":"X","price":16.52},{"type":"U","date":"2018-04-04T05:00:01.000Z","volume":400,"label":"X","price":16.52},{"type":"U","date":"2018-04-04T05:00:01.000Z","volume":1200,"label":"X","price":16.52},{"type":"U","date":"2018-04-04T05:00:19.000Z","volume":400,"label":"X","price":16.51},{"type":"U","date":"2018-04-04T05:00:46.000Z","volume":400,"label":"X","price":16.51},{"type":"U","date":"2018-04-04T05:00:46.000Z","volume":400,"label":"X","price":16.51},{"type":"U","date":"2018-04-04T05:00:46.000Z","volume":400,"label":"X","price":16.51},{"type":"A","date":"2018-04-04T05:00:57.000Z","volume":30000,"label":" ","price":16.52},{"type":"A","date":"2018-04-04T05:00:57.000Z","volume":3200,"label":" ","price":16.52},{"type":"A","date":"2018-04-04T05:01:02.000Z","volume":2000,"label":" ","price":16.52},{"type":"A","date":"2018-04-04T05:01:02.000Z","volume":1200,"label":" ","price":16.52},{"type":"A","date":"2018-04-04T05:01:02.000Z","volume":400,"label":" ","price":16.52},{"type":"A","date":"2018-04-04T05:01:02.000Z","volume":400,"label":" ","price":16.52},{"type":"B","date":"2018-04-04T05:01:02.000Z","volume":400,"label":" ","price":16.52},{"type":"A","date":"2018-04-04T05:01:16.000Z","volume":20000,"label":" ","price":16.54},{"type":"A","date":"2018-04-04T05:01:16.000Z","volume":800,"label":" ","price":16.54},{"type":"A","date":"2018-04-04T05:01:18.000Z","volume":1600,"label":" ","price":16.54},{"type":"U","date":"2018-04-04T05:02:57.000Z","volume":800,"label":"X","price":16.54},{"type":"A","date":"2018-04-04T05:03:30.000Z","volume":7200,"label":" ","price":16.54},{"type":"A","date":"2018-04-04T05:03:31.000Z","volume":800,"label":"Y","price":16.56},{"type":"A","date":"2018-04-04T05:05:30.000Z","volume":1600,"label":" ","price":16.56},{"type":"A","date":"2018-04-04T05:06:50.000Z","volume":400,"label":" ","price":16.56},{"type":"U","date":"2018-04-04T05:07:13.000Z","volume":800,"label":"X","price":16.56},{"type":"B","date":"2018-04-04T05:07:57.000Z","volume":1600,"label":" ","price":16.54},{"type":"B","date":"2018-04-04T05:07:57.000Z","volume":32000,"label":" ","price":16.54},{"type":"U","date":"2018-04-04T05:07:57.000Z","volume":400,"label":" ","price":16.54},{"type":"A","date":"2018-04-04T05:07:57.000Z","volume":2400,"label":"Y","price":16.56},{"type":"A","date":"2018-04-04T05:07:57.000Z","volume":400,"label":"Y","price":16.56},{"type":"B","date":"2018-04-04T05:07:59.000Z","volume":2400,"label":" ","price":16.52},{"type":"B","date":"2018-04-04T05:08:00.000Z","volume":8800,"label":" ","price":16.5},{"type":"U","date":"2018-04-04T05:08:00.000Z","volume":800,"label":" ","price":16.5},{"type":"A","date":"2018-04-04T05:08:31.000Z","volume":20000,"label":" ","price":16.52},{"type":"A","date":"2018-04-04T05:08:31.000Z","volume":800,"label":" ","price":16.52},{"type":"U","date":"2018-04-04T05:08:45.000Z","volume":1200,"label":"X","price":16.51},{"type":"U","date":"2018-04-04T05:08:50.000Z","volume":800,"label":"X","price":16.51},{"type":"U","date":"2018-04-04T05:08:50.000Z","volume":2000,"label":"X","price":16.51},{"type":"U","date":"2018-04-04T05:08:58.000Z","volume":400,"label":"X","price":16.51},{"type":"A","date":"2018-04-04T05:09:14.000Z","volume":400,"label":" ","price":16.52},{"type":"B","date":"2018-04-04T05:09:54.000Z","volume":400,"label":" ","price":16.5},{"type":"A","date":"2018-04-04T05:09:58.000Z","volume":20000,"label":" ","price":16.52},{"type":"A","date":"2018-04-04T05:09:58.000Z","volume":800,"label":"Y","price":16.52},{"type":"A","date":"2018-04-04T05:09:58.000Z","volume":1600,"label":" ","price":16.52},{"type":"A","date":"2018-04-04T05:10:04.000Z","volume":6800,"label":" ","price":16.52},{"type":"A","date":"2018-04-04T05:10:05.000Z","volume":400,"label":" ","price":16.54},{"type":"B","date":"2018-04-04T05:13:14.000Z","volume":400,"label":" ","price":16.52},{"type":"A","date":"2018-04-04T05:13:18.000Z","volume":400,"label":" ","price":16.54},{"type":"B","date":"2018-04-04T05:14:18.000Z","volume":400,"label":" ","price":16.52},{"type":"B","date":"2018-04-04T05:15:10.000Z","volume":6000,"label":" ","price":16.52},{"type":"B","date":"2018-04-04T05:15:10.000Z","volume":400,"label":" ","price":16.52},{"type":"A","date":"2018-04-04T05:15:12.000Z","volume":400,"label":" ","price":16.54},{"type":"B","date":"2018-04-04T05:15:15.000Z","volume":400,"label":" ","price":16.52},{"type":"A","date":"2018-04-04T05:15:16.000Z","volume":400,"label":" ","price":16.54},{"type":"B","date":"2018-04-04T05:15:17.000Z","volume":1200,"label":" ","price":16.52},{"type":"B","date":"2018-04-04T05:15:17.000Z","volume":8000,"label":" ","price":16.52},{"type":"B","date":"2018-04-04T05:15:17.000Z","volume":400,"label":" ","price":16.52},{"type":"B","date":"2018-04-04T05:15:35.000Z","volume":1200,"label":" ","price":16.52},{"type":"B","date":"2018-04-04T05:15:40.000Z","volume":400,"label":" ","price":16.52},{"type":"B","date":"2018-04-04T05:16:03.000Z","volume":2000,"label":" ","price":16.52},{"type":"B","date":"2018-04-04T05:16:17.000Z","volume":10800,"label":" ","price":16.52},{"type":"A","date":"2018-04-04T05:16:17.000Z","volume":400,"label":" ","price":16.54},{"type":"U","date":"2018-04-04T05:16:30.000Z","volume":400,"label":" ","price":16.52},{"type":"B","date":"2018-04-04T05:16:35.000Z","volume":400,"label":" ","price":16.52},{"type":"B","date":"2018-04-04T05:16:40.000Z","volume":800,"label":" ","price":16.52},{"type":"B","date":"2018-04-04T05:17:00.000Z","volume":400,"label":" ","price":16.52},{"type":"B","date":"2018-04-04T05:17:07.000Z","volume":1600,"label":" ","price":16.52},{"type":"A","date":"2018-04-04T05:17:07.000Z","volume":400,"label":" ","price":16.54},{"type":"B","date":"2018-04-04T05:17:19.000Z","volume":400,"label":" ","price":16.52},{"type":"B","date":"2018-04-04T05:17:40.000Z","volume":400,"label":" ","price":16.52},{"type":"B","date":"2018-04-04T05:17:40.000Z","volume":4400,"label":" ","price":16.52},{"type":"B","date":"2018-04-04T05:17:40.000Z","volume":800,"label":" ","price":16.52},{"type":"A","date":"2018-04-04T05:17:43.000Z","volume":400,"label":"Y","price":16.54},{"type":"B","date":"2018-04-04T05:18:03.000Z","volume":800,"label":" ","price":16.52},{"type":"A","date":"2018-04-04T05:18:03.000Z","volume":400,"label":"Y","price":16.54},{"type":"B","date":"2018-04-04T05:18:05.000Z","volume":400,"label":" ","price":16.52},{"type":"B","date":"2018-04-04T05:18:30.000Z","volume":400,"label":" ","price":16.52},{"type":"B","date":"2018-04-04T05:18:57.000Z","volume":1200,"label":" ","price":16.52},{"type":"B","date":"2018-04-04T05:19:09.000Z","volume":2400,"label":" ","price":16.52},{"type":"A","date":"2018-04-04T05:19:09.000Z","volume":400,"label":"Y","price":16.54},{"type":"B","date":"2018-04-04T05:19:25.000Z","volume":400,"label":" ","price":16.52},{"type":"B","date":"2018-04-04T05:19:30.000Z","volume":400,"label":" ","price":16.52},{"type":"B","date":"2018-04-04T05:20:02.000Z","volume":2400,"label":" ","price":16.52},{"type":"A","date":"2018-04-04T05:20:02.000Z","volume":400,"label":"Y","price":16.54},{"type":"B","date":"2018-04-04T05:20:09.000Z","volume":1200,"label":" ","price":16.52},{"type":"B","date":"2018-04-04T05:20:29.000Z","volume":400,"label":" ","price":16.52},{"type":"B","date":"2018-04-04T05:20:30.000Z","volume":400,"label":" ","price":16.52},{"type":"B","date":"2018-04-04T05:20:53.000Z","volume":1600,"label":" ","price":16.52},{"type":"A","date":"2018-04-04T05:20:56.000Z","volume":400,"label":"Y","price":16.54},{"type":"A","date":"2018-04-04T05:23:32.000Z","volume":400,"label":" ","price":16.54},{"type":"A","date":"2018-04-04T05:23:45.000Z","volume":1600,"label":" ","price":16.54},{"type":"A","date":"2018-04-04T05:25:08.000Z","volume":1600,"label":" ","price":16.54},{"type":"A","date":"2018-04-04T05:25:09.000Z","volume":400,"label":"Y","price":16.54},{"type":"A","date":"2018-04-04T05:25:43.000Z","volume":800,"label":" ","price":16.54},{"type":"A","date":"2018-04-04T05:26:12.000Z","volume":800,"label":" ","price":16.54},{"type":"U","date":"2018-04-04T05:27:04.000Z","volume":1200,"label":"X","price":16.54},{"type":"A","date":"2018-04-04T05:27:51.000Z","volume":120000,"label":" ","price":16.54},{"type":"A","date":"2018-04-04T05:27:51.000Z","volume":4000,"label":" ","price":16.54},{"type":"A","date":"2018-04-04T05:27:51.000Z","volume":1200,"label":" ","price":16.54},{"type":"A","date":"2018-04-04T05:27:51.000Z","volume":800,"label":" ","price":16.54},{"type":"A","date":"2018-04-04T05:27:51.000Z","volume":800,"label":" ","price":16.54},{"type":"A","date":"2018-04-04T05:27:54.000Z","volume":14000,"label":" ","price":16.56},{"type":"A","date":"2018-04-04T05:27:54.000Z","volume":8400,"label":" ","price":16.56},{"type":"A","date":"2018-04-04T05:27:54.000Z","volume":3600,"label":"Y","price":16.56},{"type":"A","date":"2018-04-04T05:27:54.000Z","volume":5600,"label":" ","price":16.56},{"type":"A","date":"2018-04-04T05:27:55.000Z","volume":2000,"label":" ","price":16.58},{"type":"U","date":"2018-04-04T05:28:29.000Z","volume":800,"label":"X","price":16.58},{"type":"A","date":"2018-04-04T05:29:45.000Z","volume":2000,"label":" ","price":16.58},{"type":"A","date":"2018-04-04T05:30:25.000Z","volume":400,"label":" ","price":16.58},{"type":"A","date":"2018-04-04T05:30:36.000Z","volume":400,"label":" ","price":16.58},{"type":"A","date":"2018-04-04T05:31:00.000Z","volume":800,"label":" ","price":16.58},{"type":"A","date":"2018-04-04T05:31:06.000Z","volume":400,"label":" ","price":16.58},{"type":"A","date":"2018-04-04T05:31:14.000Z","volume":400,"label":" ","price":16.58},{"type":"A","date":"2018-04-04T05:31:35.000Z","volume":800,"label":" ","price":16.58},{"type":"A","date":"2018-04-04T05:31:36.000Z","volume":800,"label":" ","price":16.58},{"type":"B","date":"2018-04-04T05:32:00.000Z","volume":4400,"label":" ","price":16.56},{"type":"B","date":"2018-04-04T05:32:00.000Z","volume":29200,"label":" ","price":16.56},{"type":"A","date":"2018-04-04T05:32:00.000Z","volume":1200,"label":" ","price":16.58},{"type":"A","date":"2018-04-04T05:32:02.000Z","volume":800,"label":" ","price":16.58},{"type":"B","date":"2018-04-04T05:32:04.000Z","volume":1200,"label":" ","price":16.56},{"type":"B","date":"2018-04-04T05:32:10.000Z","volume":800,"label":" ","price":16.56},{"type":"B","date":"2018-04-04T05:32:12.000Z","volume":400,"label":" ","price":16.56},{"type":"B","date":"2018-04-04T05:33:01.000Z","volume":1600,"label":" ","price":16.56},{"type":"A","date":"2018-04-04T05:35:02.000Z","volume":400,"label":" ","price":16.58},{"type":"A","date":"2018-04-04T05:35:02.000Z","volume":400,"label":" ","price":16.58},{"type":"A","date":"2018-04-04T05:35:02.000Z","volume":400,"label":" ","price":16.58},{"type":"A","date":"2018-04-04T05:35:02.000Z","volume":1200,"label":" ","price":16.58},{"type":"A","date":"2018-04-04T05:35:26.000Z","volume":400,"label":" ","price":16.58},{"type":"A","date":"2018-04-04T05:36:18.000Z","volume":1600,"label":" ","price":16.58},{"type":"A","date":"2018-04-04T05:36:18.000Z","volume":800,"label":" ","price":16.58},{"type":"A","date":"2018-04-04T05:37:55.000Z","volume":38400,"label":" ","price":16.58},{"type":"A","date":"2018-04-04T05:37:57.000Z","volume":4400,"label":" ","price":16.6},{"type":"B","date":"2018-04-04T05:38:23.000Z","volume":6400,"label":" ","price":16.58},{"type":"B","date":"2018-04-04T05:38:48.000Z","volume":6800,"label":"Y","price":16.58},{"type":"A","date":"2018-04-04T05:38:48.000Z","volume":1200,"label":" ","price":16.6},{"type":"B","date":"2018-04-04T05:39:16.000Z","volume":400,"label":" ","price":16.58},{"type":"B","date":"2018-04-04T05:39:16.000Z","volume":800,"label":" ","price":16.58},{"type":"B","date":"2018-04-04T05:39:16.000Z","volume":400,"label":"Y","price":16.58},{"type":"B","date":"2018-04-04T05:39:16.000Z","volume":400,"label":" ","price":16.58},{"type":"A","date":"2018-04-04T05:39:17.000Z","volume":1200,"label":" ","price":16.58},{"type":"A","date":"2018-04-04T05:39:37.000Z","volume":400,"label":" ","price":16.58},{"type":"B","date":"2018-04-04T05:40:04.000Z","volume":400,"label":" ","price":16.56},{"type":"B","date":"2018-04-04T05:40:04.000Z","volume":74000,"label":" ","price":16.56},{"type":"U","date":"2018-04-04T05:40:04.000Z","volume":2000,"label":" ","price":16.56},{"type":"U","date":"2018-04-04T05:40:04.000Z","volume":1200,"label":" ","price":16.56},{"type":"A","date":"2018-04-04T05:40:33.000Z","volume":400,"label":" ","price":16.54},{"type":"A","date":"2018-04-04T05:40:47.000Z","volume":13200,"label":" ","price":16.54},{"type":"A","date":"2018-04-04T05:40:47.000Z","volume":1600,"label":" ","price":16.56},{"type":"B","date":"2018-04-04T05:41:38.000Z","volume":800,"label":" ","price":16.54},{"type":"B","date":"2018-04-04T05:42:06.000Z","volume":4000,"label":" ","price":16.54},{"type":"B","date":"2018-04-04T05:42:06.000Z","volume":800,"label":" ","price":16.54},{"type":"A","date":"2018-04-04T05:42:10.000Z","volume":800,"label":" ","price":16.56},{"type":"B","date":"2018-04-04T05:43:00.000Z","volume":1200,"label":" ","price":16.54},{"type":"B","date":"2018-04-04T05:43:12.000Z","volume":800,"label":" ","price":16.54},{"type":"B","date":"2018-04-04T05:43:57.000Z","volume":2000,"label":" ","price":16.54},{"type":"B","date":"2018-04-04T05:44:04.000Z","volume":18000,"label":" ","price":16.54},{"type":"A","date":"2018-04-04T05:44:04.000Z","volume":800,"label":" ","price":16.56},{"type":"B","date":"2018-04-04T05:46:43.000Z","volume":16000,"label":" ","price":16.52},{"type":"A","date":"2018-04-04T05:46:43.000Z","volume":1600,"label":" ","price":16.54},{"type":"A","date":"2018-04-04T05:46:47.000Z","volume":400,"label":" ","price":16.54},{"type":"A","date":"2018-04-04T05:46:47.000Z","volume":400,"label":" ","price":16.54},{"type":"A","date":"2018-04-04T05:46:47.000Z","volume":1200,"label":" ","price":16.54},{"type":"B","date":"2018-04-04T05:48:31.000Z","volume":8000,"label":" ","price":16.52},{"type":"B","date":"2018-04-04T05:48:31.000Z","volume":72800,"label":" ","price":16.52},{"type":"B","date":"2018-04-04T05:48:31.000Z","volume":400,"label":" ","price":16.52},{"type":"B","date":"2018-04-04T05:48:31.000Z","volume":400,"label":" ","price":16.52},{"type":"B","date":"2018-04-04T05:48:31.000Z","volume":1600,"label":" ","price":16.52},{"type":"B","date":"2018-04-04T05:48:31.000Z","volume":1200,"label":" ","price":16.52},{"type":"B","date":"2018-04-04T05:48:31.000Z","volume":4000,"label":" ","price":16.5},{"type":"B","date":"2018-04-04T05:48:31.000Z","volume":43200,"label":" ","price":16.5},{"type":"B","date":"2018-04-04T05:48:31.000Z","volume":10000,"label":" ","price":16.48},{"type":"B","date":"2018-04-04T05:48:31.000Z","volume":800,"label":" ","price":16.48},{"type":"U","date":"2018-04-04T05:48:31.000Z","volume":1200,"label":" ","price":16.52},{"type":"B","date":"2018-04-04T05:48:31.000Z","volume":1200,"label":" ","price":16.5},{"type":"A","date":"2018-04-04T05:48:33.000Z","volume":1600,"label":" ","price":16.52},{"type":"B","date":"2018-04-04T05:48:47.000Z","volume":15200,"label":" ","price":16.46},{"type":"A","date":"2018-04-04T05:48:47.000Z","volume":1600,"label":" ","price":16.48},{"type":"B","date":"2018-04-04T05:48:47.000Z","volume":400,"label":" ","price":16.44},{"type":"U","date":"2018-04-04T05:48:47.000Z","volume":400,"label":" ","price":16.46},{"type":"A","date":"2018-04-04T05:48:47.000Z","volume":3600,"label":" ","price":16.48},{"type":"A","date":"2018-04-04T05:48:49.000Z","volume":800,"label":" ","price":16.48},{"type":"A","date":"2018-04-04T05:48:52.000Z","volume":1200,"label":"Y","price":16.48},{"type":"A","date":"2018-04-04T05:48:52.000Z","volume":400,"label":" ","price":16.48},{"type":"A","date":"2018-04-04T05:49:00.000Z","volume":800,"label":" ","price":16.46},{"type":"U","date":"2018-04-04T05:49:25.000Z","volume":4000,"label":"X","price":16.45},{"type":"B","date":"2018-04-04T05:49:26.000Z","volume":800,"label":" ","price":16.44},{"type":"B","date":"2018-04-04T05:49:44.000Z","volume":7200,"label":" ","price":16.44},{"type":"A","date":"2018-04-04T05:49:44.000Z","volume":800,"label":" ","price":16.44},{"type":"A","date":"2018-04-04T05:49:45.000Z","volume":800,"label":" ","price":16.44},{"type":"U","date":"2018-04-04T05:49:54.000Z","volume":400,"label":"X","price":16.45},{"type":"B","date":"2018-04-04T05:50:06.000Z","volume":800,"label":" ","price":16.44},{"type":"U","date":"2018-04-04T05:50:45.000Z","volume":800,"label":"X","price":16.44},{"type":"U","date":"2018-04-04T05:50:45.000Z","volume":800,"label":"X","price":16.44},{"type":"U","date":"2018-04-04T05:51:48.000Z","volume":800,"label":"X","price":16.43},{"type":"U","date":"2018-04-04T05:51:48.000Z","volume":1200,"label":"X","price":16.43},{"type":"A","date":"2018-04-04T05:51:58.000Z","volume":8000,"label":" ","price":16.44},{"type":"A","date":"2018-04-04T05:51:58.000Z","volume":75600,"label":" ","price":16.44},{"type":"A","date":"2018-04-04T05:51:58.000Z","volume":9600,"label":" ","price":16.46},{"type":"U","date":"2018-04-04T05:51:58.000Z","volume":800,"label":"X","price":16.44},{"type":"A","date":"2018-04-04T05:52:08.000Z","volume":1200,"label":" ","price":16.46},{"type":"A","date":"2018-04-04T05:52:11.000Z","volume":8000,"label":" ","price":16.46},{"type":"A","date":"2018-04-04T05:52:12.000Z","volume":1200,"label":" ","price":16.46},{"type":"A","date":"2018-04-04T05:52:12.000Z","volume":4800,"label":"Y","price":16.46},{"type":"A","date":"2018-04-04T05:52:18.000Z","volume":1600,"label":" ","price":16.46},{"type":"U","date":"2018-04-04T05:52:47.000Z","volume":4000,"label":"X","price":16.45},{"type":"A","date":"2018-04-04T05:52:53.000Z","volume":12800,"label":" ","price":16.46},{"type":"A","date":"2018-04-04T05:52:57.000Z","volume":1600,"label":"Y","price":16.48},{"type":"A","date":"2018-04-04T05:52:57.000Z","volume":400,"label":" ","price":16.48},{"type":"U","date":"2018-04-04T05:53:15.000Z","volume":800,"label":"X","price":16.47},{"type":"U","date":"2018-04-04T05:53:15.000Z","volume":400,"label":"X","price":16.47},{"type":"U","date":"2018-04-04T05:53:18.000Z","volume":800,"label":"X","price":16.47},{"type":"U","date":"2018-04-04T05:53:18.000Z","volume":400,"label":"X","price":16.47},{"type":"U","date":"2018-04-04T05:53:19.000Z","volume":800,"label":"X","price":16.47},{"type":"U","date":"2018-04-04T05:54:29.000Z","volume":800,"label":"X","price":16.47},{"type":"U","date":"2018-04-04T05:54:29.000Z","volume":400,"label":"X","price":16.47},{"type":"U","date":"2018-04-04T05:55:20.000Z","volume":400,"label":"X","price":16.47},{"type":"U","date":"2018-04-04T05:55:49.000Z","volume":400,"label":"X","price":16.47},{"type":"U","date":"2018-04-04T05:55:54.000Z","volume":400,"label":"X","price":16.47},{"type":"U","date":"2018-04-04T05:56:12.000Z","volume":400,"label":"X","price":16.47},{"type":"A","date":"2018-04-04T05:57:02.000Z","volume":20000,"label":" ","price":16.48},{"type":"A","date":"2018-04-04T05:57:02.000Z","volume":1200,"label":" ","price":16.48},{"type":"A","date":"2018-04-04T05:57:02.000Z","volume":1600,"label":" ","price":16.48},{"type":"A","date":"2018-04-04T05:57:02.000Z","volume":1200,"label":" ","price":16.48},{"type":"A","date":"2018-04-04T05:57:02.000Z","volume":1600,"label":" ","price":16.48},{"type":"U","date":"2018-04-04T05:57:02.000Z","volume":400,"label":"X","price":16.49},{"type":"A","date":"2018-04-04T05:57:04.000Z","volume":1200,"label":"Y","price":16.5},{"type":"B","date":"2018-04-04T05:58:58.000Z","volume":400,"label":" ","price":16.48},{"type":"B","date":"2018-04-04T05:58:58.000Z","volume":19200,"label":" ","price":16.48},{"type":"A","date":"2018-04-04T05:58:58.000Z","volume":1600,"label":"Y","price":16.5},{"type":"B","date":"2018-04-04T05:59:08.000Z","volume":400,"label":" ","price":16.48},{"type":"B","date":"2018-04-04T05:59:08.000Z","volume":800,"label":"Y","price":16.48},{"type":"B","date":"2018-04-04T05:59:08.000Z","volume":4000,"label":" ","price":16.48},{"type":"B","date":"2018-04-04T05:59:08.000Z","volume":400,"label":" ","price":16.48},{"type":"A","date":"2018-04-04T05:59:09.000Z","volume":800,"label":" ","price":16.48},{"type":"A","date":"2018-04-04T05:59:45.000Z","volume":1600,"label":" ","price":16.5},{"type":"U","date":"2018-04-04T05:59:47.000Z","volume":2000,"label":"X","price":16.48},{"type":"B","date":"2018-04-04T06:02:28.000Z","volume":2000,"label":" ","price":16.46},{"type":"B","date":"2018-04-04T06:05:37.000Z","volume":2800,"label":" ","price":16.46},{"type":"B","date":"2018-04-04T06:05:40.000Z","volume":85200,"label":" ","price":16.46},{"type":"B","date":"2018-04-04T06:05:40.000Z","volume":400,"label":" ","price":16.46},{"type":"B","date":"2018-04-04T06:05:40.000Z","volume":400,"label":" ","price":16.46},{"type":"B","date":"2018-04-04T06:05:40.000Z","volume":1600,"label":" ","price":16.46},{"type":"B","date":"2018-04-04T06:05:40.000Z","volume":400,"label":" ","price":16.46},{"type":"B","date":"2018-04-04T06:05:40.000Z","volume":400,"label":" ","price":16.46},{"type":"B","date":"2018-04-04T06:05:40.000Z","volume":400,"label":" ","price":16.46},{"type":"B","date":"2018-04-04T06:05:40.000Z","volume":4000,"label":" ","price":16.44},{"type":"B","date":"2018-04-04T06:05:40.000Z","volume":35600,"label":" ","price":16.42},{"type":"A","date":"2018-04-04T06:05:42.000Z","volume":1600,"label":" ","price":16.44},{"type":"U","date":"2018-04-04T06:05:48.000Z","volume":400,"label":" ","price":16.42},{"type":"A","date":"2018-04-04T06:05:50.000Z","volume":2400,"label":"Y","price":16.44},{"type":"A","date":"2018-04-04T06:05:50.000Z","volume":400,"label":" ","price":16.44},{"type":"B","date":"2018-04-04T06:07:00.000Z","volume":800,"label":" ","price":16.4},{"type":"U","date":"2018-04-04T06:07:00.000Z","volume":1200,"label":"X","price":16.41},{"type":"U","date":"2018-04-04T06:07:00.000Z","volume":2400,"label":"X","price":16.41},{"type":"U","date":"2018-04-04T06:07:00.000Z","volume":800,"label":"X","price":16.41},{"type":"B","date":"2018-04-04T06:07:00.000Z","volume":800,"label":" ","price":16.4},{"type":"B","date":"2018-04-04T06:07:26.000Z","volume":400,"label":" ","price":16.4},{"type":"B","date":"2018-04-04T06:07:32.000Z","volume":400,"label":"Y","price":16.4},{"type":"B","date":"2018-04-04T06:07:32.000Z","volume":8400,"label":" ","price":16.4},{"type":"B","date":"2018-04-04T06:07:32.000Z","volume":8800,"label":" ","price":16.4},{"type":"B","date":"2018-04-04T06:07:32.000Z","volume":1200,"label":" ","price":16.4},{"type":"A","date":"2018-04-04T06:07:33.000Z","volume":2400,"label":" ","price":16.42},{"type":"U","date":"2018-04-04T06:07:40.000Z","volume":400,"label":"X","price":16.41},{"type":"B","date":"2018-04-04T06:08:04.000Z","volume":12400,"label":" ","price":16.4},{"type":"A","date":"2018-04-04T06:08:04.000Z","volume":800,"label":" ","price":16.4},{"type":"A","date":"2018-04-04T06:08:04.000Z","volume":400,"label":" ","price":16.4},{"type":"A","date":"2018-04-04T06:09:05.000Z","volume":6800,"label":" ","price":16.4},{"type":"A","date":"2018-04-04T06:09:07.000Z","volume":1200,"label":" ","price":16.4},{"type":"A","date":"2018-04-04T06:09:42.000Z","volume":6400,"label":" ","price":16.4},{"type":"A","date":"2018-04-04T06:09:42.000Z","volume":52400,"label":" ","price":16.4},{"type":"U","date":"2018-04-04T06:09:42.000Z","volume":400,"label":"X","price":16.4},{"type":"U","date":"2018-04-04T06:09:42.000Z","volume":1200,"label":"X","price":16.4},{"type":"U","date":"2018-04-04T06:09:42.000Z","volume":800,"label":"X","price":16.4},{"type":"A","date":"2018-04-04T06:09:43.000Z","volume":6400,"label":" ","price":16.42},{"type":"U","date":"2018-04-04T06:09:45.000Z","volume":1600,"label":"X","price":16.4},{"type":"U","date":"2018-04-04T06:09:55.000Z","volume":400,"label":"X","price":16.4},{"type":"U","date":"2018-04-04T06:10:02.000Z","volume":800,"label":"X","price":16.4},{"type":"U","date":"2018-04-04T06:10:02.000Z","volume":2000,"label":"X","price":16.4},{"type":"U","date":"2018-04-04T06:10:23.000Z","volume":2400,"label":"X","price":16.41},{"type":"U","date":"2018-04-04T06:10:23.000Z","volume":800,"label":"X","price":16.41},{"type":"A","date":"2018-04-04T06:11:22.000Z","volume":30000,"label":" ","price":16.42},{"type":"A","date":"2018-04-04T06:11:22.000Z","volume":4800,"label":" ","price":16.42},{"type":"A","date":"2018-04-04T06:11:22.000Z","volume":5200,"label":" ","price":16.42},{"type":"A","date":"2018-04-04T06:11:22.000Z","volume":2400,"label":" ","price":16.42},{"type":"A","date":"2018-04-04T06:11:23.000Z","volume":4800,"label":"Y","price":16.44},{"type":"U","date":"2018-04-04T06:12:07.000Z","volume":1200,"label":"X","price":16.43},{"type":"U","date":"2018-04-04T06:12:07.000Z","volume":400,"label":"X","price":16.43},{"type":"U","date":"2018-04-04T06:12:08.000Z","volume":400,"label":"X","price":16.43},{"type":"U","date":"2018-04-04T06:12:17.000Z","volume":800,"label":"X","price":16.43},{"type":"U","date":"2018-04-04T06:12:37.000Z","volume":800,"label":"X","price":16.43},{"type":"U","date":"2018-04-04T06:14:32.000Z","volume":800,"label":"X","price":16.43},{"type":"B","date":"2018-04-04T06:16:11.000Z","volume":400,"label":"Y","price":16.42},{"type":"B","date":"2018-04-04T06:16:11.000Z","volume":42000,"label":" ","price":16.42},{"type":"B","date":"2018-04-04T06:16:11.000Z","volume":800,"label":" ","price":16.42},{"type":"B","date":"2018-04-04T06:16:11.000Z","volume":400,"label":" ","price":16.42},{"type":"B","date":"2018-04-04T06:16:11.000Z","volume":800,"label":" ","price":16.42}