[{"type":"U","date":"2018-04-23T01:20:00.000Z","volume":12000,"label":"U","price":5.85},{"type":"B","date":"2018-04-23T01:31:10.000Z","volume":10000,"label":" ","price":5.8},{"type":"B","date":"2018-04-23T01:34:46.000Z","volume":22000,"label":" ","price":5.81},{"type":"A","date":"2018-04-23T01:35:03.000Z","volume":20000,"label":" ","price":5.81},{"type":"A","date":"2018-04-23T01:35:31.000Z","volume":10000,"label":" ","price":5.81},{"type":"A","date":"2018-04-23T01:36:28.000Z","volume":2000,"label":" ","price":5.81},{"type":"B","date":"2018-04-23T01:37:40.000Z","volume":8000,"label":" ","price":5.8},{"type":"B","date":"2018-04-23T01:38:21.000Z","volume":20000,"label":" ","price":5.76},{"type":"A","date":"2018-04-23T01:40:07.000Z","volume":6000,"label":" ","price":5.8},{"type":"A","date":"2018-04-23T01:40:52.000Z","volume":26000,"label":" ","price":5.81},{"type":"B","date":"2018-04-23T01:40:59.000Z","volume":10000,"label":" ","price":5.78},{"type":"A","date":"2018-04-23T01:43:40.000Z","volume":18000,"label":" ","price":5.91},{"type":"A","date":"2018-04-23T01:43:40.000Z","volume":2000,"label":" ","price":5.91},{"type":"B","date":"2018-04-23T01:53:56.000Z","volume":10000,"label":" ","price":5.8},{"type":"B","date":"2018-04-23T01:53:57.000Z","volume":2000,"label":" ","price":5.8},{"type":"B","date":"2018-04-23T01:56:13.000Z","volume":2000,"label":" ","price":5.8},{"type":"B","date":"2018-04-23T01:58:41.000Z","volume":12000,"label":" ","price":5.8},{"type":"U","date":"2018-04-23T02:01:16.000Z","volume":6000,"label":" ","price":5.84},{"type":"B","date":"2018-04-23T02:02:22.000Z","volume":2000,"label":" ","price":5.79},{"type":"A","date":"2018-04-23T02:05:32.000Z","volume":10000,"label":" ","price":5.79},{"type":"B","date":"2018-04-23T02:07:52.000Z","volume":22000,"label":" ","price":5.78},{"type":"B","date":"2018-04-23T02:08:58.000Z","volume":10000,"label":" ","price":5.76},{"type":"B","date":"2018-04-23T02:08:58.000Z","volume":2000,"label":" ","price":5.76},{"type":"B","date":"2018-04-23T02:08:59.000Z","volume":12000,"label":" ","price":5.75},{"type":"A","date":"2018-04-23T02:12:41.000Z","volume":6000,"label":" ","price":5.77},{"type":"B","date":"2018-04-23T02:13:31.000Z","volume":2000,"label":" ","price":5.77},{"type":"B","date":"2018-04-23T02:14:00.000Z","volume":44000,"label":" ","price":5.77},{"type":"A","date":"2018-04-23T02:14:15.000Z","volume":4000,"label":" ","price":5.77},{"type":"A","date":"2018-04-23T02:16:11.000Z","volume":2000,"label":" ","price":5.77},{"type":"A","date":"2018-04-23T02:17:36.000Z","volume":2000,"label":" ","price":5.77},{"type":"A","date":"2018-04-23T02:20:05.000Z","volume":4000,"label":" ","price":5.79},{"type":"A","date":"2018-04-23T02:21:38.000Z","volume":4000,"label":" ","price":5.8},{"type":"B","date":"2018-04-23T02:33:00.000Z","volume":10000,"label":" ","price":5.79},{"type":"B","date":"2018-04-23T02:33:08.000Z","volume":4000,"label":" ","price":5.8},{"type":"B","date":"2018-04-23T02:34:21.000Z","volume":14000,"label":"Y","price":5.8},{"type":"B","date":"2018-04-23T02:34:21.000Z","volume":4000,"label":" ","price":5.8},{"type":"B","date":"2018-04-23T02:34:41.000Z","volume":48000,"label":" ","price":5.79},{"type":"B","date":"2018-04-23T02:35:30.000Z","volume":2000,"label":" ","price":5.79},{"type":"B","date":"2018-04-23T02:36:51.000Z","volume":12000,"label":" ","price":5.79},{"type":"A","date":"2018-04-23T02:36:51.000Z","volume":8000,"label":" ","price":5.79},{"type":"B","date":"2018-04-23T02:37:55.000Z","volume":10000,"label":" ","price":5.78},{"type":"B","date":"2018-04-23T02:40:50.000Z","volume":2000,"label":" ","price":5.79},{"type":"B","date":"2018-04-23T02:57:27.000Z","volume":4000,"label":" ","price":5.8},{"type":"B","date":"2018-04-23T02:57:27.000Z","volume":2000,"label":" ","price":5.79},{"type":"A","date":"2018-04-23T02:57:27.000Z","volume":6000,"label":" ","price":5.79},{"type":"B","date":"2018-04-23T02:58:24.000Z","volume":26000,"label":" ","price":5.78},{"type":"B","date":"2018-04-23T02:58:24.000Z","volume":10000,"label":" ","price":5.77},{"type":"B","date":"2018-04-23T03:07:04.000Z","volume":14000,"label":" ","price":5.8},{"type":"B","date":"2018-04-23T03:07:04.000Z","volume":16000,"label":" ","price":5.79},{"type":"B","date":"2018-04-23T03:07:24.000Z","volume":2000,"label":" ","price":5.79},{"type":"B","date":"2018-04-23T03:21:32.000Z","volume":6000,"label":"Y","price":5.79},{"type":"B","date":"2018-04-23T03:21:32.000Z","volume":10000,"label":" ","price":5.79},{"type":"B","date":"2018-04-23T03:28:46.000Z","volume":4000,"label":" ","price":5.78},{"type":"A","date":"2018-04-23T03:40:42.000Z","volume":6000,"label":" ","price":5.79},{"type":"A","date":"2018-04-23T03:40:42.000Z","volume":6000,"label":" ","price":5.8},{"type":"B","date":"2018-04-23T03:51:09.000Z","volume":24000,"label":" ","price":5.79},{"type":"B","date":"2018-04-23T03:52:03.000Z","volume":4000,"label":" ","price":5.78},{"type":"A","date":"2018-04-23T05:00:21.000Z","volume":2000,"label":" ","price":5.78},{"type":"B","date":"2018-04-23T05:12:18.000Z","volume":2000,"label":" ","price":5.78},{"type":"B","date":"2018-04-23T05:20:00.000Z","volume":2000,"label":" ","price":5.77},{"type":"B","date":"2018-04-23T05:22:53.000Z","volume":4000,"label":" ","price":5.77},{"type":"B","date":"2018-04-23T05:24:00.000Z","volume":2000,"label":" ","price":5.77},{"type":"B","date":"2018-04-23T05:28:00.000Z","volume":2000,"label":" ","price":5.77},{"type":"B","date":"2018-04-23T05:29:27.000Z","volume":12000,"label":" ","price":5.77},{"type":"B","date":"2018-04-23T05:32:00.000Z","volume":2000,"label":" ","price":5.77},{"type":"B","date":"2018-04-23T05:35:00.000Z","volume":2000,"label":" ","price":5.77},{"type":"B","date":"2018-04-23T05:39:00.000Z","volume":2000,"label":" ","price":5.77},{"type":"B","date":"2018-04-23T05:43:00.000Z","volume":2000,"label":" ","price":5.77},{"type":"B","date":"2018-04-23T05:47:00.000Z","volume":2000,"label":" ","price":5.77},{"type":"B","date":"2018-04-23T05:50:00.000Z","volume":2000,"label":" ","price":5.77},{"type":"B","date":"2018-04-23T05:51:06.000Z","volume":12000,"label":" ","price":5.77},{"type":"B","date":"2018-04-23T05:54:00.000Z","volume":2000,"label":" ","price":5.77},{"type":"B","date":"2018-04-23T05:58:00.000Z","volume":2000,"label":" ","price":5.77},{"type":"B","date":"2018-04-23T05:59:57.000Z","volume":4000,"label":" ","price":5.77},{"type":"B","date":"2018-04-23T06:00:09.000Z","volume":4000,"label":" ","price":5.77},{"type":"B","date":"2018-04-23T06:00:28.000Z","volume":2000,"label":" ","price":5.77},{"type":"B","date":"2018-04-23T06:02:01.000Z","volume":2000,"label":" ","price":5.76},{"type":"B","date":"2018-04-23T06:05:00.000Z","volume":2000,"label":" ","price":5.76},{"type":"B","date":"2018-04-23T06:09:00.000Z","volume":2000,"label":" ","price":5.76},{"type":"B","date":"2018-04-23T06:09:40.000Z","volume":18000,"label":" ","price":5.76},{"type":"B","date":"2018-04-23T06:13:00.000Z","volume":2000,"label":" ","price":5.76},{"type":"B","date":"2018-04-23T06:17:00.000Z","volume":2000,"label":" ","price":5.76},{"type":"B","date":"2018-04-23T06:17:51.000Z","volume":2000,"label":" ","price":5.76},{"type":"B","date":"2018-04-23T06:18:22.000Z","volume":8000,"label":" ","price":5.76},{"type":"B","date":"2018-04-23T06:19:53.000Z","volume":4000,"label":" ","price":5.76},{"type":"B","date":"2018-04-23T06:20:00.000Z","volume":2000,"label":" ","price":5.76},{"type":"B","date":"2018-04-23T06:24:00.000Z","volume":2000,"label":"Y","price":5.75},{"type":"B","date":"2018-04-23T06:25:37.000Z","volume":16000,"label":" ","price":5.75},{"type":"B","date":"2018-04-23T06:25:37.000Z","volume":18000,"label":" ","price":5.75},{"type":"B","date":"2018-04-23T06:25:37.000Z","volume":36000,"label":" ","price":5.75},{"type":"B","date":"2018-04-23T06:25:37.000Z","volume":6000,"label":" ","price":5.75},{"type":"A","date":"2018-04-23T06:29:19.000Z","volume":2000,"label":" ","price":5.75},{"type":"A","date":"2018-04-23T06:31:12.000Z","volume":2000,"label":" ","price":5.75},{"type":"A","date":"2018-04-23T06:32:22.000Z","volume":4000,"label":" ","price":5.75},{"type":"A","date":"2018-04-23T06:32:22.000Z","volume":46000,"label":" ","price":5.76},{"type":"A","date":"2018-04-23T06:32:54.000Z","volume":50000,"label":" ","price":5.76},{"type":"B","date":"2018-04-23T06:35:00.000Z","volume":2000,"label":" ","price":5.75},{"type":"A","date":"2018-04-23T06:36:34.000Z","volume":20000,"label":"Y","price":5.76},{"type":"A","date":"2018-04-23T06:36:34.000Z","volume":4000,"label":" ","price":5.76},{"type":"B","date":"2018-04-23T06:38:27.000Z","volume":10000,"label":" ","price":5.76},{"type":"B","date":"2018-04-23T06:39:00.000Z","volume":2000,"label":" ","price":5.76},{"type":"B","date":"2018-04-23T06:43:00.000Z","volume":2000,"label":" ","price":5.76},{"type":"B","date":"2018-04-23T06:47:00.000Z","volume":2000,"label":" ","price":5.76},{"type":"B","date":"2018-04-23T06:51:00.000Z","volume":2000,"label":" ","price":5.76},{"type":"U","date":"2018-04-23T06:52:26.000Z","volume":6000,"label":" ","price":5.77},{"type":"B","date":"2018-04-23T06:54:00.000Z","volume":2000,"label":" ","price":5.76},{"type":"B","date":"2018-04-23T06:58:00.000Z","volume":2000,"label":" ","price":5.76},{"type":"B","date":"2018-04-23T07:02:00.000Z","volume":2000,"label":" ","price":5.77},{"type":"B","date":"2018-04-23T07:02:00.000Z","volume":10000,"label":" ","price":5.77},{"type":"B","date":"2018-04-23T07:04:29.000Z","volume":4000,"label":" ","price":5.76},{"type":"B","date":"2018-04-23T07:06:00.000Z","volume":2000,"label":" ","price":5.76},{"type":"B","date":"2018-04-23T07:07:15.000Z","volume":4000,"label":" ","price":5.76},{"type":"A","date":"2018-04-23T07:07:33.000Z","volume":10000,"label":" ","price":5.77},{"type":"B","date":"2018-04-23T07:07:34.000Z","volume":18000,"label":" ","price":5.76},{"type":"B","date":"2018-04-23T07:08:18.000Z","volume":6000,"label":" ","price":5.76},{"type":"B","date":"2018-04-23T07:09:00.000Z","volume":2000,"label":" ","price":5.76},{"type":"B","date":"2018-04-23T07:09:21.000Z","volume":16000,"label":" ","price":5.76},{"type":"B","date":"2018-04-23T07:12:18.000Z","volume":10000,"label":" ","price":5.75},{"type":"B","date":"2018-04-23T07:13:00.000Z","volume":2000,"label":" ","price":5.75},{"type":"A","date":"2018-04-23T07:15:07.000Z","volume":4000,"label":" ","price":5.76},{"type":"A","date":"2018-04-23T07:16:38.000Z","volume":10000,"label":" ","price":5.76},{"type":"A","date":"2018-04-23T07:16:58.000Z","volume":2000,"label":" ","price":5.76},{"type":"B","date":"2018-04-23T07:17:00.000Z","volume":2000,"label":" ","price":5.75},{"type":"A","date":"2018-04-23T07:18:24.000Z","volume":10000,"label":" ","price":5.76},{"type":"B","date":"2018-04-23T07:21:00.000Z","volume":2000,"label":" ","price":5.75},{"type":"B","date":"2018-04-23T07:24:00.000Z","volume":2000,"label":" ","price":5.75},{"type":"B","date":"2018-04-23T07:24:36.000Z","volume":2000,"label":" ","price":5.75},{"type":"B","date":"2018-04-23T07:25:39.000Z","volume":16000,"label":" ","price":5.75},{"type":"B","date":"2018-04-23T07:25:41.000Z","volume":8000,"label":" ","price":5.75},{"type":"B","date":"2018-04-23T07:26:35.000Z","volume":4000,"label":" ","price":5.75},{"type":"B","date":"2018-04-23T07:32:52.000Z","volume":10000,"label":" ","price":5.74},{"type":"B","date":"2018-04-23T07:33:23.000Z","volume":2000,"label":" ","price":5.74},{"type":"A","date":"2018-04-23T07:34:54.000Z","volume":6000,"label":" ","price":5.75},{"type":"A","date":"2018-04-23T07:35:39.000Z","volume":16000,"label":" ","price":5.76},{"type":"B","date":"2018-04-23T07:35:40.000Z","volume":22000,"label":" ","price":5.76},{"type":"B","date":"2018-04-23T07:36:00.000Z","volume":2000,"label":" ","price":5.76},{"type":"B","date":"2018-04-23T07:36:30.000Z","volume":8000,"label":" ","price":5.76},{"type":"B","date":"2018-04-23T07:36:39.000Z","volume":20000,"label":" ","price":5.76},{"type":"B","date":"2018-04-23T07:39:00.000Z","volume":2000,"label":" ","price":5.74},{"type":"B","date":"2018-04-23T07:40:46.000Z","volume":10000,"label":" ","price":5.74},{"type":"B","date":"2018-04-23T07:43:00.000Z","volume":2000,"label":" ","price":5.74},{"type":"B","date":"2018-04-23T07:44:37.000Z","volume":10000,"label":" ","price":5.75},{"type":"B","date":"2018-04-23T07:44:37.000Z","volume":10000,"label":" ","price":5.75},{"type":"B","date":"2018-04-23T07:47:00.000Z","volume":2000,"label":" ","price":5.74},{"type":"B","date":"2018-04-23T07:50:24.000Z","volume":10000,"label":" ","price":5.74},{"type":"B","date":"2018-04-23T07:51:00.000Z","volume":2000,"label":" ","price":5.74},{"type":"B","date":"2018-04-23T07:52:12.000Z","volume":10000,"label":" ","price":5.75},{"type":"B","date":"2018-04-23T07:54:00.000Z","volume":2000,"label":" ","price":5.74},{"type":"B","date":"2018-04-23T07:59:11.000Z","volume":10000,"label":" ","price":5.74},{"type":"U","date":"2018-04-23T08:08:11.000Z","volume":4000,"label":"U","price":5.76}]