[{"type":"B","date":"2018-04-16T01:32:21.000Z","volume":50000,"label":" ","price":0.47},{"type":"B","date":"2018-04-16T01:37:27.000Z","volume":20000,"label":" ","price":0.47},{"type":"B","date":"2018-04-16T01:37:27.000Z","volume":30000,"label":" ","price":0.47},{"type":"B","date":"2018-04-16T01:38:57.000Z","volume":50000,"label":" ","price":0.465},{"type":"A","date":"2018-04-16T01:38:57.000Z","volume":5000,"label":" ","price":0.47},{"type":"A","date":"2018-04-16T01:44:32.000Z","volume":40000,"label":" ","price":0.47},{"type":"B","date":"2018-04-16T01:45:53.000Z","volume":20000,"label":" ","price":0.47},{"type":"B","date":"2018-04-16T01:46:37.000Z","volume":60000,"label":" ","price":0.47},{"type":"B","date":"2018-04-16T01:56:34.000Z","volume":100000,"label":" ","price":0.465},{"type":"B","date":"2018-04-16T01:56:34.000Z","volume":10000,"label":" ","price":0.465},{"type":"U","date":"2018-04-16T01:56:58.000Z","volume":10000,"label":" ","price":0.465},{"type":"B","date":"2018-04-16T01:59:19.000Z","volume":10000,"label":" ","price":0.46},{"type":"B","date":"2018-04-16T02:00:06.000Z","volume":185000,"label":" ","price":0.46},{"type":"B","date":"2018-04-16T02:00:06.000Z","volume":25000,"label":" ","price":0.46},{"type":"A","date":"2018-04-16T02:01:10.000Z","volume":100000,"label":" ","price":0.46},{"type":"B","date":"2018-04-16T02:02:29.000Z","volume":25000,"label":" ","price":0.455},{"type":"B","date":"2018-04-16T02:07:06.000Z","volume":60000,"label":" ","price":0.455},{"type":"B","date":"2018-04-16T02:07:18.000Z","volume":10000,"label":" ","price":0.455},{"type":"A","date":"2018-04-16T02:07:25.000Z","volume":70000,"label":" ","price":0.46},{"type":"B","date":"2018-04-16T02:07:30.000Z","volume":40000,"label":" ","price":0.455},{"type":"A","date":"2018-04-16T02:07:34.000Z","volume":70000,"label":" ","price":0.46},{"type":"B","date":"2018-04-16T02:09:57.000Z","volume":10000,"label":" ","price":0.455},{"type":"B","date":"2018-04-16T02:12:30.000Z","volume":10000,"label":" ","price":0.455},{"type":"B","date":"2018-04-16T02:15:56.000Z","volume":60000,"label":" ","price":0.455},{"type":"B","date":"2018-04-16T02:15:59.000Z","volume":60000,"label":" ","price":0.455},{"type":"B","date":"2018-04-16T02:20:50.000Z","volume":20000,"label":" ","price":0.455},{"type":"B","date":"2018-04-16T02:23:43.000Z","volume":50000,"label":" ","price":0.455},{"type":"B","date":"2018-04-16T02:24:51.000Z","volume":5000,"label":" ","price":0.455},{"type":"B","date":"2018-04-16T02:28:13.000Z","volume":20000,"label":" ","price":0.455},{"type":"B","date":"2018-04-16T02:33:06.000Z","volume":40000,"label":" ","price":0.455},{"type":"B","date":"2018-04-16T02:36:27.000Z","volume":100000,"label":" ","price":0.455},{"type":"B","date":"2018-04-16T02:38:53.000Z","volume":15000,"label":" ","price":0.455},{"type":"B","date":"2018-04-16T02:39:13.000Z","volume":5000,"label":" ","price":0.455},{"type":"B","date":"2018-04-16T02:49:23.000Z","volume":10000,"label":" ","price":0.455},{"type":"B","date":"2018-04-16T02:52:23.000Z","volume":20000,"label":" ","price":0.455},{"type":"B","date":"2018-04-16T02:56:00.000Z","volume":5000,"label":" ","price":0.455},{"type":"B","date":"2018-04-16T02:56:52.000Z","volume":5000,"label":" ","price":0.455},{"type":"B","date":"2018-04-16T02:59:07.000Z","volume":45000,"label":" ","price":0.455},{"type":"B","date":"2018-04-16T03:03:01.000Z","volume":40000,"label":" ","price":0.455},{"type":"B","date":"2018-04-16T03:05:18.000Z","volume":150000,"label":" ","price":0.455},{"type":"B","date":"2018-04-16T03:15:22.000Z","volume":100000,"label":" ","price":0.455},{"type":"B","date":"2018-04-16T03:16:13.000Z","volume":10000,"label":" ","price":0.455},{"type":"B","date":"2018-04-16T03:17:59.000Z","volume":50000,"label":"Y","price":0.455},{"type":"B","date":"2018-04-16T03:17:59.000Z","volume":125000,"label":" ","price":0.455},{"type":"B","date":"2018-04-16T03:18:13.000Z","volume":150000,"label":" ","price":0.455},{"type":"B","date":"2018-04-16T03:18:31.000Z","volume":15000,"label":" ","price":0.455},{"type":"B","date":"2018-04-16T03:18:34.000Z","volume":20000,"label":" ","price":0.455},{"type":"B","date":"2018-04-16T03:19:41.000Z","volume":50000,"label":" ","price":0.455},{"type":"B","date":"2018-04-16T03:19:51.000Z","volume":100000,"label":" ","price":0.455},{"type":"B","date":"2018-04-16T03:19:56.000Z","volume":50000,"label":" ","price":0.455},{"type":"B","date":"2018-04-16T03:19:56.000Z","volume":35000,"label":" ","price":0.455},{"type":"B","date":"2018-04-16T03:21:13.000Z","volume":10000,"label":" ","price":0.45},{"type":"B","date":"2018-04-16T03:21:45.000Z","volume":40000,"label":" ","price":0.45},{"type":"B","date":"2018-04-16T03:22:10.000Z","volume":5000,"label":" ","price":0.45},{"type":"B","date":"2018-04-16T03:31:01.000Z","volume":80000,"label":" ","price":0.455},{"type":"B","date":"2018-04-16T03:33:23.000Z","volume":40000,"label":" ","price":0.455},{"type":"B","date":"2018-04-16T03:36:36.000Z","volume":15000,"label":" ","price":0.455},{"type":"A","date":"2018-04-16T03:36:49.000Z","volume":40000,"label":" ","price":0.46},{"type":"B","date":"2018-04-16T03:37:14.000Z","volume":40000,"label":" ","price":0.455},{"type":"B","date":"2018-04-16T03:42:18.000Z","volume":20000,"label":" ","price":0.455},{"type":"B","date":"2018-04-16T03:43:53.000Z","volume":50000,"label":" ","price":0.455},{"type":"A","date":"2018-04-16T03:44:19.000Z","volume":50000,"label":" ","price":0.455},{"type":"B","date":"2018-04-16T03:49:47.000Z","volume":70000,"label":" ","price":0.455},{"type":"A","date":"2018-04-16T05:01:06.000Z","volume":115000,"label":"Y","price":0.455},{"type":"A","date":"2018-04-16T05:02:50.000Z","volume":30000,"label":" ","price":0.455},{"type":"A","date":"2018-04-16T05:06:13.000Z","volume":30000,"label":" ","price":0.455},{"type":"A","date":"2018-04-16T05:19:38.000Z","volume":75000,"label":" ","price":0.455},{"type":"A","date":"2018-04-16T05:32:44.000Z","volume":140000,"label":" ","price":0.46},{"type":"A","date":"2018-04-16T05:44:18.000Z","volume":60000,"label":" ","price":0.46},{"type":"B","date":"2018-04-16T06:01:00.000Z","volume":20000,"label":" ","price":0.455},{"type":"B","date":"2018-04-16T06:03:29.000Z","volume":45000,"label":" ","price":0.455},{"type":"B","date":"2018-04-16T06:09:00.000Z","volume":40000,"label":" ","price":0.455},{"type":"B","date":"2018-04-16T06:25:27.000Z","volume":205000,"label":" ","price":0.455},{"type":"B","date":"2018-04-16T06:25:27.000Z","volume":395000,"label":" ","price":0.45},{"type":"A","date":"2018-04-16T06:26:44.000Z","volume":60000,"label":" ","price":0.455},{"type":"A","date":"2018-04-16T06:49:33.000Z","volume":100000,"label":" ","price":0.455},{"type":"B","date":"2018-04-16T07:09:03.000Z","volume":10000,"label":" ","price":0.45},{"type":"B","date":"2018-04-16T07:16:06.000Z","volume":80000,"label":" ","price":0.45},{"type":"B","date":"2018-04-16T07:23:57.000Z","volume":120000,"label":" ","price":0.45},{"type":"B","date":"2018-04-16T07:33:20.000Z","volume":5000,"label":" ","price":0.45},{"type":"B","date":"2018-04-16T07:42:11.000Z","volume":200000,"label":" ","price":0.45},{"type":"A","date":"2018-04-16T07:42:12.000Z","volume":200000,"label":" ","price":0.455},{"type":"B","date":"2018-04-16T07:44:18.000Z","volume":5000,"label":" ","price":0.45},{"type":"A","date":"2018-04-16T07:47:40.000Z","volume":60000,"label":" ","price":0.455},{"type":"A","date":"2018-04-16T07:49:23.000Z","volume":20000,"label":" ","price":0.455},{"type":"A","date":"2018-04-16T07:49:50.000Z","volume":40000,"label":" ","price":0.455},{"type":"A","date":"2018-04-16T07:53:44.000Z","volume":425000,"label":" ","price":0.455},{"type":"B","date":"2018-04-16T07:55:33.000Z","volume":30000,"label":" ","price":0.455},{"type":"B","date":"2018-04-16T07:55:35.000Z","volume":40000,"label":" ","price":0.455},{"type":"B","date":"2018-04-16T07:58:03.000Z","volume":20000,"label":" ","price":0.455},{"type":"B","date":"2018-04-16T07:58:17.000Z","volume":5000,"label":" ","price":0.455}]