[{"type":"A","date":"2018-04-24T01:31:52.000Z","volume":500,"label":" ","price":6.57},{"type":"A","date":"2018-04-24T01:31:52.000Z","volume":500,"label":" ","price":6.57},{"type":"A","date":"2018-04-24T01:31:52.000Z","volume":500,"label":" ","price":6.57},{"type":"B","date":"2018-04-24T01:34:52.000Z","volume":500,"label":"Y","price":6.49},{"type":"B","date":"2018-04-24T01:34:52.000Z","volume":4500,"label":" ","price":6.49},{"type":"A","date":"2018-04-24T01:49:48.000Z","volume":1000,"label":" ","price":6.5},{"type":"A","date":"2018-04-24T01:49:48.000Z","volume":1000,"label":" ","price":6.5},{"type":"A","date":"2018-04-24T01:55:03.000Z","volume":1000,"label":" ","price":6.5},{"type":"A","date":"2018-04-24T01:57:33.000Z","volume":500,"label":" ","price":6.5},{"type":"A","date":"2018-04-24T01:57:33.000Z","volume":500,"label":" ","price":6.5},{"type":"A","date":"2018-04-24T02:05:03.000Z","volume":1000,"label":" ","price":6.5},{"type":"A","date":"2018-04-24T02:05:03.000Z","volume":500,"label":" ","price":6.5},{"type":"A","date":"2018-04-24T02:05:03.000Z","volume":1500,"label":" ","price":6.5},{"type":"A","date":"2018-04-24T02:08:00.000Z","volume":500,"label":" ","price":6.5},{"type":"B","date":"2018-04-24T02:10:05.000Z","volume":18000,"label":" ","price":6.46},{"type":"B","date":"2018-04-24T02:10:24.000Z","volume":1000,"label":" ","price":6.45},{"type":"B","date":"2018-04-24T02:11:10.000Z","volume":1000,"label":" ","price":6.43},{"type":"B","date":"2018-04-24T02:22:14.000Z","volume":500,"label":" ","price":6.43},{"type":"A","date":"2018-04-24T02:28:33.000Z","volume":1000,"label":" ","price":6.46},{"type":"A","date":"2018-04-24T02:28:33.000Z","volume":1000,"label":" ","price":6.46},{"type":"B","date":"2018-04-24T02:28:53.000Z","volume":500,"label":" ","price":6.43},{"type":"B","date":"2018-04-24T02:29:02.000Z","volume":3000,"label":"Y","price":6.43},{"type":"B","date":"2018-04-24T02:29:02.000Z","volume":2500,"label":" ","price":6.42},{"type":"B","date":"2018-04-24T02:29:02.000Z","volume":3000,"label":"Y","price":6.41},{"type":"B","date":"2018-04-24T02:29:02.000Z","volume":1500,"label":" ","price":6.41},{"type":"B","date":"2018-04-24T02:29:02.000Z","volume":11500,"label":" ","price":6.4},{"type":"B","date":"2018-04-24T02:29:02.000Z","volume":25000,"label":" ","price":6.39},{"type":"B","date":"2018-04-24T02:29:02.000Z","volume":3500,"label":" ","price":6.39},{"type":"B","date":"2018-04-24T02:29:23.000Z","volume":500,"label":" ","price":6.3},{"type":"B","date":"2018-04-24T02:30:10.000Z","volume":500,"label":" ","price":6.34},{"type":"B","date":"2018-04-24T02:30:12.000Z","volume":3000,"label":" ","price":6.34},{"type":"A","date":"2018-04-24T02:47:33.000Z","volume":1000,"label":" ","price":6.44},{"type":"A","date":"2018-04-24T02:47:33.000Z","volume":1000,"label":" ","price":6.44},{"type":"A","date":"2018-04-24T02:54:18.000Z","volume":1000,"label":" ","price":6.44},{"type":"A","date":"2018-04-24T02:59:33.000Z","volume":1000,"label":" ","price":6.44},{"type":"B","date":"2018-04-24T03:00:02.000Z","volume":5500,"label":" ","price":6.42},{"type":"B","date":"2018-04-24T03:00:02.000Z","volume":2000,"label":" ","price":6.41},{"type":"B","date":"2018-04-24T03:00:02.000Z","volume":10500,"label":"Y","price":6.4},{"type":"B","date":"2018-04-24T03:00:02.000Z","volume":2000,"label":" ","price":6.4},{"type":"B","date":"2018-04-24T03:00:02.000Z","volume":500,"label":" ","price":6.4},{"type":"A","date":"2018-04-24T03:00:02.000Z","volume":1500,"label":" ","price":6.4},{"type":"B","date":"2018-04-24T03:00:21.000Z","volume":500,"label":" ","price":6.38},{"type":"A","date":"2018-04-24T03:01:29.000Z","volume":3000,"label":" ","price":6.4},{"type":"B","date":"2018-04-24T03:02:50.000Z","volume":2500,"label":" ","price":6.39},{"type":"A","date":"2018-04-24T03:08:02.000Z","volume":2000,"label":" ","price":6.4},{"type":"A","date":"2018-04-24T03:11:20.000Z","volume":6000,"label":" ","price":6.4},{"type":"A","date":"2018-04-24T03:15:03.000Z","volume":1000,"label":" ","price":6.4},{"type":"A","date":"2018-04-24T03:15:03.000Z","volume":1000,"label":" ","price":6.4},{"type":"A","date":"2018-04-24T03:19:03.000Z","volume":1000,"label":" ","price":6.4},{"type":"B","date":"2018-04-24T03:19:15.000Z","volume":1000,"label":" ","price":6.39},{"type":"A","date":"2018-04-24T03:19:47.000Z","volume":7000,"label":" ","price":6.4},{"type":"A","date":"2018-04-24T03:19:47.000Z","volume":16000,"label":" ","price":6.4},{"type":"A","date":"2018-04-24T03:22:03.000Z","volume":1000,"label":" ","price":6.44},{"type":"A","date":"2018-04-24T03:22:41.000Z","volume":2500,"label":"Y","price":6.44},{"type":"B","date":"2018-04-24T03:28:52.000Z","volume":500,"label":" ","price":6.4},{"type":"A","date":"2018-04-24T03:32:18.000Z","volume":500,"label":" ","price":6.44},{"type":"A","date":"2018-04-24T03:32:18.000Z","volume":500,"label":" ","price":6.44},{"type":"A","date":"2018-04-24T03:32:18.000Z","volume":500,"label":" ","price":6.44},{"type":"A","date":"2018-04-24T03:32:18.000Z","volume":500,"label":" ","price":6.44},{"type":"A","date":"2018-04-24T03:43:03.000Z","volume":500,"label":" ","price":6.44},{"type":"A","date":"2018-04-24T03:43:03.000Z","volume":500,"label":" ","price":6.44},{"type":"A","date":"2018-04-24T03:43:03.000Z","volume":500,"label":" ","price":6.44},{"type":"A","date":"2018-04-24T03:45:03.000Z","volume":500,"label":" ","price":6.44},{"type":"A","date":"2018-04-24T03:45:03.000Z","volume":500,"label":" ","price":6.44},{"type":"A","date":"2018-04-24T03:45:03.000Z","volume":500,"label":" ","price":6.44},{"type":"A","date":"2018-04-24T03:50:48.000Z","volume":500,"label":" ","price":6.43},{"type":"A","date":"2018-04-24T03:50:48.000Z","volume":1000,"label":" ","price":6.43},{"type":"B","date":"2018-04-24T03:51:22.000Z","volume":500,"label":" ","price":6.42},{"type":"A","date":"2018-04-24T03:56:18.000Z","volume":500,"label":" ","price":6.43},{"type":"B","date":"2018-04-24T05:00:00.000Z","volume":500,"label":" ","price":6.42},{"type":"B","date":"2018-04-24T05:04:43.000Z","volume":500,"label":" ","price":6.4},{"type":"A","date":"2018-04-24T05:10:02.000Z","volume":1000,"label":" ","price":6.42},{"type":"A","date":"2018-04-24T05:10:02.000Z","volume":3000,"label":" ","price":6.42},{"type":"B","date":"2018-04-24T05:18:52.000Z","volume":4500,"label":" ","price":6.4},{"type":"B","date":"2018-04-24T05:24:06.000Z","volume":9000,"label":" ","price":6.39},{"type":"B","date":"2018-04-24T05:24:06.000Z","volume":3000,"label":" ","price":6.38},{"type":"B","date":"2018-04-24T05:24:06.000Z","volume":8000,"label":" ","price":6.37},{"type":"B","date":"2018-04-24T05:24:06.000Z","volume":13000,"label":" ","price":6.36},{"type":"B","date":"2018-04-24T05:24:06.000Z","volume":17000,"label":" ","price":6.35},{"type":"B","date":"2018-04-24T05:24:21.000Z","volume":500,"label":" ","price":6.35},{"type":"B","date":"2018-04-24T05:28:11.000Z","volume":3000,"label":" ","price":6.34},{"type":"A","date":"2018-04-24T05:29:09.000Z","volume":500,"label":" ","price":6.4},{"type":"A","date":"2018-04-24T05:43:02.000Z","volume":1000,"label":" ","price":6.39},{"type":"A","date":"2018-04-24T05:43:02.000Z","volume":1000,"label":" ","price":6.39},{"type":"A","date":"2018-04-24T05:43:02.000Z","volume":1000,"label":" ","price":6.39},{"type":"A","date":"2018-04-24T05:43:32.000Z","volume":27000,"label":"Y","price":6.39},{"type":"A","date":"2018-04-24T05:43:32.000Z","volume":27500,"label":" ","price":6.39},{"type":"B","date":"2018-04-24T05:43:32.000Z","volume":500,"label":" ","price":6.39},{"type":"B","date":"2018-04-24T05:43:53.000Z","volume":500,"label":" ","price":6.34},{"type":"A","date":"2018-04-24T05:50:17.000Z","volume":1000,"label":" ","price":6.4},{"type":"A","date":"2018-04-24T05:50:17.000Z","volume":1000,"label":" ","price":6.4},{"type":"B","date":"2018-04-24T05:51:07.000Z","volume":3000,"label":" ","price":6.39},{"type":"B","date":"2018-04-24T05:51:07.000Z","volume":2000,"label":" ","price":6.39},{"type":"A","date":"2018-04-24T05:53:32.000Z","volume":1000,"label":" ","price":6.4},{"type":"A","date":"2018-04-24T05:58:47.000Z","volume":1000,"label":" ","price":6.4},{"type":"A","date":"2018-04-24T05:58:47.000Z","volume":1000,"label":" ","price":6.4},{"type":"A","date":"2018-04-24T06:07:02.000Z","volume":1000,"label":" ","price":6.4},{"type":"A","date":"2018-04-24T06:07:02.000Z","volume":1000,"label":" ","price":6.4},{"type":"A","date":"2018-04-24T06:11:47.000Z","volume":1000,"label":" ","price":6.4},{"type":"A","date":"2018-04-24T06:14:17.000Z","volume":1000,"label":" ","price":6.4},{"type":"B","date":"2018-04-24T06:14:24.000Z","volume":500,"label":" ","price":6.35},{"type":"B","date":"2018-04-24T06:14:46.000Z","volume":10000,"label":"Y","price":6.35},{"type":"B","date":"2018-04-24T06:14:46.000Z","volume":2500,"label":" ","price":6.35},{"type":"B","date":"2018-04-24T06:14:46.000Z","volume":7500,"label":" ","price":6.35},{"type":"B","date":"2018-04-24T06:15:58.000Z","volume":1000,"label":" ","price":6.35},{"type":"A","date":"2018-04-24T06:16:52.000Z","volume":500,"label":"Y","price":6.4},{"type":"A","date":"2018-04-24T06:20:17.000Z","volume":1000,"label":" ","price":6.4},{"type":"A","date":"2018-04-24T06:20:17.000Z","volume":1000,"label":" ","price":6.4},{"type":"A","date":"2018-04-24T06:26:02.000Z","volume":1000,"label":" ","price":6.4},{"type":"A","date":"2018-04-24T06:26:02.000Z","volume":1000,"label":" ","price":6.4},{"type":"A","date":"2018-04-24T06:26:50.000Z","volume":2000,"label":"Y","price":6.4},{"type":"B","date":"2018-04-24T06:28:24.000Z","volume":500,"label":" ","price":6.35},{"type":"A","date":"2018-04-24T06:30:02.000Z","volume":500,"label":" ","price":6.4},{"type":"A","date":"2018-04-24T06:30:02.000Z","volume":1000,"label":" ","price":6.4},{"type":"A","date":"2018-04-24T06:30:31.000Z","volume":2500,"label":"Y","price":6.4},{"type":"A","date":"2018-04-24T06:34:02.000Z","volume":1000,"label":" ","price":6.4},{"type":"A","date":"2018-04-24T06:38:17.000Z","volume":1000,"label":" ","price":6.4},{"type":"A","date":"2018-04-24T06:38:17.000Z","volume":1000,"label":" ","price":6.4},{"type":"B","date":"2018-04-24T06:38:21.000Z","volume":1000,"label":" ","price":6.35},{"type":"B","date":"2018-04-24T06:40:30.000Z","volume":500,"label":" ","price":6.35},{"type":"B","date":"2018-04-24T06:48:02.000Z","volume":2000,"label":" ","price":6.36},{"type":"A","date":"2018-04-24T06:49:32.000Z","volume":1000,"label":" ","price":6.39},{"type":"A","date":"2018-04-24T06:49:32.000Z","volume":500,"label":" ","price":6.39},{"type":"A","date":"2018-04-24T06:49:32.000Z","volume":1000,"label":" ","price":6.39},{"type":"A","date":"2018-04-24T06:52:55.000Z","volume":500,"label":"Y","price":6.39},{"type":"A","date":"2018-04-24T06:56:32.000Z","volume":1000,"label":" ","price":6.39},{"type":"A","date":"2018-04-24T06:56:32.000Z","volume":1000,"label":" ","price":6.39},{"type":"A","date":"2018-04-24T06:56:32.000Z","volume":1000,"label":" ","price":6.39},{"type":"A","date":"2018-04-24T07:03:31.000Z","volume":500,"label":"Y","price":6.39},{"type":"A","date":"2018-04-24T07:04:47.000Z","volume":500,"label":" ","price":6.39},{"type":"A","date":"2018-04-24T07:04:47.000Z","volume":1000,"label":" ","price":6.39},{"type":"A","date":"2018-04-24T07:11:02.000Z","volume":1000,"label":" ","price":6.39},{"type":"A","date":"2018-04-24T07:11:02.000Z","volume":1000,"label":" ","price":6.39},{"type":"B","date":"2018-04-24T07:12:22.000Z","volume":500,"label":" ","price":6.36},{"type":"B","date":"2018-04-24T07:12:24.000Z","volume":500,"label":" ","price":6.36},{"type":"B","date":"2018-04-24T07:13:09.000Z","volume":57500,"label":" ","price":6.36},{"type":"B","date":"2018-04-24T07:13:09.000Z","volume":1500,"label":" ","price":6.36},{"type":"A","date":"2018-04-24T07:13:09.000Z","volume":3000,"label":" ","price":6.36},{"type":"B","date":"2018-04-24T07:14:14.000Z","volume":9500,"label":"Y","price":6.35},{"type":"B","date":"2018-04-24T07:14:14.000Z","volume":2000,"label":" ","price":6.35},{"type":"B","date":"2018-04-24T07:14:25.000Z","volume":500,"label":" ","price":6.34},{"type":"B","date":"2018-04-24T07:15:17.000Z","volume":2500,"label":" ","price":6.34},{"type":"A","date":"2018-04-24T07:16:28.000Z","volume":1000,"label":" ","price":6.34},{"type":"B","date":"2018-04-24T07:17:09.000Z","volume":14500,"label":"Y","price":6.32},{"type":"B","date":"2018-04-24T07:17:09.000Z","volume":2500,"label":" ","price":6.32},{"type":"A","date":"2018-04-24T07:17:28.000Z","volume":1000,"label":"Y","price":6.32},{"type":"A","date":"2018-04-24T07:18:20.000Z","volume":3000,"label":"Y","price":6.32},{"type":"A","date":"2018-04-24T07:18:21.000Z","volume":1000,"label":"Y","price":6.32},{"type":"A","date":"2018-04-24T07:20:54.000Z","volume":8000,"label":"Y","price":6.32},{"type":"A","date":"2018-04-24T07:20:54.000Z","volume":21000,"label":" ","price":6.32},{"type":"A","date":"2018-04-24T07:20:55.000Z","volume":500,"label":" ","price":6.34},{"type":"A","date":"2018-04-24T07:23:30.000Z","volume":500,"label":" ","price":6.34},{"type":"A","date":"2018-04-24T07:26:09.000Z","volume":5000,"label":" ","price":6.34},{"type":"A","date":"2018-04-24T07:33:36.000Z","volume":7000,"label":" ","price":6.34},{"type":"A","date":"2018-04-24T07:35:47.000Z","volume":500,"label":" ","price":6.34},{"type":"A","date":"2018-04-24T07:35:47.000Z","volume":500,"label":" ","price":6.34},{"type":"A","date":"2018-04-24T07:39:02.000Z","volume":500,"label":" ","price":6.34},{"type":"A","date":"2018-04-24T07:39:03.000Z","volume":500,"label":" ","price":6.34},{"type":"B","date":"2018-04-24T07:41:56.000Z","volume":500,"label":" ","price":6.33},{"type":"A","date":"2018-04-24T07:42:17.000Z","volume":1500,"label":" ","price":6.34},{"type":"A","date":"2018-04-24T07:42:18.000Z","volume":1000,"label":" ","price":6.34},{"type":"B","date":"2018-04-24T07:44:40.000Z","volume":15500,"label":" ","price":6.33},{"type":"A","date":"2018-04-24T07:44:40.000Z","volume":1000,"label":" ","price":6.33},{"type":"A","date":"2018-04-24T07:46:30.000Z","volume":500,"label":" ","price":6.33},{"type":"A","date":"2018-04-24T07:47:36.000Z","volume":500,"label":" ","price":6.33},{"type":"A","date":"2018-04-24T07:48:10.000Z","volume":500,"label":" ","price":6.33},{"type":"A","date":"2018-04-24T07:49:26.000Z","volume":6500,"label":"Y","price":6.33},{"type":"A","date":"2018-04-24T07:49:26.000Z","volume":500,"label":" ","price":6.33},{"type":"A","date":"2018-04-24T07:49:47.000Z","volume":4500,"label":"Y","price":6.33},{"type":"A","date":"2018-04-24T07:49:47.000Z","volume":500,"label":" ","price":6.33},{"type":"B","date":"2018-04-24T07:50:30.000Z","volume":1500,"label":"Y","price":6.32},{"type":"B","date":"2018-04-24T07:50:30.000Z","volume":9000,"label":" ","price":6.32},{"type":"B","date":"2018-04-24T07:50:30.000Z","volume":1500,"label":" ","price":6.32},{"type":"B","date":"2018-04-24T07:50:56.000Z","volume":500,"label":" ","price":6.31},{"type":"A","date":"2018-04-24T07:53:33.000Z","volume":500,"label":" ","price":6.32},{"type":"A","date":"2018-04-24T07:53:47.000Z","volume":24500,"label":" ","price":6.32},{"type":"A","date":"2018-04-24T07:54:04.000Z","volume":500,"label":" ","price":6.35},{"type":"B","date":"2018-04-24T07:54:56.000Z","volume":500,"label":" ","price":6.32},{"type":"A","date":"2018-04-24T07:55:13.000Z","volume":500,"label":" ","price":6.35},{"type":"A","date":"2018-04-24T07:56:19.000Z","volume":500,"label":" ","price":6.35},{"type":"A","date":"2018-04-24T07:56:32.000Z","volume":500,"label":" ","price":6.35},{"type":"A","date":"2018-04-24T07:56:32.000Z","volume":500,"label":" ","price":6.35},{"type":"A","date":"2018-04-24T07:56:47.000Z","volume":1000,"label":" ","price":6.35},{"type":"A","date":"2018-04-24T07:57:27.000Z","volume":500,"label":" ","price":6.35},{"type":"A","date":"2018-04-24T07:58:02.000Z","volume":500,"label":" ","price":6.35},{"type":"A","date":"2018-04-24T07:58:32.000Z","volume":500,"label":" ","price":6.35},{"type":"A","date":"2018-04-24T07:58:35.000Z","volume":500,"label":" ","price":6.35},{"type":"A","date":"2018-04-24T07:59:02.000Z","volume":2000,"label":" ","price":6.35},{"type":"A","date":"2018-04-24T07:59:02.000Z","volume":1500,"label":"Y","price":6.35},{"type":"A","date":"2018-04-24T07:59:02.000Z","volume":1000,"label":" ","price":6.35},{"type":"A","date":"2018-04-24T07:59:02.000Z","volume":500,"label":"Y","price":6.35},{"type":"A","date":"2018-04-24T07:59:02.000Z","volume":2000,"label":" ","price":6.35},{"type":"A","date":"2018-04-24T07:59:02.000Z","volume":2000,"label":" ","price":6.35},{"type":"A","date":"2018-04-24T07:59:03.000Z","volume":500,"label":" ","price":6.35},{"type":"A","date":"2018-04-24T07:59:04.000Z","volume":500,"label":" ","price":6.35},{"type":"A","date":"2018-04-24T07:59:27.000Z","volume":2500,"label":" ","price":6.35},{"type":"A","date":"2018-04-24T07:59:28.000Z","volume":500,"label":" ","price":6.35},{"type":"A","date":"2018-04-24T07:59:50.000Z","volume":500,"label":" ","price":6.35},{"type":"A","date":"2018-04-24T07:59:55.000Z","volume":500,"label":" ","price":6.35},{"type":"U","date":"2018-04-24T08:08:02.000Z","volume":3500,"label":"U","price":6.35}]