[{"type":"A","date":"2018-03-19T01:30:15.000Z","volume":320000,"label":" ","price":0.62},{"type":"A","date":"2018-03-19T01:30:33.000Z","volume":80000,"label":" ","price":0.62},{"type":"A","date":"2018-03-19T01:30:58.000Z","volume":120000,"label":" ","price":0.62},{"type":"A","date":"2018-03-19T01:31:43.000Z","volume":168000,"label":" ","price":0.62},{"type":"A","date":"2018-03-19T01:32:14.000Z","volume":32000,"label":" ","price":0.62},{"type":"A","date":"2018-03-19T01:32:33.000Z","volume":280000,"label":" ","price":0.62},{"type":"A","date":"2018-03-19T01:33:08.000Z","volume":16000,"label":" ","price":0.63},{"type":"B","date":"2018-03-19T01:35:08.000Z","volume":280000,"label":" ","price":0.62},{"type":"A","date":"2018-03-19T01:35:40.000Z","volume":240000,"label":" ","price":0.62},{"type":"A","date":"2018-03-19T01:36:41.000Z","volume":40000,"label":" ","price":0.62},{"type":"A","date":"2018-03-19T01:38:20.000Z","volume":56000,"label":" ","price":0.62},{"type":"A","date":"2018-03-19T01:39:32.000Z","volume":40000,"label":" ","price":0.62},{"type":"A","date":"2018-03-19T01:40:47.000Z","volume":200000,"label":" ","price":0.62},{"type":"A","date":"2018-03-19T01:42:34.000Z","volume":32000,"label":" ","price":0.62},{"type":"A","date":"2018-03-19T01:42:44.000Z","volume":128000,"label":" ","price":0.62},{"type":"B","date":"2018-03-19T01:43:01.000Z","volume":8000,"label":" ","price":0.62},{"type":"B","date":"2018-03-19T01:43:21.000Z","volume":24000,"label":" ","price":0.62},{"type":"B","date":"2018-03-19T01:44:48.000Z","volume":160000,"label":" ","price":0.62},{"type":"A","date":"2018-03-19T01:45:02.000Z","volume":144000,"label":" ","price":0.62},{"type":"A","date":"2018-03-19T01:47:19.000Z","volume":32000,"label":" ","price":0.62},{"type":"A","date":"2018-03-19T01:50:01.000Z","volume":8000,"label":" ","price":0.62},{"type":"A","date":"2018-03-19T01:51:04.000Z","volume":16000,"label":" ","price":0.62},{"type":"A","date":"2018-03-19T01:52:16.000Z","volume":152000,"label":" ","price":0.62},{"type":"B","date":"2018-03-19T01:52:54.000Z","volume":48000,"label":" ","price":0.62},{"type":"A","date":"2018-03-19T01:53:19.000Z","volume":40000,"label":" ","price":0.62},{"type":"A","date":"2018-03-19T01:53:32.000Z","volume":32000,"label":" ","price":0.62},{"type":"A","date":"2018-03-19T01:53:45.000Z","volume":24000,"label":" ","price":0.62},{"type":"A","date":"2018-03-19T01:53:55.000Z","volume":16000,"label":" ","price":0.62},{"type":"A","date":"2018-03-19T01:53:58.000Z","volume":32000,"label":" ","price":0.62},{"type":"A","date":"2018-03-19T01:54:20.000Z","volume":56000,"label":" ","price":0.62},{"type":"B","date":"2018-03-19T01:54:44.000Z","volume":72000,"label":" ","price":0.62},{"type":"A","date":"2018-03-19T01:56:13.000Z","volume":104000,"label":" ","price":0.62},{"type":"A","date":"2018-03-19T01:58:45.000Z","volume":48000,"label":" ","price":0.62},{"type":"A","date":"2018-03-19T02:00:52.000Z","volume":64000,"label":" ","price":0.62},{"type":"A","date":"2018-03-19T02:01:41.000Z","volume":24000,"label":" ","price":0.62},{"type":"A","date":"2018-03-19T02:02:14.000Z","volume":88000,"label":" ","price":0.62},{"type":"A","date":"2018-03-19T02:02:21.000Z","volume":112000,"label":" ","price":0.62},{"type":"A","date":"2018-03-19T02:02:29.000Z","volume":88000,"label":" ","price":0.62},{"type":"A","date":"2018-03-19T02:03:43.000Z","volume":32000,"label":" ","price":0.62},{"type":"A","date":"2018-03-19T02:03:46.000Z","volume":8000,"label":" ","price":0.63},{"type":"B","date":"2018-03-19T02:04:38.000Z","volume":8000,"label":" ","price":0.62},{"type":"A","date":"2018-03-19T02:05:09.000Z","volume":40000,"label":" ","price":0.62},{"type":"A","date":"2018-03-19T02:05:19.000Z","volume":48000,"label":" ","price":0.62},{"type":"A","date":"2018-03-19T02:05:22.000Z","volume":80000,"label":" ","price":0.62},{"type":"A","date":"2018-03-19T02:05:28.000Z","volume":32000,"label":" ","price":0.62},{"type":"A","date":"2018-03-19T02:06:52.000Z","volume":80000,"label":" ","price":0.62},{"type":"A","date":"2018-03-19T02:07:03.000Z","volume":56000,"label":" ","price":0.62},{"type":"A","date":"2018-03-19T02:07:39.000Z","volume":32000,"label":" ","price":0.62},{"type":"A","date":"2018-03-19T02:09:07.000Z","volume":120000,"label":" ","price":0.62},{"type":"A","date":"2018-03-19T02:09:14.000Z","volume":40000,"label":" ","price":0.62},{"type":"A","date":"2018-03-19T02:09:18.000Z","volume":160000,"label":" ","price":0.62},{"type":"A","date":"2018-03-19T02:09:22.000Z","volume":32000,"label":" ","price":0.62},{"type":"B","date":"2018-03-19T02:09:51.000Z","volume":8000,"label":" ","price":0.62},{"type":"A","date":"2018-03-19T02:09:56.000Z","volume":64000,"label":" ","price":0.62},{"type":"A","date":"2018-03-19T02:10:05.000Z","volume":56000,"label":" ","price":0.62},{"type":"A","date":"2018-03-19T02:11:04.000Z","volume":40000,"label":" ","price":0.62},{"type":"A","date":"2018-03-19T02:18:04.000Z","volume":80000,"label":" ","price":0.62},{"type":"A","date":"2018-03-19T02:20:48.000Z","volume":192000,"label":" ","price":0.62},{"type":"A","date":"2018-03-19T02:22:59.000Z","volume":16000,"label":" ","price":0.62},{"type":"A","date":"2018-03-19T02:26:14.000Z","volume":144000,"label":" ","price":0.62},{"type":"A","date":"2018-03-19T02:29:14.000Z","volume":56000,"label":" ","price":0.62},{"type":"A","date":"2018-03-19T02:29:29.000Z","volume":40000,"label":" ","price":0.62},{"type":"A","date":"2018-03-19T02:29:33.000Z","volume":120000,"label":" ","price":0.62},{"type":"A","date":"2018-03-19T02:29:45.000Z","volume":96000,"label":" ","price":0.62},{"type":"A","date":"2018-03-19T02:30:01.000Z","volume":16000,"label":" ","price":0.62},{"type":"A","date":"2018-03-19T02:30:05.000Z","volume":104000,"label":" ","price":0.62},{"type":"A","date":"2018-03-19T02:30:30.000Z","volume":32000,"label":" ","price":0.62},{"type":"A","date":"2018-03-19T02:33:28.000Z","volume":64000,"label":" ","price":0.62},{"type":"A","date":"2018-03-19T02:33:33.000Z","volume":136000,"label":" ","price":0.62},{"type":"A","date":"2018-03-19T02:36:53.000Z","volume":40000,"label":" ","price":0.62},{"type":"A","date":"2018-03-19T02:37:00.000Z","volume":8000,"label":" ","price":0.63},{"type":"A","date":"2018-03-19T02:38:10.000Z","volume":160000,"label":" ","price":0.62},{"type":"A","date":"2018-03-19T02:38:22.000Z","volume":40000,"label":" ","price":0.62},{"type":"B","date":"2018-03-19T02:41:37.000Z","volume":8000,"label":" ","price":0.62},{"type":"A","date":"2018-03-19T02:41:38.000Z","volume":80000,"label":" ","price":0.62},{"type":"A","date":"2018-03-19T02:41:43.000Z","volume":112000,"label":" ","price":0.62},{"type":"B","date":"2018-03-19T02:44:39.000Z","volume":16000,"label":" ","price":0.62},{"type":"A","date":"2018-03-19T02:46:03.000Z","volume":48000,"label":" ","price":0.62},{"type":"A","date":"2018-03-19T02:47:47.000Z","volume":40000,"label":" ","price":0.62},{"type":"A","date":"2018-03-19T02:47:55.000Z","volume":56000,"label":" ","price":0.62},{"type":"A","date":"2018-03-19T02:48:40.000Z","volume":88000,"label":" ","price":0.62},{"type":"A","date":"2018-03-19T02:48:56.000Z","volume":72000,"label":" ","price":0.62},{"type":"A","date":"2018-03-19T02:52:07.000Z","volume":24000,"label":" ","price":0.63},{"type":"B","date":"2018-03-19T02:59:09.000Z","volume":80000,"label":" ","price":0.62},{"type":"A","date":"2018-03-19T03:02:01.000Z","volume":104000,"label":" ","price":0.62},{"type":"A","date":"2018-03-19T03:02:13.000Z","volume":16000,"label":" ","price":0.62},{"type":"A","date":"2018-03-19T03:02:16.000Z","volume":96000,"label":" ","price":0.62},{"type":"A","date":"2018-03-19T03:02:37.000Z","volume":8000,"label":" ","price":0.62},{"type":"A","date":"2018-03-19T03:07:52.000Z","volume":56000,"label":" ","price":0.62},{"type":"A","date":"2018-03-19T03:08:01.000Z","volume":8000,"label":" ","price":0.63},{"type":"B","date":"2018-03-19T03:10:35.000Z","volume":8000,"label":" ","price":0.62},{"type":"B","date":"2018-03-19T03:11:41.000Z","volume":136000,"label":" ","price":0.62},{"type":"A","date":"2018-03-19T03:13:20.000Z","volume":88000,"label":" ","price":0.62},{"type":"A","date":"2018-03-19T03:16:10.000Z","volume":104000,"label":" ","price":0.62},{"type":"A","date":"2018-03-19T03:18:36.000Z","volume":80000,"label":" ","price":0.62},{"type":"A","date":"2018-03-19T03:18:52.000Z","volume":56000,"label":" ","price":0.62},{"type":"A","date":"2018-03-19T03:22:43.000Z","volume":40000,"label":" ","price":0.62},{"type":"B","date":"2018-03-19T03:23:18.000Z","volume":24000,"label":" ","price":0.61},{"type":"A","date":"2018-03-19T03:25:16.000Z","volume":64000,"label":" ","price":0.62},{"type":"A","date":"2018-03-19T03:28:16.000Z","volume":32000,"label":" ","price":0.62},{"type":"B","date":"2018-03-19T03:31:13.000Z","volume":80000,"label":" ","price":0.61},{"type":"A","date":"2018-03-19T03:31:54.000Z","volume":56000,"label":" ","price":0.62},{"type":"A","date":"2018-03-19T03:35:35.000Z","volume":48000,"label":" ","price":0.62},{"type":"A","date":"2018-03-19T03:36:42.000Z","volume":16000,"label":" ","price":0.63},{"type":"A","date":"2018-03-19T03:39:54.000Z","volume":176000,"label":" ","price":0.62},{"type":"A","date":"2018-03-19T03:43:31.000Z","volume":40000,"label":" ","price":0.62},{"type":"A","date":"2018-03-19T03:54:14.000Z","volume":24000,"label":" ","price":0.62},{"type":"A","date":"2018-03-19T05:03:25.000Z","volume":16000,"label":" ","price":0.62},{"type":"A","date":"2018-03-19T05:05:33.000Z","volume":32000,"label":" ","price":0.62},{"type":"A","date":"2018-03-19T05:06:30.000Z","volume":40000,"label":" ","price":0.62},{"type":"A","date":"2018-03-19T05:08:26.000Z","volume":48000,"label":" ","price":0.62},{"type":"B","date":"2018-03-19T05:10:42.000Z","volume":56000,"label":" ","price":0.61},{"type":"A","date":"2018-03-19T05:11:07.000Z","volume":56000,"label":" ","price":0.62},{"type":"A","date":"2018-03-19T05:11:40.000Z","volume":96000,"label":" ","price":0.62},{"type":"A","date":"2018-03-19T05:17:09.000Z","volume":16000,"label":" ","price":0.62},{"type":"A","date":"2018-03-19T05:23:49.000Z","volume":80000,"label":" ","price":0.62},{"type":"A","date":"2018-03-19T05:24:03.000Z","volume":88000,"label":" ","price":0.62},{"type":"A","date":"2018-03-19T05:24:03.000Z","volume":32000,"label":" ","price":0.62},{"type":"A","date":"2018-03-19T05:26:14.000Z","volume":16000,"label":" ","price":0.63},{"type":"A","date":"2018-03-19T05:30:04.000Z","volume":8000,"label":" ","price":0.63},{"type":"A","date":"2018-03-19T05:30:41.000Z","volume":16000,"label":" ","price":0.63},{"type":"B","date":"2018-03-19T05:39:32.000Z","volume":80000,"label":" ","price":0.62},{"type":"A","date":"2018-03-19T05:45:51.000Z","volume":16000,"label":" ","price":0.62},{"type":"A","date":"2018-03-19T05:47:33.000Z","volume":88000,"label":" ","price":0.62},{"type":"A","date":"2018-03-19T05:51:35.000Z","volume":88000,"label":" ","price":0.62},{"type":"A","date":"2018-03-19T05:51:44.000Z","volume":200000,"label":" ","price":0.62},{"type":"A","date":"2018-03-19T06:14:15.000Z","volume":32000,"label":" ","price":0.62},{"type":"A","date":"2018-03-19T06:17:19.000Z","volume":8000,"label":" ","price":0.62},{"type":"A","date":"2018-03-19T06:25:53.000Z","volume":232000,"label":" ","price":0.62},{"type":"B","date":"2018-03-19T06:26:51.000Z","volume":168000,"label":" ","price":0.62},{"type":"A","date":"2018-03-19T06:27:26.000Z","volume":288000,"label":" ","price":0.62},{"type":"A","date":"2018-03-19T06:27:44.000Z","volume":160000,"label":" ","price":0.62},{"type":"A","date":"2018-03-19T06:27:59.000Z","volume":152000,"label":" ","price":0.62},{"type":"A","date":"2018-03-19T06:28:26.000Z","volume":96000,"label":" ","price":0.62},{"type":"A","date":"2018-03-19T06:28:39.000Z","volume":64000,"label":" ","price":0.62},{"type":"A","date":"2018-03-19T06:29:07.000Z","volume":56000,"label":" ","price":0.62},{"type":"A","date":"2018-03-19T06:29:59.000Z","volume":120000,"label":" ","price":0.62},{"type":"A","date":"2018-03-19T06:30:04.000Z","volume":80000,"label":" ","price":0.62},{"type":"A","date":"2018-03-19T06:30:06.000Z","volume":32000,"label":" ","price":0.62},{"type":"A","date":"2018-03-19T06:31:18.000Z","volume":80000,"label":" ","price":0.62},{"type":"A","date":"2018-03-19T06:31:28.000Z","volume":120000,"label":" ","price":0.62},{"type":"A","date":"2018-03-19T06:31:44.000Z","volume":96000,"label":" ","price":0.62},{"type":"A","date":"2018-03-19T06:32:05.000Z","volume":48000,"label":" ","price":0.62},{"type":"A","date":"2018-03-19T06:32:28.000Z","volume":56000,"label":" ","price":0.62},{"type":"A","date":"2018-03-19T06:33:03.000Z","volume":24000,"label":" ","price":0.62},{"type":"A","date":"2018-03-19T06:33:18.000Z","volume":32000,"label":" ","price":0.62},{"type":"A","date":"2018-03-19T06:33:29.000Z","volume":40000,"label":" ","price":0.62},{"type":"A","date":"2018-03-19T06:34:25.000Z","volume":96000,"label":" ","price":0.62},{"type":"A","date":"2018-03-19T06:34:27.000Z","volume":64000,"label":" ","price":0.62},{"type":"A","date":"2018-03-19T06:35:20.000Z","volume":8000,"label":" ","price":0.62},{"type":"A","date":"2018-03-19T06:37:30.000Z","volume":32000,"label":" ","price":0.62},{"type":"A","date":"2018-03-19T06:40:52.000Z","volume":16000,"label":" ","price":0.62},{"type":"A","date":"2018-03-19T06:42:18.000Z","volume":40000,"label":" ","price":0.62},{"type":"A","date":"2018-03-19T06:44:50.000Z","volume":56000,"label":" ","price":0.62},{"type":"A","date":"2018-03-19T06:45:28.000Z","volume":24000,"label":" ","price":0.62},{"type":"A","date":"2018-03-19T06:46:15.000Z","volume":64000,"label":" ","price":0.62},{"type":"A","date":"2018-03-19T06:47:04.000Z","volume":48000,"label":" ","price":0.62},{"type":"A","date":"2018-03-19T06:47:19.000Z","volume":8000,"label":" ","price":0.62},{"type":"A","date":"2018-03-19T06:48:04.000Z","volume":16000,"label":" ","price":0.62},{"type":"A","date":"2018-03-19T06:49:02.000Z","volume":32000,"label":" ","price":0.62},{"type":"A","date":"2018-03-19T06:50:53.000Z","volume":40000,"label":" ","price":0.62},{"type":"A","date":"2018-03-19T06:52:41.000Z","volume":32000,"label":" ","price":0.62},{"type":"A","date":"2018-03-19T06:54:31.000Z","volume":48000,"label":" ","price":0.62},{"type":"A","date":"2018-03-19T06:58:43.000Z","volume":56000,"label":" ","price":0.62},{"type":"A","date":"2018-03-19T07:04:58.000Z","volume":16000,"label":" ","price":0.62},{"type":"A","date":"2018-03-19T07:10:35.000Z","volume":32000,"label":" ","price":0.62},{"type":"A","date":"2018-03-19T07:14:01.000Z","volume":144000,"label":" ","price":0.62},{"type":"B","date":"2018-03-19T07:14:07.000Z","volume":56000,"label":" ","price":0.62},{"type":"A","date":"2018-03-19T07:14:45.000Z","volume":200000,"label":" ","price":0.62},{"type":"A","date":"2018-03-19T07:16:07.000Z","volume":32000,"label":" ","price":0.62},{"type":"A","date":"2018-03-19T07:18:27.000Z","volume":80000,"label":" ","price":0.62},{"type":"A","date":"2018-03-19T07:18:32.000Z","volume":32000,"label":" ","price":0.62},{"type":"B","date":"2018-03-19T07:18:33.000Z","volume":88000,"label":" ","price":0.62},{"type":"A","date":"2018-03-19T07:19:02.000Z","volume":40000,"label":" ","price":0.62},{"type":"A","date":"2018-03-19T07:19:10.000Z","volume":32000,"label":" ","price":0.62},{"type":"A","date":"2018-03-19T07:19:41.000Z","volume":40000,"label":" ","price":0.62},{"type":"B","date":"2018-03-19T07:19:42.000Z","volume":160000,"label":" ","price":0.62},{"type":"A","date":"2018-03-19T07:20:11.000Z","volume":40000,"label":" ","price":0.62},{"type":"B","date":"2018-03-19T07:20:46.000Z","volume":80000,"label":" ","price":0.62},{"type":"A","date":"2018-03-19T07:21:27.000Z","volume":80000,"label":" ","price":0.62},{"type":"A","date":"2018-03-19T07:24:20.000Z","volume":288000,"label":" ","price":0.62},{"type":"B","date":"2018-03-19T07:24:29.000Z","volume":112000,"label":" ","price":0.62},{"type":"A","date":"2018-03-19T07:25:44.000Z","volume":88000,"label":" ","price":0.62},{"type":"B","date":"2018-03-19T07:26:06.000Z","volume":200000,"label":" ","price":0.62},{"type":"B","date":"2018-03-19T07:26:20.000Z","volume":112000,"label":" ","price":0.62},{"type":"A","date":"2018-03-19T07:27:55.000Z","volume":40000,"label":" ","price":0.62},{"type":"A","date":"2018-03-19T07:34:46.000Z","volume":48000,"label":" ","price":0.62},{"type":"A","date":"2018-03-19T07:34:56.000Z","volume":8000,"label":" ","price":0.63},{"type":"B","date":"2018-03-19T07:36:40.000Z","volume":32000,"label":" ","price":0.62},{"type":"A","date":"2018-03-19T07:37:01.000Z","volume":200000,"label":" ","price":0.62},{"type":"A","date":"2018-03-19T07:39:40.000Z","volume":80000,"label":" ","price":0.62},{"type":"A","date":"2018-03-19T07:39:51.000Z","volume":8000,"label":" ","price":0.63},{"type":"A","date":"2018-03-19T07:49:55.000Z","volume":8000,"label":" ","price":0.63},{"type":"B","date":"2018-03-19T07:55:55.000Z","volume":8000,"label":" ","price":0.62},{"type":"A","date":"2018-03-19T07:58:48.000Z","volume":40000,"label":" ","price":0.63},{"type":"A","date":"2018-03-19T07:59:58.000Z","volume":80000,"label":" ","price":0.63}]