[{"type":"B","date":"2018-05-03T02:05:38.000Z","volume":200,"label":" ","price":8.2},{"type":"B","date":"2018-05-03T02:10:26.000Z","volume":1600,"label":" ","price":8.17},{"type":"A","date":"2018-05-03T02:12:23.000Z","volume":800,"label":" ","price":8.23},{"type":"A","date":"2018-05-03T02:12:23.000Z","volume":200,"label":" ","price":8.24},{"type":"A","date":"2018-05-03T02:40:52.000Z","volume":200,"label":" ","price":8.23},{"type":"A","date":"2018-05-03T02:48:07.000Z","volume":1600,"label":" ","price":8.21},{"type":"A","date":"2018-05-03T02:48:07.000Z","volume":8000,"label":" ","price":8.22},{"type":"A","date":"2018-05-03T02:48:07.000Z","volume":3200,"label":" ","price":8.23},{"type":"B","date":"2018-05-03T02:48:25.000Z","volume":2200,"label":" ","price":8.23},{"type":"B","date":"2018-05-03T02:48:35.000Z","volume":14800,"label":" ","price":8.23},{"type":"B","date":"2018-05-03T02:48:41.000Z","volume":6000,"label":" ","price":8.23},{"type":"B","date":"2018-05-03T02:48:48.000Z","volume":3000,"label":" ","price":8.23},{"type":"B","date":"2018-05-03T02:50:14.000Z","volume":4200,"label":" ","price":8.23},{"type":"B","date":"2018-05-03T02:50:48.000Z","volume":1200,"label":" ","price":8.23},{"type":"B","date":"2018-05-03T02:51:12.000Z","volume":55800,"label":" ","price":8.23},{"type":"A","date":"2018-05-03T02:58:43.000Z","volume":22000,"label":" ","price":8.22},{"type":"B","date":"2018-05-03T02:59:46.000Z","volume":6400,"label":" ","price":8.22},{"type":"B","date":"2018-05-03T02:59:54.000Z","volume":4000,"label":" ","price":8.22},{"type":"A","date":"2018-05-03T03:01:34.000Z","volume":36200,"label":" ","price":8.23},{"type":"B","date":"2018-05-03T03:02:13.000Z","volume":1200,"label":" ","price":8.23},{"type":"B","date":"2018-05-03T03:14:56.000Z","volume":3000,"label":" ","price":8.23},{"type":"B","date":"2018-05-03T03:15:23.000Z","volume":1000,"label":" ","price":8.23},{"type":"B","date":"2018-05-03T03:15:23.000Z","volume":1800,"label":" ","price":8.23},{"type":"A","date":"2018-05-03T03:33:07.000Z","volume":27800,"label":" ","price":8.24},{"type":"B","date":"2018-05-03T03:33:45.000Z","volume":2000,"label":" ","price":8.24},{"type":"B","date":"2018-05-03T03:33:56.000Z","volume":1000,"label":" ","price":8.24},{"type":"A","date":"2018-05-03T03:35:43.000Z","volume":400,"label":" ","price":8.25},{"type":"A","date":"2018-05-03T03:36:48.000Z","volume":200,"label":" ","price":8.25},{"type":"A","date":"2018-05-03T03:37:45.000Z","volume":400,"label":" ","price":8.25},{"type":"A","date":"2018-05-03T03:37:47.000Z","volume":800,"label":" ","price":8.25},{"type":"A","date":"2018-05-03T05:00:07.000Z","volume":200,"label":" ","price":8.27},{"type":"A","date":"2018-05-03T05:15:01.000Z","volume":2400,"label":"Y","price":8.27},{"type":"A","date":"2018-05-03T05:15:01.000Z","volume":800,"label":" ","price":8.27},{"type":"A","date":"2018-05-03T05:15:06.000Z","volume":200,"label":" ","price":8.27},{"type":"A","date":"2018-05-03T05:22:42.000Z","volume":800,"label":" ","price":8.29},{"type":"A","date":"2018-05-03T05:22:42.000Z","volume":52800,"label":" ","price":8.3},{"type":"A","date":"2018-05-03T05:22:46.000Z","volume":1000,"label":" ","price":8.31},{"type":"A","date":"2018-05-03T05:22:50.000Z","volume":5000,"label":" ","price":8.32},{"type":"A","date":"2018-05-03T05:24:53.000Z","volume":1000,"label":" ","price":8.3},{"type":"B","date":"2018-05-03T05:39:13.000Z","volume":200,"label":" ","price":8.3},{"type":"A","date":"2018-05-03T05:43:01.000Z","volume":8000,"label":" ","price":8.32},{"type":"A","date":"2018-05-03T05:46:58.000Z","volume":1000,"label":" ","price":8.33},{"type":"A","date":"2018-05-03T05:48:33.000Z","volume":19400,"label":" ","price":8.35},{"type":"A","date":"2018-05-03T05:48:55.000Z","volume":1000,"label":" ","price":8.33},{"type":"A","date":"2018-05-03T05:53:50.000Z","volume":5000,"label":" ","price":8.32},{"type":"A","date":"2018-05-03T05:54:43.000Z","volume":4000,"label":" ","price":8.32},{"type":"A","date":"2018-05-03T05:54:43.000Z","volume":400,"label":" ","price":8.36},{"type":"A","date":"2018-05-03T05:54:54.000Z","volume":600,"label":" ","price":8.36},{"type":"B","date":"2018-05-03T06:01:22.000Z","volume":5800,"label":" ","price":8.29},{"type":"B","date":"2018-05-03T06:01:22.000Z","volume":4200,"label":" ","price":8.28},{"type":"B","date":"2018-05-03T06:04:26.000Z","volume":5000,"label":" ","price":8.28},{"type":"A","date":"2018-05-03T06:05:15.000Z","volume":3000,"label":" ","price":8.33},{"type":"B","date":"2018-05-03T06:57:39.000Z","volume":7600,"label":" ","price":8.28},{"type":"A","date":"2018-05-03T06:57:44.000Z","volume":2400,"label":" ","price":8.28},{"type":"B","date":"2018-05-03T07:12:11.000Z","volume":8200,"label":" ","price":8.26},{"type":"B","date":"2018-05-03T07:15:10.000Z","volume":6000,"label":" ","price":8.26},{"type":"B","date":"2018-05-03T07:27:54.000Z","volume":12600,"label":" ","price":8.26},{"type":"A","date":"2018-05-03T07:27:57.000Z","volume":400,"label":" ","price":8.26},{"type":"B","date":"2018-05-03T07:34:55.000Z","volume":6000,"label":" ","price":8.26},{"type":"B","date":"2018-05-03T07:49:06.000Z","volume":9200,"label":" ","price":8.26},{"type":"A","date":"2018-05-03T07:49:11.000Z","volume":1000,"label":" ","price":8.26},{"type":"A","date":"2018-05-03T07:50:59.000Z","volume":3000,"label":" ","price":8.29},{"type":"A","date":"2018-05-03T07:51:59.000Z","volume":1400,"label":" ","price":8.31},{"type":"A","date":"2018-05-03T07:55:59.000Z","volume":3400,"label":" ","price":8.29},{"type":"B","date":"2018-05-03T07:58:16.000Z","volume":2000,"label":" ","price":8.26},{"type":"B","date":"2018-05-03T07:58:44.000Z","volume":200,"label":" ","price":8.26},{"type":"U","date":"2018-05-03T08:08:12.000Z","volume":200,"label":"U","price":8.29}]