[{"type":"A","date":"2018-04-19T01:46:08.000Z","volume":10000,"label":" ","price":3.48},{"type":"A","date":"2018-04-19T02:04:07.000Z","volume":8000,"label":" ","price":3.48},{"type":"A","date":"2018-04-19T02:05:21.000Z","volume":100000,"label":" ","price":3.48},{"type":"A","date":"2018-04-19T02:07:06.000Z","volume":57000,"label":" ","price":3.48},{"type":"A","date":"2018-04-19T02:07:09.000Z","volume":20000,"label":" ","price":3.48},{"type":"A","date":"2018-04-19T02:07:20.000Z","volume":40000,"label":" ","price":3.48},{"type":"A","date":"2018-04-19T02:07:29.000Z","volume":10000,"label":" ","price":3.48},{"type":"A","date":"2018-04-19T02:07:36.000Z","volume":30000,"label":" ","price":3.48},{"type":"A","date":"2018-04-19T02:08:35.000Z","volume":1000,"label":" ","price":3.48},{"type":"B","date":"2018-04-19T02:14:57.000Z","volume":3000,"label":" ","price":3.45},{"type":"B","date":"2018-04-19T02:15:21.000Z","volume":16000,"label":" ","price":3.45},{"type":"A","date":"2018-04-19T02:16:35.000Z","volume":4000,"label":" ","price":3.45},{"type":"B","date":"2018-04-19T02:18:57.000Z","volume":2000,"label":" ","price":3.43},{"type":"A","date":"2018-04-19T02:32:43.000Z","volume":3000,"label":" ","price":3.45},{"type":"A","date":"2018-04-19T02:33:46.000Z","volume":8000,"label":" ","price":3.45},{"type":"A","date":"2018-04-19T02:35:48.000Z","volume":18000,"label":" ","price":3.45},{"type":"A","date":"2018-04-19T02:36:41.000Z","volume":1000,"label":" ","price":3.45},{"type":"B","date":"2018-04-19T02:42:17.000Z","volume":1000,"label":" ","price":3.43},{"type":"B","date":"2018-04-19T02:42:17.000Z","volume":1000,"label":" ","price":3.42},{"type":"B","date":"2018-04-19T02:42:17.000Z","volume":3000,"label":" ","price":3.41},{"type":"B","date":"2018-04-19T02:47:52.000Z","volume":5000,"label":" ","price":3.41},{"type":"A","date":"2018-04-19T05:05:21.000Z","volume":18000,"label":" ","price":3.45},{"type":"A","date":"2018-04-19T05:05:21.000Z","volume":32000,"label":" ","price":3.46},{"type":"A","date":"2018-04-19T05:06:01.000Z","volume":20000,"label":" ","price":3.46},{"type":"A","date":"2018-04-19T05:06:41.000Z","volume":18000,"label":" ","price":3.46},{"type":"A","date":"2018-04-19T05:07:46.000Z","volume":50000,"label":" ","price":3.46},{"type":"A","date":"2018-04-19T05:08:02.000Z","volume":30000,"label":" ","price":3.46},{"type":"A","date":"2018-04-19T05:08:02.000Z","volume":5000,"label":" ","price":3.47},{"type":"A","date":"2018-04-19T05:08:27.000Z","volume":1000,"label":" ","price":3.47},{"type":"A","date":"2018-04-19T05:08:46.000Z","volume":5000,"label":" ","price":3.47},{"type":"A","date":"2018-04-19T05:09:35.000Z","volume":7000,"label":" ","price":3.47},{"type":"A","date":"2018-04-19T05:11:22.000Z","volume":80000,"label":" ","price":3.46},{"type":"A","date":"2018-04-19T05:12:34.000Z","volume":70000,"label":" ","price":3.46},{"type":"A","date":"2018-04-19T05:13:39.000Z","volume":8000,"label":" ","price":3.47},{"type":"A","date":"2018-04-19T05:13:39.000Z","volume":2000,"label":" ","price":3.48},{"type":"A","date":"2018-04-19T05:18:03.000Z","volume":14000,"label":" ","price":3.48},{"type":"A","date":"2018-04-19T05:18:03.000Z","volume":10000,"label":" ","price":3.49},{"type":"A","date":"2018-04-19T05:18:03.000Z","volume":98000,"label":" ","price":3.5},{"type":"B","date":"2018-04-19T05:18:04.000Z","volume":3000,"label":" ","price":3.5},{"type":"B","date":"2018-04-19T05:18:04.000Z","volume":7000,"label":" ","price":3.5},{"type":"A","date":"2018-04-19T05:20:29.000Z","volume":89000,"label":" ","price":3.52},{"type":"A","date":"2018-04-19T05:20:29.000Z","volume":1000,"label":" ","price":3.55},{"type":"A","date":"2018-04-19T05:22:15.000Z","volume":80000,"label":" ","price":3.54},{"type":"U","date":"2018-04-19T05:22:40.000Z","volume":10000,"label":" ","price":3.54},{"type":"A","date":"2018-04-19T05:23:27.000Z","volume":10000,"label":" ","price":3.55},{"type":"A","date":"2018-04-19T05:25:37.000Z","volume":5000,"label":" ","price":3.55},{"type":"A","date":"2018-04-19T05:26:50.000Z","volume":60000,"label":" ","price":3.54},{"type":"A","date":"2018-04-19T05:27:02.000Z","volume":40000,"label":" ","price":3.54},{"type":"A","date":"2018-04-19T05:27:13.000Z","volume":1000,"label":" ","price":3.54},{"type":"A","date":"2018-04-19T05:27:17.000Z","volume":41000,"label":" ","price":3.54},{"type":"A","date":"2018-04-19T05:27:39.000Z","volume":39000,"label":" ","price":3.54},{"type":"A","date":"2018-04-19T05:28:11.000Z","volume":70000,"label":" ","price":3.54},{"type":"A","date":"2018-04-19T05:28:45.000Z","volume":8000,"label":" ","price":3.55},{"type":"A","date":"2018-04-19T05:29:17.000Z","volume":10000,"label":" ","price":3.55},{"type":"A","date":"2018-04-19T05:29:38.000Z","volume":6000,"label":" ","price":3.55},{"type":"A","date":"2018-04-19T05:29:38.000Z","volume":2000,"label":" ","price":3.56},{"type":"A","date":"2018-04-19T05:30:27.000Z","volume":20000,"label":" ","price":3.56},{"type":"A","date":"2018-04-19T05:30:41.000Z","volume":20000,"label":" ","price":3.56},{"type":"A","date":"2018-04-19T05:30:59.000Z","volume":20000,"label":" ","price":3.56},{"type":"A","date":"2018-04-19T05:31:13.000Z","volume":20000,"label":" ","price":3.56},{"type":"A","date":"2018-04-19T05:31:44.000Z","volume":3000,"label":" ","price":3.58},{"type":"A","date":"2018-04-19T05:32:02.000Z","volume":4000,"label":" ","price":3.6},{"type":"A","date":"2018-04-19T05:32:02.000Z","volume":1000,"label":" ","price":3.64},{"type":"A","date":"2018-04-19T05:36:06.000Z","volume":3000,"label":" ","price":3.63},{"type":"A","date":"2018-04-19T05:37:08.000Z","volume":9000,"label":" ","price":3.63},{"type":"A","date":"2018-04-19T05:42:58.000Z","volume":20000,"label":" ","price":3.62},{"type":"B","date":"2018-04-19T05:47:30.000Z","volume":4000,"label":" ","price":3.58},{"type":"B","date":"2018-04-19T05:47:30.000Z","volume":6000,"label":" ","price":3.55},{"type":"B","date":"2018-04-19T05:52:59.000Z","volume":20000,"label":" ","price":3.56},{"type":"B","date":"2018-04-19T05:53:10.000Z","volume":20000,"label":" ","price":3.56},{"type":"B","date":"2018-04-19T05:53:27.000Z","volume":8000,"label":" ","price":3.56},{"type":"A","date":"2018-04-19T05:54:00.000Z","volume":20000,"label":" ","price":3.56},{"type":"A","date":"2018-04-19T05:54:00.000Z","volume":42000,"label":" ","price":3.56},{"type":"A","date":"2018-04-19T05:54:30.000Z","volume":1000,"label":" ","price":3.62},{"type":"A","date":"2018-04-19T06:01:41.000Z","volume":4000,"label":" ","price":3.6},{"type":"A","date":"2018-04-19T06:02:07.000Z","volume":4000,"label":" ","price":3.6},{"type":"B","date":"2018-04-19T06:02:58.000Z","volume":1000,"label":" ","price":3.57},{"type":"B","date":"2018-04-19T06:02:58.000Z","volume":7000,"label":" ","price":3.56},{"type":"B","date":"2018-04-19T06:02:58.000Z","volume":12000,"label":" ","price":3.55},{"type":"B","date":"2018-04-19T06:04:01.000Z","volume":16000,"label":" ","price":3.55},{"type":"B","date":"2018-04-19T06:04:20.000Z","volume":19000,"label":" ","price":3.55},{"type":"A","date":"2018-04-19T06:04:39.000Z","volume":1000,"label":" ","price":3.6},{"type":"A","date":"2018-04-19T06:10:00.000Z","volume":9000,"label":" ","price":3.55},{"type":"A","date":"2018-04-19T06:10:48.000Z","volume":10000,"label":" ","price":3.55},{"type":"A","date":"2018-04-19T06:11:39.000Z","volume":1000,"label":" ","price":3.55},{"type":"A","date":"2018-04-19T06:11:39.000Z","volume":1000,"label":" ","price":3.6},{"type":"A","date":"2018-04-19T06:19:27.000Z","volume":10000,"label":" ","price":3.6},{"type":"A","date":"2018-04-19T06:24:19.000Z","volume":10000,"label":" ","price":3.6},{"type":"B","date":"2018-04-19T06:27:35.000Z","volume":4000,"label":" ","price":3.53},{"type":"B","date":"2018-04-19T06:27:35.000Z","volume":6000,"label":" ","price":3.51},{"type":"B","date":"2018-04-19T06:28:38.000Z","volume":9000,"label":" ","price":3.5},{"type":"A","date":"2018-04-19T06:29:41.000Z","volume":1000,"label":" ","price":3.58},{"type":"A","date":"2018-04-19T06:34:47.000Z","volume":1000,"label":" ","price":3.59},{"type":"A","date":"2018-04-19T06:39:25.000Z","volume":2000,"label":" ","price":3.58},{"type":"A","date":"2018-04-19T06:39:25.000Z","volume":48000,"label":" ","price":3.58},{"type":"A","date":"2018-04-19T06:39:34.000Z","volume":20000,"label":" ","price":3.59},{"type":"U","date":"2018-04-19T06:40:57.000Z","volume":1000,"label":" ","price":3.58},{"type":"A","date":"2018-04-19T06:40:57.000Z","volume":8000,"label":" ","price":3.59},{"type":"A","date":"2018-04-19T06:44:28.000Z","volume":41000,"label":" ","price":3.59},{"type":"A","date":"2018-04-19T06:44:28.000Z","volume":9000,"label":" ","price":3.59},{"type":"B","date":"2018-04-19T06:55:01.000Z","volume":2000,"label":" ","price":3.54},{"type":"B","date":"2018-04-19T06:55:01.000Z","volume":1000,"label":" ","price":3.53},{"type":"B","date":"2018-04-19T06:55:01.000Z","volume":5000,"label":" ","price":3.52},{"type":"B","date":"2018-04-19T06:55:01.000Z","volume":2000,"label":" ","price":3.51},{"type":"A","date":"2018-04-19T06:55:34.000Z","volume":1000,"label":" ","price":3.59},{"type":"B","date":"2018-04-19T07:06:50.000Z","volume":3000,"label":" ","price":3.55},{"type":"A","date":"2018-04-19T07:07:05.000Z","volume":17000,"label":" ","price":3.59},{"type":"A","date":"2018-04-19T07:21:16.000Z","volume":4000,"label":" ","price":3.58},{"type":"A","date":"2018-04-19T07:21:18.000Z","volume":11000,"label":" ","price":3.58},{"type":"A","date":"2018-04-19T07:35:17.000Z","volume":3000,"label":" ","price":3.57},{"type":"A","date":"2018-04-19T07:35:24.000Z","volume":11000,"label":" ","price":3.57},{"type":"A","date":"2018-04-19T07:35:43.000Z","volume":1000,"label":" ","price":3.57},{"type":"A","date":"2018-04-19T07:35:49.000Z","volume":9000,"label":" ","price":3.57},{"type":"A","date":"2018-04-19T07:36:46.000Z","volume":1000,"label":" ","price":3.57},{"type":"A","date":"2018-04-19T07:44:42.000Z","volume":1000,"label":" ","price":3.57},{"type":"A","date":"2018-04-19T07:45:41.000Z","volume":1000,"label":" ","price":3.57},{"type":"B","date":"2018-04-19T07:46:14.000Z","volume":1000,"label":" ","price":3.53},{"type":"A","date":"2018-04-19T07:46:42.000Z","volume":1000,"label":" ","price":3.56},{"type":"A","date":"2018-04-19T07:46:42.000Z","volume":1000,"label":" ","price":3.57},{"type":"A","date":"2018-04-19T07:51:04.000Z","volume":7000,"label":" ","price":3.57},{"type":"A","date":"2018-04-19T07:52:56.000Z","volume":3000,"label":" ","price":3.57},{"type":"A","date":"2018-04-19T07:54:43.000Z","volume":3000,"label":" ","price":3.57},{"type":"A","date":"2018-04-19T07:54:49.000Z","volume":16000,"label":" ","price":3.57},{"type":"A","date":"2018-04-19T07:54:55.000Z","volume":1000,"label":" ","price":3.57},{"type":"A","date":"2018-04-19T07:57:51.000Z","volume":16000,"label":" ","price":3.57},{"type":"A","date":"2018-04-19T07:57:58.000Z","volume":1000,"label":" ","price":3.59},{"type":"B","date":"2018-04-19T07:59:11.000Z","volume":3000,"label":" ","price":3.59},{"type":"A","date":"2018-04-19T07:59:13.000Z","volume":1000,"label":" ","price":3.58}]