[{"type":"B","date":"2018-03-19T01:30:00.000Z","volume":600,"label":" ","price":9.53},{"type":"B","date":"2018-03-19T01:30:01.000Z","volume":4000,"label":" ","price":9.32},{"type":"B","date":"2018-03-19T01:32:00.000Z","volume":200,"label":" ","price":9.42},{"type":"B","date":"2018-03-19T01:33:05.000Z","volume":200,"label":" ","price":9.42},{"type":"B","date":"2018-03-19T01:35:43.000Z","volume":10000,"label":" ","price":9.44},{"type":"B","date":"2018-03-19T01:35:43.000Z","volume":1000,"label":" ","price":9.44},{"type":"B","date":"2018-03-19T01:35:43.000Z","volume":200,"label":" ","price":9.44},{"type":"A","date":"2018-03-19T01:37:38.000Z","volume":1600,"label":" ","price":9.48},{"type":"B","date":"2018-03-19T01:37:47.000Z","volume":5400,"label":"Y","price":9.45},{"type":"B","date":"2018-03-19T01:37:47.000Z","volume":800,"label":" ","price":9.45},{"type":"B","date":"2018-03-19T01:37:47.000Z","volume":200,"label":" ","price":9.45},{"type":"A","date":"2018-03-19T01:38:20.000Z","volume":9200,"label":" ","price":9.45},{"type":"A","date":"2018-03-19T01:38:20.000Z","volume":200,"label":" ","price":9.47},{"type":"B","date":"2018-03-19T01:38:33.000Z","volume":1400,"label":" ","price":9.45},{"type":"B","date":"2018-03-19T01:39:00.000Z","volume":15000,"label":" ","price":9.45},{"type":"B","date":"2018-03-19T01:39:00.000Z","volume":1000,"label":" ","price":9.45},{"type":"B","date":"2018-03-19T01:42:55.000Z","volume":8400,"label":" ","price":9.45},{"type":"B","date":"2018-03-19T01:44:26.000Z","volume":2800,"label":" ","price":9.45},{"type":"B","date":"2018-03-19T01:44:26.000Z","volume":600,"label":" ","price":9.45},{"type":"B","date":"2018-03-19T01:49:21.000Z","volume":800,"label":" ","price":9.41},{"type":"B","date":"2018-03-19T01:49:21.000Z","volume":200,"label":" ","price":9.41},{"type":"B","date":"2018-03-19T01:49:24.000Z","volume":1200,"label":" ","price":9.4},{"type":"A","date":"2018-03-19T01:58:14.000Z","volume":3000,"label":" ","price":9.39},{"type":"A","date":"2018-03-19T01:58:35.000Z","volume":200,"label":" ","price":9.41},{"type":"B","date":"2018-03-19T02:01:48.000Z","volume":200,"label":" ","price":9.42},{"type":"B","date":"2018-03-19T02:07:18.000Z","volume":6000,"label":" ","price":9.42},{"type":"U","date":"2018-03-19T02:07:25.000Z","volume":200,"label":"X","price":9.42},{"type":"A","date":"2018-03-19T02:07:25.000Z","volume":200,"label":" ","price":9.46},{"type":"A","date":"2018-03-19T02:15:20.000Z","volume":8000,"label":" ","price":9.46},{"type":"A","date":"2018-03-19T02:15:20.000Z","volume":2400,"label":" ","price":9.46},{"type":"U","date":"2018-03-19T02:15:20.000Z","volume":400,"label":" ","price":9.46},{"type":"A","date":"2018-03-19T02:17:22.000Z","volume":3000,"label":" ","price":9.46},{"type":"B","date":"2018-03-19T02:17:22.000Z","volume":6000,"label":" ","price":9.46},{"type":"B","date":"2018-03-19T02:17:22.000Z","volume":2600,"label":" ","price":9.46},{"type":"A","date":"2018-03-19T02:17:52.000Z","volume":400,"label":" ","price":9.47},{"type":"A","date":"2018-03-19T02:17:52.000Z","volume":1200,"label":" ","price":9.47},{"type":"B","date":"2018-03-19T02:18:51.000Z","volume":2000,"label":" ","price":9.47},{"type":"B","date":"2018-03-19T02:19:03.000Z","volume":15000,"label":" ","price":9.47},{"type":"A","date":"2018-03-19T02:19:03.000Z","volume":800,"label":" ","price":9.48},{"type":"B","date":"2018-03-19T02:19:03.000Z","volume":200,"label":" ","price":9.47},{"type":"B","date":"2018-03-19T02:19:32.000Z","volume":3000,"label":" ","price":9.47},{"type":"B","date":"2018-03-19T02:20:35.000Z","volume":400,"label":" ","price":9.47},{"type":"B","date":"2018-03-19T02:21:41.000Z","volume":400,"label":" ","price":9.47},{"type":"B","date":"2018-03-19T02:22:16.000Z","volume":200,"label":" ","price":9.47},{"type":"A","date":"2018-03-19T02:22:16.000Z","volume":200,"label":" ","price":9.47},{"type":"B","date":"2018-03-19T02:22:47.000Z","volume":400,"label":" ","price":9.44},{"type":"A","date":"2018-03-19T02:22:47.000Z","volume":200,"label":" ","price":9.44},{"type":"B","date":"2018-03-19T02:26:17.000Z","volume":600,"label":" ","price":9.42},{"type":"B","date":"2018-03-19T02:26:17.000Z","volume":1000,"label":" ","price":9.41},{"type":"B","date":"2018-03-19T02:26:17.000Z","volume":15200,"label":" ","price":9.4},{"type":"A","date":"2018-03-19T02:26:17.000Z","volume":200,"label":" ","price":9.4},{"type":"A","date":"2018-03-19T02:26:17.000Z","volume":3000,"label":" ","price":9.4},{"type":"B","date":"2018-03-19T02:31:56.000Z","volume":1000,"label":" ","price":9.4},{"type":"B","date":"2018-03-19T02:31:56.000Z","volume":9000,"label":" ","price":9.4},{"type":"A","date":"2018-03-19T02:31:56.000Z","volume":600,"label":" ","price":9.44},{"type":"B","date":"2018-03-19T02:35:13.000Z","volume":200,"label":" ","price":9.4},{"type":"B","date":"2018-03-19T02:37:22.000Z","volume":200,"label":" ","price":9.4},{"type":"B","date":"2018-03-19T02:37:22.000Z","volume":200,"label":" ","price":9.4},{"type":"A","date":"2018-03-19T02:40:40.000Z","volume":3000,"label":" ","price":9.4},{"type":"A","date":"2018-03-19T02:43:09.000Z","volume":200,"label":" ","price":9.4},{"type":"A","date":"2018-03-19T02:46:34.000Z","volume":5600,"label":" ","price":9.4},{"type":"A","date":"2018-03-19T02:46:34.000Z","volume":400,"label":" ","price":9.42},{"type":"A","date":"2018-03-19T02:46:34.000Z","volume":200,"label":" ","price":9.42},{"type":"A","date":"2018-03-19T02:49:29.000Z","volume":800,"label":" ","price":9.44},{"type":"B","date":"2018-03-19T02:49:29.000Z","volume":3000,"label":" ","price":9.46},{"type":"A","date":"2018-03-19T02:49:30.000Z","volume":200,"label":" ","price":9.47},{"type":"A","date":"2018-03-19T02:49:30.000Z","volume":200,"label":" ","price":9.47},{"type":"B","date":"2018-03-19T02:52:09.000Z","volume":800,"label":" ","price":9.46},{"type":"B","date":"2018-03-19T02:52:09.000Z","volume":400,"label":" ","price":9.46},{"type":"A","date":"2018-03-19T02:56:00.000Z","volume":1000,"label":" ","price":9.47},{"type":"B","date":"2018-03-19T03:02:51.000Z","volume":1000,"label":" ","price":9.46},{"type":"B","date":"2018-03-19T03:04:33.000Z","volume":200,"label":" ","price":9.46},{"type":"B","date":"2018-03-19T03:05:12.000Z","volume":200,"label":" ","price":9.46},{"type":"B","date":"2018-03-19T03:06:58.000Z","volume":400,"label":" ","price":9.46},{"type":"A","date":"2018-03-19T03:07:25.000Z","volume":200,"label":" ","price":9.47},{"type":"B","date":"2018-03-19T03:12:03.000Z","volume":2200,"label":" ","price":9.46},{"type":"B","date":"2018-03-19T03:12:57.000Z","volume":1400,"label":" ","price":9.46},{"type":"B","date":"2018-03-19T03:13:56.000Z","volume":600,"label":" ","price":9.46},{"type":"B","date":"2018-03-19T03:16:38.000Z","volume":3000,"label":" ","price":9.46},{"type":"A","date":"2018-03-19T03:16:46.000Z","volume":5600,"label":" ","price":9.47},{"type":"B","date":"2018-03-19T03:16:51.000Z","volume":200,"label":" ","price":9.46},{"type":"B","date":"2018-03-19T03:17:15.000Z","volume":200,"label":" ","price":9.46},{"type":"B","date":"2018-03-19T03:24:56.000Z","volume":200,"label":" ","price":9.46},{"type":"B","date":"2018-03-19T03:26:06.000Z","volume":200,"label":" ","price":9.46},{"type":"B","date":"2018-03-19T03:26:57.000Z","volume":200,"label":" ","price":9.46},{"type":"B","date":"2018-03-19T03:45:36.000Z","volume":200,"label":" ","price":9.46},{"type":"B","date":"2018-03-19T03:46:40.000Z","volume":200,"label":" ","price":9.46},{"type":"B","date":"2018-03-19T03:47:40.000Z","volume":200,"label":" ","price":9.46},{"type":"B","date":"2018-03-19T03:48:42.000Z","volume":200,"label":" ","price":9.46},{"type":"B","date":"2018-03-19T03:49:37.000Z","volume":200,"label":" ","price":9.46},{"type":"B","date":"2018-03-19T03:50:35.000Z","volume":200,"label":" ","price":9.46},{"type":"B","date":"2018-03-19T03:51:36.000Z","volume":200,"label":" ","price":9.46},{"type":"B","date":"2018-03-19T03:52:25.000Z","volume":200,"label":" ","price":9.46},{"type":"B","date":"2018-03-19T03:53:20.000Z","volume":200,"label":" ","price":9.46},{"type":"B","date":"2018-03-19T03:54:25.000Z","volume":200,"label":" ","price":9.46},{"type":"B","date":"2018-03-19T03:55:32.000Z","volume":200,"label":" ","price":9.46},{"type":"B","date":"2018-03-19T03:56:37.000Z","volume":200,"label":" ","price":9.46},{"type":"B","date":"2018-03-19T05:00:55.000Z","volume":2000,"label":" ","price":9.44},{"type":"B","date":"2018-03-19T05:00:55.000Z","volume":8000,"label":" ","price":9.43},{"type":"A","date":"2018-03-19T05:00:57.000Z","volume":200,"label":" ","price":9.47},{"type":"A","date":"2018-03-19T05:00:57.000Z","volume":600,"label":" ","price":9.47},{"type":"U","date":"2018-03-19T05:02:29.000Z","volume":200,"label":"X","price":9.45},{"type":"A","date":"2018-03-19T05:03:07.000Z","volume":200,"label":" ","price":9.46},{"type":"A","date":"2018-03-19T05:05:17.000Z","volume":400,"label":" ","price":9.46},{"type":"A","date":"2018-03-19T05:08:48.000Z","volume":1400,"label":"Y","price":9.46},{"type":"B","date":"2018-03-19T05:09:03.000Z","volume":4800,"label":" ","price":9.44},{"type":"B","date":"2018-03-19T05:16:49.000Z","volume":200,"label":" ","price":9.44},{"type":"B","date":"2018-03-19T05:16:51.000Z","volume":200,"label":" ","price":9.44},{"type":"B","date":"2018-03-19T05:21:23.000Z","volume":200,"label":" ","price":9.44},{"type":"B","date":"2018-03-19T05:37:08.000Z","volume":2000,"label":" ","price":9.44},{"type":"B","date":"2018-03-19T05:37:08.000Z","volume":2000,"label":" ","price":9.43},{"type":"B","date":"2018-03-19T05:37:15.000Z","volume":800,"label":" ","price":9.44},{"type":"A","date":"2018-03-19T05:37:15.000Z","volume":200,"label":" ","price":9.46},{"type":"A","date":"2018-03-19T05:53:43.000Z","volume":10000,"label":" ","price":9.46},{"type":"A","date":"2018-03-19T05:58:01.000Z","volume":400,"label":" ","price":9.47},{"type":"A","date":"2018-03-19T05:58:01.000Z","volume":1000,"label":" ","price":9.47},{"type":"A","date":"2018-03-19T05:58:01.000Z","volume":400,"label":" ","price":9.47},{"type":"U","date":"2018-03-19T06:09:13.000Z","volume":200,"label":"X","price":9.44},{"type":"B","date":"2018-03-19T06:36:39.000Z","volume":800,"label":" ","price":9.44},{"type":"U","date":"2018-03-19T06:36:39.000Z","volume":200,"label":" ","price":9.44},{"type":"B","date":"2018-03-19T06:37:12.000Z","volume":200,"label":" ","price":9.44},{"type":"A","date":"2018-03-19T06:41:51.000Z","volume":4800,"label":" ","price":9.45},{"type":"B","date":"2018-03-19T06:41:51.000Z","volume":200,"label":" ","price":9.45},{"type":"A","date":"2018-03-19T06:41:56.000Z","volume":200,"label":" ","price":9.46},{"type":"A","date":"2018-03-19T06:41:59.000Z","volume":400,"label":" ","price":9.46},{"type":"A","date":"2018-03-19T06:41:59.000Z","volume":200,"label":" ","price":9.46},{"type":"A","date":"2018-03-19T06:42:00.000Z","volume":200,"label":" ","price":9.46},{"type":"A","date":"2018-03-19T06:42:24.000Z","volume":3800,"label":" ","price":9.46},{"type":"A","date":"2018-03-19T06:42:24.000Z","volume":56200,"label":" ","price":9.47},{"type":"A","date":"2018-03-19T06:42:24.000Z","volume":400,"label":" ","price":9.47},{"type":"A","date":"2018-03-19T06:42:24.000Z","volume":2400,"label":" ","price":9.48},{"type":"A","date":"2018-03-19T06:42:24.000Z","volume":800,"label":" ","price":9.48},{"type":"A","date":"2018-03-19T06:42:24.000Z","volume":200,"label":" ","price":9.48},{"type":"A","date":"2018-03-19T06:42:24.000Z","volume":400,"label":" ","price":9.48},{"type":"B","date":"2018-03-19T06:42:25.000Z","volume":200,"label":" ","price":9.47},{"type":"A","date":"2018-03-19T06:42:26.000Z","volume":400,"label":" ","price":9.48},{"type":"A","date":"2018-03-19T06:42:27.000Z","volume":1400,"label":" ","price":9.48},{"type":"B","date":"2018-03-19T06:42:50.000Z","volume":600,"label":" ","price":9.47},{"type":"B","date":"2018-03-19T06:46:45.000Z","volume":400,"label":" ","price":9.47},{"type":"A","date":"2018-03-19T06:46:45.000Z","volume":1400,"label":" ","price":9.48},{"type":"A","date":"2018-03-19T06:46:45.000Z","volume":1400,"label":" ","price":9.48},{"type":"A","date":"2018-03-19T06:46:45.000Z","volume":200,"label":" ","price":9.48},{"type":"A","date":"2018-03-19T06:46:46.000Z","volume":1600,"label":" ","price":9.48},{"type":"A","date":"2018-03-19T06:46:46.000Z","volume":200,"label":" ","price":9.48},{"type":"B","date":"2018-03-19T06:48:44.000Z","volume":1000,"label":" ","price":9.47},{"type":"A","date":"2018-03-19T06:48:44.000Z","volume":200,"label":" ","price":9.48},{"type":"B","date":"2018-03-19T06:51:47.000Z","volume":1000,"label":" ","price":9.47},{"type":"B","date":"2018-03-19T06:52:02.000Z","volume":5600,"label":" ","price":9.47},{"type":"A","date":"2018-03-19T06:52:02.000Z","volume":2800,"label":" ","price":9.47},{"type":"A","date":"2018-03-19T07:01:20.000Z","volume":5000,"label":" ","price":9.47},{"type":"A","date":"2018-03-19T07:05:41.000Z","volume":2200,"label":" ","price":9.47},{"type":"A","date":"2018-03-19T07:05:41.000Z","volume":400,"label":" ","price":9.48},{"type":"A","date":"2018-03-19T07:05:42.000Z","volume":200,"label":" ","price":9.48},{"type":"A","date":"2018-03-19T07:05:42.000Z","volume":200,"label":" ","price":9.48},{"type":"A","date":"2018-03-19T07:09:05.000Z","volume":200,"label":" ","price":9.49},{"type":"A","date":"2018-03-19T07:10:35.000Z","volume":200,"label":" ","price":9.49},{"type":"A","date":"2018-03-19T07:12:35.000Z","volume":200,"label":" ","price":9.49},{"type":"B","date":"2018-03-19T07:15:21.000Z","volume":5000,"label":" ","price":9.47},{"type":"B","date":"2018-03-19T07:15:22.000Z","volume":1200,"label":" ","price":9.47},{"type":"B","date":"2018-03-19T07:16:15.000Z","volume":1600,"label":" ","price":9.47},{"type":"B","date":"2018-03-19T07:17:21.000Z","volume":1600,"label":" ","price":9.47},{"type":"B","date":"2018-03-19T07:17:21.000Z","volume":2200,"label":" ","price":9.47},{"type":"B","date":"2018-03-19T07:17:52.000Z","volume":400,"label":" ","price":9.47},{"type":"B","date":"2018-03-19T07:17:52.000Z","volume":200,"label":" ","price":9.47},{"type":"B","date":"2018-03-19T07:18:21.000Z","volume":200,"label":" ","price":9.47},{"type":"B","date":"2018-03-19T07:18:37.000Z","volume":400,"label":" ","price":9.47},{"type":"A","date":"2018-03-19T07:18:37.000Z","volume":200,"label":" ","price":9.47},{"type":"A","date":"2018-03-19T07:18:47.000Z","volume":3400,"label":" ","price":9.47},{"type":"B","date":"2018-03-19T07:18:51.000Z","volume":5600,"label":" ","price":9.47},{"type":"A","date":"2018-03-19T07:18:56.000Z","volume":1200,"label":" ","price":9.49},{"type":"A","date":"2018-03-19T07:19:06.000Z","volume":600,"label":" ","price":9.49},{"type":"B","date":"2018-03-19T07:19:21.000Z","volume":3200,"label":" ","price":9.47},{"type":"B","date":"2018-03-19T07:19:51.000Z","volume":2200,"label":" ","price":9.47},{"type":"B","date":"2018-03-19T07:20:21.000Z","volume":1600,"label":" ","price":9.47},{"type":"B","date":"2018-03-19T07:20:51.000Z","volume":1400,"label":" ","price":9.47},{"type":"B","date":"2018-03-19T07:21:21.000Z","volume":1600,"label":" ","price":9.47},{"type":"B","date":"2018-03-19T07:21:52.000Z","volume":600,"label":" ","price":9.47},{"type":"B","date":"2018-03-19T07:21:59.000Z","volume":1800,"label":" ","price":9.47},{"type":"B","date":"2018-03-19T07:22:22.000Z","volume":800,"label":" ","price":9.47},{"type":"B","date":"2018-03-19T07:22:51.000Z","volume":400,"label":" ","price":9.47},{"type":"B","date":"2018-03-19T07:23:02.000Z","volume":9200,"label":" ","price":9.47},{"type":"B","date":"2018-03-19T07:23:02.000Z","volume":800,"label":" ","price":9.45},{"type":"B","date":"2018-03-19T07:23:21.000Z","volume":1800,"label":" ","price":9.47},{"type":"B","date":"2018-03-19T07:23:22.000Z","volume":1600,"label":" ","price":9.47},{"type":"B","date":"2018-03-19T07:23:51.000Z","volume":1600,"label":" ","price":9.47},{"type":"B","date":"2018-03-19T07:24:21.000Z","volume":600,"label":" ","price":9.47},{"type":"B","date":"2018-03-19T07:24:51.000Z","volume":400,"label":" ","price":9.47},{"type":"A","date":"2018-03-19T07:24:51.000Z","volume":600,"label":" ","price":9.48},{"type":"B","date":"2018-03-19T07:24:51.000Z","volume":600,"label":" ","price":9.47},{"type":"B","date":"2018-03-19T07:25:21.000Z","volume":5400,"label":" ","price":9.47},{"type":"B","date":"2018-03-19T07:25:51.000Z","volume":1600,"label":" ","price":9.47},{"type":"B","date":"2018-03-19T07:25:56.000Z","volume":1000,"label":" ","price":9.47},{"type":"B","date":"2018-03-19T07:26:21.000Z","volume":5400,"label":" ","price":9.47},{"type":"B","date":"2018-03-19T07:26:51.000Z","volume":7600,"label":" ","price":9.47},{"type":"B","date":"2018-03-19T07:27:21.000Z","volume":4000,"label":" ","price":9.47},{"type":"B","date":"2018-03-19T07:27:52.000Z","volume":1800,"label":" ","price":9.47},{"type":"B","date":"2018-03-19T07:28:22.000Z","volume":1600,"label":" ","price":9.47},{"type":"B","date":"2018-03-19T07:28:52.000Z","volume":9200,"label":" ","price":9.47},{"type":"B","date":"2018-03-19T07:28:52.000Z","volume":400,"label":" ","price":9.48},{"type":"A","date":"2018-03-19T07:29:02.000Z","volume":1600,"label":" ","price":9.49},{"type":"A","date":"2018-03-19T07:29:12.000Z","volume":800,"label":" ","price":9.49},{"type":"B","date":"2018-03-19T07:29:22.000Z","volume":5800,"label":" ","price":9.47},{"type":"A","date":"2018-03-19T07:29:36.000Z","volume":1600,"label":" ","price":9.49},{"type":"A","date":"2018-03-19T07:29:44.000Z","volume":800,"label":" ","price":9.49},{"type":"B","date":"2018-03-19T07:29:52.000Z","volume":2000,"label":" ","price":9.47},{"type":"B","date":"2018-03-19T07:29:57.000Z","volume":2400,"label":" ","price":9.47},{"type":"A","date":"2018-03-19T07:29:57.000Z","volume":1600,"label":" ","price":9.47},{"type":"B","date":"2018-03-19T07:30:22.000Z","volume":200,"label":" ","price":9.47},{"type":"B","date":"2018-03-19T07:30:52.000Z","volume":1600,"label":" ","price":9.47},{"type":"B","date":"2018-03-19T07:30:52.000Z","volume":800,"label":" ","price":9.47},{"type":"B","date":"2018-03-19T07:30:52.000Z","volume":400,"label":" ","price":9.47},{"type":"B","date":"2018-03-19T07:31:09.000Z","volume":5000,"label":" ","price":9.45},{"type":"B","date":"2018-03-19T07:31:39.000Z","volume":1800,"label":" ","price":9.45},{"type":"B","date":"2018-03-19T07:32:09.000Z","volume":1800,"label":" ","price":9.45},{"type":"B","date":"2018-03-19T07:32:39.000Z","volume":600,"label":" ","price":9.45},{"type":"B","date":"2018-03-19T07:33:09.000Z","volume":1600,"label":" ","price":9.45},{"type":"B","date":"2018-03-19T07:33:39.000Z","volume":600,"label":" ","price":9.45},{"type":"B","date":"2018-03-19T07:34:10.000Z","volume":600,"label":" ","price":9.45},{"type":"B","date":"2018-03-19T07:34:40.000Z","volume":200,"label":" ","price":9.45},{"type":"B","date":"2018-03-19T07:35:40.000Z","volume":200,"label":" ","price":9.45},{"type":"B","date":"2018-03-19T07:36:10.000Z","volume":200,"label":" ","price":9.45},{"type":"B","date":"2018-03-19T07:37:10.000Z","volume":200,"label":" ","price":9.45},{"type":"B","date":"2018-03-19T07:37:40.000Z","volume":200,"label":" ","price":9.45},{"type":"B","date":"2018-03-19T07:38:09.000Z","volume":200,"label":" ","price":9.45},{"type":"B","date":"2018-03-19T07:39:09.000Z","volume":200,"label":" ","price":9.45},{"type":"B","date":"2018-03-19T07:39:39.000Z","volume":200,"label":" ","price":9.45},{"type":"B","date":"2018-03-19T07:40:40.000Z","volume":200,"label":" ","price":9.45},{"type":"B","date":"2018-03-19T07:41:10.000Z","volume":200,"label":" ","price":9.45},{"type":"A","date":"2018-03-19T07:41:54.000Z","volume":200,"label":" ","price":9.46},{"type":"A","date":"2018-03-19T07:42:03.000Z","volume":1400,"label":" ","price":9.47},{"type":"B","date":"2018-03-19T07:42:10.000Z","volume":3800,"label":" ","price":9.47},{"type":"A","date":"2018-03-19T07:42:27.000Z","volume":200,"label":" ","price":9.5},{"type":"B","date":"2018-03-19T07:42:40.000Z","volume":5000,"label":" ","price":9.47},{"type":"B","date":"2018-03-19T07:43:10.000Z","volume":4400,"label":" ","price":9.47},{"type":"B","date":"2018-03-19T07:43:40.000Z","volume":2000,"label":" ","price":9.47},{"type":"B","date":"2018-03-19T07:44:09.000Z","volume":13000,"label":" ","price":9.47},{"type":"A","date":"2018-03-19T07:44:18.000Z","volume":3200,"label":" ","price":9.5},{"type":"A","date":"2018-03-19T07:44:23.000Z","volume":200,"label":" ","price":9.5},{"type":"A","date":"2018-03-19T07:44:28.000Z","volume":1600,"label":" ","price":9.5},{"type":"B","date":"2018-03-19T07:44:40.000Z","volume":6800,"label":" ","price":9.47},{"type":"A","date":"2018-03-19T07:44:44.000Z","volume":1000,"label":" ","price":9.5},{"type":"A","date":"2018-03-19T07:45:02.000Z","volume":1000,"label":" ","price":9.5},{"type":"B","date":"2018-03-19T07:45:09.000Z","volume":1800,"label":" ","price":9.47},{"type":"A","date":"2018-03-19T07:45:12.000Z","volume":200,"label":" ","price":9.51},{"type":"A","date":"2018-03-19T07:45:34.000Z","volume":1000,"label":" ","price":9.5},{"type":"A","date":"2018-03-19T07:45:34.000Z","volume":400,"label":" ","price":9.5},{"type":"B","date":"2018-03-19T07:45:39.000Z","volume":1800,"label":" ","price":9.47},{"type":"B","date":"2018-03-19T07:46:09.000Z","volume":1400,"label":" ","price":9.47},{"type":"B","date":"2018-03-19T07:46:39.000Z","volume":1600,"label":" ","price":9.47},{"type":"B","date":"2018-03-19T07:47:10.000Z","volume":9200,"label":" ","price":9.47},{"type":"A","date":"2018-03-19T07:47:20.000Z","volume":1000,"label":" ","price":9.49},{"type":"A","date":"2018-03-19T07:47:20.000Z","volume":800,"label":" ","price":9.5},{"type":"A","date":"2018-03-19T07:47:27.000Z","volume":200,"label":" ","price":9.5},{"type":"A","date":"2018-03-19T07:47:30.000Z","volume":1000,"label":" ","price":9.5},{"type":"B","date":"2018-03-19T07:47:40.000Z","volume":4000,"label":" ","price":9.47},{"type":"A","date":"2018-03-19T07:47:42.000Z","volume":1800,"label":" ","price":9.5},{"type":"A","date":"2018-03-19T07:47:52.000Z","volume":1000,"label":" ","price":9.5},{"type":"B","date":"2018-03-19T07:48:10.000Z","volume":1400,"label":" ","price":9.47},{"type":"B","date":"2018-03-19T07:48:40.000Z","volume":1600,"label":" ","price":9.47},{"type":"B","date":"2018-03-19T07:49:10.000Z","volume":1600,"label":" ","price":9.47},{"type":"B","date":"2018-03-19T07:49:40.000Z","volume":1600,"label":" ","price":9.47},{"type":"B","date":"2018-03-19T07:50:10.000Z","volume":800,"label":" ","price":9.47},{"type":"B","date":"2018-03-19T07:50:40.000Z","volume":1600,"label":" ","price":9.47},{"type":"B","date":"2018-03-19T07:51:10.000Z","volume":600,"label":" ","price":9.47},{"type":"B","date":"2018-03-19T07:51:14.000Z","volume":600,"label":" ","price":9.47},{"type":"B","date":"2018-03-19T07:51:40.000Z","volume":200,"label":" ","price":9.47},{"type":"A","date":"2018-03-19T07:51:55.000Z","volume":400,"label":" ","price":9.48},{"type":"B","date":"2018-03-19T07:52:10.000Z","volume":600,"label":" ","price":9.48},{"type":"B","date":"2018-03-19T07:52:14.000Z","volume":200,"label":" ","price":9.48},{"type":"B","date":"2018-03-19T07:52:40.000Z","volume":200,"label":" ","price":9.48},{"type":"B","date":"2018-03-19T07:53:10.000Z","volume":200,"label":" ","price":9.48},{"type":"B","date":"2018-03-19T07:53:40.000Z","volume":200,"label":" ","price":9.48},{"type":"B","date":"2018-03-19T07:54:40.000Z","volume":200,"label":" ","price":9.48},{"type":"B","date":"2018-03-19T07:55:10.000Z","volume":200,"label":" ","price":9.48},{"type":"B","date":"2018-03-19T07:55:30.000Z","volume":200,"label":" ","price":9.48},{"type":"B","date":"2018-03-19T07:56:10.000Z","volume":200,"label":" ","price":9.48},{"type":"A","date":"2018-03-19T07:56:25.000Z","volume":46000,"label":" ","price":9.49},{"type":"A","date":"2018-03-19T07:56:34.000Z","volume":400,"label":" ","price":9.5},{"type":"A","date":"2018-03-19T07:56:34.000Z","volume":200,"label":" ","price":9.5},{"type":"B","date":"2018-03-19T07:56:40.000Z","volume":40800,"label":" ","price":9.47},{"type":"A","date":"2018-03-19T07:56:46.000Z","volume":1000,"label":" ","price":9.5},{"type":"A","date":"2018-03-19T07:56:46.000Z","volume":1000,"label":" ","price":9.5},{"type":"A","date":"2018-03-19T07:57:04.000Z","volume":1000,"label":" ","price":9.5},{"type":"B","date":"2018-03-19T07:57:10.000Z","volume":12600,"label":" ","price":9.47},{"type":"A","date":"2018-03-19T07:57:14.000Z","volume":1000,"label":" ","price":9.5},{"type":"A","date":"2018-03-19T07:58:25.000Z","volume":24400,"label":" ","price":9.51},{"type":"A","date":"2018-03-19T07:58:32.000Z","volume":200,"label":" ","price":9.52},{"type":"A","date":"2018-03-19T07:58:32.000Z","volume":1600,"label":" ","price":9.52},{"type":"A","date":"2018-03-19T07:58:52.000Z","volume":200,"label":" ","price":9.51},{"type":"A","date":"2018-03-19T07:58:54.000Z","volume":15400,"label":" ","price":9.52},{"type":"A","date":"2018-03-19T07:59:07.000Z","volume":10200,"label":" ","price":9.52},{"type":"A","date":"2018-03-19T07:59:07.000Z","volume":400,"label":" ","price":9.53},{"type":"U","date":"2018-03-19T07:59:19.000Z","volume":200,"label":"X","price":9.52},{"type":"A","date":"2018-03-19T07:59:41.000Z","volume":19600,"label":" ","price":9.53},{"type":"A","date":"2018-03-19T07:59:43.000Z","volume":200,"label":" ","price":9.54},{"type":"B","date":"2018-03-19T07:59:43.000Z","volume":1000,"label":" ","price":9.53},{"type":"A","date":"2018-03-19T07:59:47.000Z","volume":7200,"label":" ","price":9.54},{"type":"A","date":"2018-03-19T07:59:47.000Z","volume":3000,"label":" ","price":9.55},{"type":"A","date":"2018-03-19T07:59:47.000Z","volume":9200,"label":" ","price":9.56},{"type":"A","date":"2018-03-19T07:59:52.000Z","volume":16400,"label":" ","price":9.57},{"type":"A","date":"2018-03-19T07:59:52.000Z","volume":3600,"label":" ","price":9.58},{"type":"A","date":"2018-03-19T07:59:54.000Z","volume":200,"label":" ","price":9.58},{"type":"A","date":"2018-03-19T07:59:57.000Z","volume":200,"label":" ","price":9.58},{"type":"U","date":"2018-03-19T08:08:17.000Z","volume":200,"label":"U","price":9.53}]