[{"type":"A","date":"2018-03-13T07:58:13.000Z","volume":4000,"price":5.49,"category":"bbull"},{"type":"A","date":"2018-03-13T07:59:30.000Z","volume":1000,"price":5.53,"category":"rbull"},{"type":"A","date":"2018-03-13T07:59:25.000Z","volume":1000,"price":5.53,"category":"rbull"},{"type":"A","date":"2018-03-13T07:58:14.000Z","volume":1000,"price":5.49,"category":"rbull"},{"type":"A","date":"2018-03-13T07:58:13.000Z","volume":1000,"price":5.49,"category":"rbull"},{"type":"A","date":"2018-03-13T07:58:13.000Z","volume":1000,"price":5.49,"category":"rbull"},{"type":"A","date":"2018-03-13T05:50:19.000Z","volume":1000,"price":5.51,"category":"rbull"},{"type":"A","date":"2018-03-13T05:47:27.000Z","volume":1000,"price":5.51,"category":"rbull"},{"type":"A","date":"2018-03-13T02:53:15.000Z","volume":1000,"price":5.54,"category":"rbull"},{"type":"A","date":"2018-03-13T02:53:11.000Z","volume":1000,"price":5.52,"category":"rbull"},{"type":"A","date":"2018-03-13T02:43:12.000Z","volume":1000,"price":5.5,"category":"rbull"},{"type":"A","date":"2018-03-13T02:43:12.000Z","volume":1000,"price":5.53,"category":"rbull"},{"type":"A","date":"2018-03-13T02:43:12.000Z","volume":1000,"price":5.53,"category":"rbull"},{"type":"A","date":"2018-03-13T02:34:45.000Z","volume":1000,"price":5.53,"category":"rbull"},{"type":"A","date":"2018-03-13T02:34:42.000Z","volume":1000,"price":5.53,"category":"rbull"},{"type":"B","date":"2018-03-13T07:59:39.000Z","volume":1000,"price":5.49,"category":"rbear"},{"type":"B","date":"2018-03-13T07:59:36.000Z","volume":1000,"price":5.49,"category":"rbear"},{"type":"B","date":"2018-03-13T07:59:35.000Z","volume":1000,"price":5.49,"category":"rbear"},{"type":"B","date":"2018-03-13T07:59:25.000Z","volume":1000,"price":5.49,"category":"rbear"},{"type":"B","date":"2018-03-13T07:59:06.000Z","volume":1000,"price":5.49,"category":"rbear"},{"type":"B","date":"2018-03-13T07:58:15.000Z","volume":1000,"price":5.49,"category":"rbear"},{"type":"B","date":"2018-03-13T07:58:14.000Z","volume":1000,"price":5.47,"category":"rbear"},{"type":"B","date":"2018-03-13T07:58:03.000Z","volume":1000,"price":5.49,"category":"rbear"},{"type":"B","date":"2018-03-13T05:47:28.000Z","volume":1000,"price":5.49,"category":"rbear"},{"type":"B","date":"2018-03-13T05:47:28.000Z","volume":1000,"price":5.49,"category":"rbear"},{"type":"B","date":"2018-03-13T03:04:08.000Z","volume":1000,"price":5.49,"category":"rbear"},{"type":"B","date":"2018-03-13T02:43:14.000Z","volume":1000,"price":5.46,"category":"rbear"},{"type":"B","date":"2018-03-13T02:43:12.000Z","volume":1000,"price":5.45,"category":"rbear"},{"type":"B","date":"2018-03-13T02:43:12.000Z","volume":1000,"price":5.45,"category":"rbear"},{"type":"B","date":"2018-03-13T02:43:12.000Z","volume":1000,"price":5.48,"category":"rbear"},{"type":"B","date":"2018-03-13T02:28:18.000Z","volume":1000,"price":5.48,"category":"rbear"},{"type":"B","date":"2018-03-13T02:28:02.000Z","volume":1000,"price":5.5,"category":"rbear"},{"type":"B","date":"2018-03-13T02:18:05.000Z","volume":1000,"price":5.5,"category":"rbear"},{"type":"B","date":"2018-03-13T07:58:14.000Z","volume":4000,"price":5.46,"category":"bbear"},{"type":"B","date":"2018-03-13T07:58:13.000Z","volume":3000,"price":5.49,"category":"bbear"},{"type":"B","date":"2018-03-13T03:04:07.000Z","volume":4000,"price":5.54,"category":"bbear"},{"type":"B","date":"2018-03-13T02:43:12.000Z","volume":7000,"price":5.45,"category":"ubbear"}]