[{"type":"U","date":"2018-04-13T01:20:00.000Z","volume":2000,"label":"U","price":4.03},{"type":"B","date":"2018-04-13T01:30:01.000Z","volume":2000,"label":" ","price":4.03},{"type":"A","date":"2018-04-13T01:30:02.000Z","volume":6000,"label":" ","price":4.04},{"type":"A","date":"2018-04-13T01:30:02.000Z","volume":4000,"label":" ","price":4.05},{"type":"A","date":"2018-04-13T01:30:02.000Z","volume":6000,"label":" ","price":4.06},{"type":"A","date":"2018-04-13T01:30:02.000Z","volume":4000,"label":" ","price":4.07},{"type":"A","date":"2018-04-13T01:30:02.000Z","volume":2000,"label":" ","price":4.08},{"type":"A","date":"2018-04-13T01:30:28.000Z","volume":6000,"label":" ","price":4.07},{"type":"A","date":"2018-04-13T01:30:45.000Z","volume":2000,"label":" ","price":4.07},{"type":"B","date":"2018-04-13T01:31:02.000Z","volume":4000,"label":" ","price":4.05},{"type":"U","date":"2018-04-13T01:31:02.000Z","volume":4000,"label":" ","price":4.06},{"type":"B","date":"2018-04-13T01:32:02.000Z","volume":2000,"label":"Y","price":4.06},{"type":"B","date":"2018-04-13T01:32:02.000Z","volume":2000,"label":" ","price":4.06},{"type":"A","date":"2018-04-13T01:34:17.000Z","volume":2000,"label":"Y","price":4.07},{"type":"A","date":"2018-04-13T01:34:17.000Z","volume":8000,"label":" ","price":4.07},{"type":"A","date":"2018-04-13T01:34:19.000Z","volume":6000,"label":" ","price":4.08},{"type":"A","date":"2018-04-13T01:34:32.000Z","volume":10000,"label":" ","price":4.08},{"type":"B","date":"2018-04-13T01:35:02.000Z","volume":4000,"label":"Y","price":4.07},{"type":"B","date":"2018-04-13T01:36:02.000Z","volume":2000,"label":"Y","price":4.07},{"type":"B","date":"2018-04-13T01:37:02.000Z","volume":2000,"label":" ","price":4.08},{"type":"B","date":"2018-04-13T01:37:24.000Z","volume":20000,"label":"Y","price":4.08},{"type":"B","date":"2018-04-13T01:37:24.000Z","volume":16000,"label":" ","price":4.08},{"type":"A","date":"2018-04-13T01:37:25.000Z","volume":4000,"label":" ","price":4.08},{"type":"A","date":"2018-04-13T01:37:25.000Z","volume":6000,"label":" ","price":4.08},{"type":"B","date":"2018-04-13T01:37:52.000Z","volume":6000,"label":" ","price":4.07},{"type":"B","date":"2018-04-13T01:40:15.000Z","volume":6000,"label":" ","price":4.07},{"type":"A","date":"2018-04-13T01:40:23.000Z","volume":2000,"label":" ","price":4.08},{"type":"B","date":"2018-04-13T01:40:23.000Z","volume":4000,"label":" ","price":4.07},{"type":"B","date":"2018-04-13T01:41:02.000Z","volume":2000,"label":" ","price":4.07},{"type":"B","date":"2018-04-13T01:42:02.000Z","volume":2000,"label":"Y","price":4.06},{"type":"A","date":"2018-04-13T01:42:30.000Z","volume":4000,"label":" ","price":4.07},{"type":"A","date":"2018-04-13T01:42:32.000Z","volume":18000,"label":"Y","price":4.08},{"type":"A","date":"2018-04-13T01:42:32.000Z","volume":26000,"label":" ","price":4.08},{"type":"A","date":"2018-04-13T01:42:43.000Z","volume":6000,"label":" ","price":4.09},{"type":"A","date":"2018-04-13T01:42:44.000Z","volume":2000,"label":" ","price":4.09},{"type":"A","date":"2018-04-13T01:42:44.000Z","volume":6000,"label":" ","price":4.09},{"type":"A","date":"2018-04-13T01:42:51.000Z","volume":4000,"label":" ","price":4.09},{"type":"A","date":"2018-04-13T01:42:51.000Z","volume":4000,"label":" ","price":4.09},{"type":"B","date":"2018-04-13T01:43:02.000Z","volume":2000,"label":"Y","price":4.08},{"type":"A","date":"2018-04-13T01:43:12.000Z","volume":2000,"label":" ","price":4.09},{"type":"B","date":"2018-04-13T01:43:18.000Z","volume":2000,"label":"Y","price":4.09},{"type":"B","date":"2018-04-13T01:43:18.000Z","volume":8000,"label":" ","price":4.09},{"type":"A","date":"2018-04-13T01:43:20.000Z","volume":2000,"label":" ","price":4.09},{"type":"A","date":"2018-04-13T01:44:03.000Z","volume":10000,"label":"Y","price":4.09},{"type":"A","date":"2018-04-13T01:44:03.000Z","volume":8000,"label":" ","price":4.09},{"type":"B","date":"2018-04-13T01:44:49.000Z","volume":8000,"label":" ","price":4.09},{"type":"B","date":"2018-04-13T01:46:03.000Z","volume":4000,"label":"Y","price":4.08},{"type":"A","date":"2018-04-13T01:46:29.000Z","volume":30000,"label":" ","price":4.09},{"type":"A","date":"2018-04-13T01:46:31.000Z","volume":6000,"label":" ","price":4.09},{"type":"B","date":"2018-04-13T01:47:03.000Z","volume":2000,"label":"Y","price":4.08},{"type":"B","date":"2018-04-13T01:47:21.000Z","volume":30000,"label":"Y","price":4.08},{"type":"A","date":"2018-04-13T01:47:22.000Z","volume":6000,"label":" ","price":4.09},{"type":"B","date":"2018-04-13T01:47:23.000Z","volume":2000,"label":" ","price":4.08},{"type":"A","date":"2018-04-13T01:47:37.000Z","volume":2000,"label":" ","price":4.09},{"type":"U","date":"2018-04-13T01:47:48.000Z","volume":8000,"label":" ","price":4.09},{"type":"A","date":"2018-04-13T01:47:49.000Z","volume":4000,"label":" ","price":4.09},{"type":"A","date":"2018-04-13T01:47:54.000Z","volume":18000,"label":" ","price":4.09},{"type":"B","date":"2018-04-13T01:48:03.000Z","volume":2000,"label":" ","price":4.08},{"type":"A","date":"2018-04-13T01:48:03.000Z","volume":6000,"label":" ","price":4.09},{"type":"A","date":"2018-04-13T01:48:27.000Z","volume":14000,"label":" ","price":4.09},{"type":"B","date":"2018-04-13T01:48:41.000Z","volume":8000,"label":" ","price":4.09},{"type":"B","date":"2018-04-13T01:49:24.000Z","volume":10000,"label":" ","price":4.08},{"type":"B","date":"2018-04-13T01:49:31.000Z","volume":10000,"label":" ","price":4.08},{"type":"A","date":"2018-04-13T01:49:31.000Z","volume":4000,"label":" ","price":4.09},{"type":"A","date":"2018-04-13T01:51:52.000Z","volume":2000,"label":" ","price":4.09},{"type":"B","date":"2018-04-13T01:52:04.000Z","volume":4000,"label":"Y","price":4.08},{"type":"B","date":"2018-04-13T01:53:04.000Z","volume":2000,"label":"Y","price":4.08},{"type":"B","date":"2018-04-13T01:54:04.000Z","volume":2000,"label":"Y","price":4.08},{"type":"A","date":"2018-04-13T01:54:04.000Z","volume":2000,"label":" ","price":4.09},{"type":"A","date":"2018-04-13T01:54:55.000Z","volume":18000,"label":" ","price":4.09},{"type":"B","date":"2018-04-13T01:57:05.000Z","volume":4000,"label":"Y","price":4.09},{"type":"A","date":"2018-04-13T01:57:26.000Z","volume":30000,"label":" ","price":4.1},{"type":"A","date":"2018-04-13T01:57:26.000Z","volume":10000,"label":" ","price":4.11},{"type":"A","date":"2018-04-13T01:57:26.000Z","volume":6000,"label":" ","price":4.12},{"type":"B","date":"2018-04-13T01:57:27.000Z","volume":8000,"label":" ","price":4.12},{"type":"B","date":"2018-04-13T01:57:31.000Z","volume":4000,"label":" ","price":4.12},{"type":"B","date":"2018-04-13T01:57:31.000Z","volume":18000,"label":" ","price":4.12},{"type":"B","date":"2018-04-13T01:57:34.000Z","volume":4000,"label":" ","price":4.11},{"type":"A","date":"2018-04-13T01:57:47.000Z","volume":10000,"label":" ","price":4.12},{"type":"A","date":"2018-04-13T01:57:47.000Z","volume":6000,"label":" ","price":4.12},{"type":"B","date":"2018-04-13T01:57:50.000Z","volume":4000,"label":" ","price":4.11},{"type":"A","date":"2018-04-13T01:57:50.000Z","volume":8000,"label":" ","price":4.12},{"type":"B","date":"2018-04-13T01:57:54.000Z","volume":2000,"label":" ","price":4.11},{"type":"B","date":"2018-04-13T01:58:05.000Z","volume":2000,"label":" ","price":4.11},{"type":"B","date":"2018-04-13T01:58:46.000Z","volume":14000,"label":" ","price":4.11},{"type":"B","date":"2018-04-13T01:58:48.000Z","volume":4000,"label":" ","price":4.11},{"type":"B","date":"2018-04-13T01:59:04.000Z","volume":2000,"label":" ","price":4.11},{"type":"B","date":"2018-04-13T01:59:04.000Z","volume":18000,"label":" ","price":4.11},{"type":"A","date":"2018-04-13T01:59:07.000Z","volume":4000,"label":" ","price":4.1},{"type":"A","date":"2018-04-13T01:59:08.000Z","volume":2000,"label":" ","price":4.1},{"type":"A","date":"2018-04-13T01:59:14.000Z","volume":10000,"label":" ","price":4.1},{"type":"A","date":"2018-04-13T02:00:25.000Z","volume":10000,"label":"Y","price":4.12},{"type":"A","date":"2018-04-13T02:00:25.000Z","volume":12000,"label":" ","price":4.12},{"type":"A","date":"2018-04-13T02:00:25.000Z","volume":10000,"label":"Y","price":4.13},{"type":"A","date":"2018-04-13T02:00:25.000Z","volume":18000,"label":" ","price":4.13},{"type":"B","date":"2018-04-13T02:00:26.000Z","volume":10000,"label":" ","price":4.12},{"type":"A","date":"2018-04-13T02:00:30.000Z","volume":2000,"label":" ","price":4.11},{"type":"B","date":"2018-04-13T02:00:35.000Z","volume":2000,"label":" ","price":4.11},{"type":"A","date":"2018-04-13T02:01:29.000Z","volume":14000,"label":" ","price":4.12},{"type":"A","date":"2018-04-13T02:01:29.000Z","volume":6000,"label":" ","price":4.13},{"type":"B","date":"2018-04-13T02:01:31.000Z","volume":6000,"label":" ","price":4.13},{"type":"B","date":"2018-04-13T02:01:34.000Z","volume":30000,"label":" ","price":4.13},{"type":"B","date":"2018-04-13T02:01:35.000Z","volume":6000,"label":" ","price":4.13},{"type":"B","date":"2018-04-13T02:03:05.000Z","volume":4000,"label":" ","price":4.11},{"type":"A","date":"2018-04-13T02:03:32.000Z","volume":24000,"label":" ","price":4.13},{"type":"B","date":"2018-04-13T02:03:33.000Z","volume":8000,"label":" ","price":4.13},{"type":"A","date":"2018-04-13T02:03:50.000Z","volume":86000,"label":" ","price":4.14},{"type":"B","date":"2018-04-13T02:03:53.000Z","volume":18000,"label":" ","price":4.14},{"type":"B","date":"2018-04-13T02:03:59.000Z","volume":4000,"label":" ","price":4.14},{"type":"B","date":"2018-04-13T02:04:05.000Z","volume":18000,"label":" ","price":4.14},{"type":"B","date":"2018-04-13T02:04:11.000Z","volume":4000,"label":" ","price":4.13},{"type":"A","date":"2018-04-13T02:05:02.000Z","volume":6000,"label":" ","price":4.14},{"type":"A","date":"2018-04-13T02:05:02.000Z","volume":6000,"label":" ","price":4.14},{"type":"B","date":"2018-04-13T02:05:02.000Z","volume":18000,"label":"Y","price":4.13},{"type":"B","date":"2018-04-13T02:05:02.000Z","volume":82000,"label":" ","price":4.13},{"type":"B","date":"2018-04-13T02:05:02.000Z","volume":24000,"label":" ","price":4.13},{"type":"B","date":"2018-04-13T02:05:05.000Z","volume":2000,"label":" ","price":4.13},{"type":"B","date":"2018-04-13T02:05:09.000Z","volume":4000,"label":" ","price":4.13},{"type":"B","date":"2018-04-13T02:05:13.000Z","volume":10000,"label":" ","price":4.13},{"type":"B","date":"2018-04-13T02:05:21.000Z","volume":2000,"label":" ","price":4.13},{"type":"B","date":"2018-04-13T02:05:54.000Z","volume":10000,"label":" ","price":4.13},{"type":"B","date":"2018-04-13T02:06:00.000Z","volume":4000,"label":" ","price":4.13},{"type":"B","date":"2018-04-13T02:06:14.000Z","volume":4000,"label":" ","price":4.13},{"type":"B","date":"2018-04-13T02:06:24.000Z","volume":2000,"label":" ","price":4.13},{"type":"A","date":"2018-04-13T02:06:32.000Z","volume":2000,"label":" ","price":4.14},{"type":"U","date":"2018-04-13T02:06:38.000Z","volume":2000,"label":" ","price":4.13},{"type":"A","date":"2018-04-13T02:07:55.000Z","volume":10000,"label":" ","price":4.13},{"type":"A","date":"2018-04-13T02:07:56.000Z","volume":50000,"label":"Y","price":4.14},{"type":"A","date":"2018-04-13T02:07:56.000Z","volume":4000,"label":" ","price":4.14},{"type":"A","date":"2018-04-13T02:07:57.000Z","volume":6000,"label":" ","price":4.14},{"type":"B","date":"2018-04-13T02:07:58.000Z","volume":20000,"label":" ","price":4.13},{"type":"B","date":"2018-04-13T02:08:05.000Z","volume":2000,"label":" ","price":4.13},{"type":"A","date":"2018-04-13T02:08:05.000Z","volume":2000,"label":" ","price":4.13},{"type":"B","date":"2018-04-13T02:08:50.000Z","volume":4000,"label":" ","price":4.13},{"type":"A","date":"2018-04-13T02:08:50.000Z","volume":6000,"label":" ","price":4.14},{"type":"B","date":"2018-04-13T02:08:56.000Z","volume":2000,"label":" ","price":4.13},{"type":"B","date":"2018-04-13T02:09:06.000Z","volume":2000,"label":"Y","price":4.13},{"type":"B","date":"2018-04-13T02:09:16.000Z","volume":44000,"label":"Y","price":4.13},{"type":"B","date":"2018-04-13T02:09:16.000Z","volume":12000,"label":" ","price":4.13},{"type":"B","date":"2018-04-13T02:09:18.000Z","volume":8000,"label":" ","price":4.12},{"type":"B","date":"2018-04-13T02:09:21.000Z","volume":8000,"label":" ","price":4.11},{"type":"A","date":"2018-04-13T02:09:23.000Z","volume":2000,"label":" ","price":4.12},{"type":"A","date":"2018-04-13T02:09:23.000Z","volume":6000,"label":" ","price":4.12},{"type":"B","date":"2018-04-13T02:09:30.000Z","volume":20000,"label":" ","price":4.11},{"type":"B","date":"2018-04-13T02:09:30.000Z","volume":6000,"label":" ","price":4.11},{"type":"B","date":"2018-04-13T02:10:04.000Z","volume":2000,"label":" ","price":4.11},{"type":"B","date":"2018-04-13T02:10:04.000Z","volume":50000,"label":"Y","price":4.1},{"type":"B","date":"2018-04-13T02:10:04.000Z","volume":22000,"label":" ","price":4.1},{"type":"B","date":"2018-04-13T02:10:04.000Z","volume":46000,"label":"Y","price":4.09},{"type":"U","date":"2018-04-13T02:10:05.000Z","volume":18000,"label":" ","price":4.1},{"type":"U","date":"2018-04-13T02:10:05.000Z","volume":4000,"label":" ","price":4.1},{"type":"A","date":"2018-04-13T02:10:06.000Z","volume":2000,"label":" ","price":4.11},{"type":"B","date":"2018-04-13T02:10:14.000Z","volume":2000,"label":" ","price":4.1},{"type":"B","date":"2018-04-13T02:10:29.000Z","volume":2000,"label":" ","price":4.11},{"type":"B","date":"2018-04-13T02:10:29.000Z","volume":6000,"label":" ","price":4.1},{"type":"B","date":"2018-04-13T02:10:29.000Z","volume":4000,"label":"Y","price":4.09},{"type":"B","date":"2018-04-13T02:14:06.000Z","volume":4000,"label":" ","price":4.1},{"type":"A","date":"2018-04-13T02:14:08.000Z","volume":2000,"label":"Y","price":4.13},{"type":"B","date":"2018-04-13T02:15:07.000Z","volume":2000,"label":" ","price":4.1},{"type":"B","date":"2018-04-13T02:15:12.000Z","volume":20000,"label":" ","price":4.1},{"type":"A","date":"2018-04-13T02:15:13.000Z","volume":2000,"label":"Y","price":4.13},{"type":"A","date":"2018-04-13T02:15:13.000Z","volume":2000,"label":" ","price":4.13},{"type":"B","date":"2018-04-13T02:15:14.000Z","volume":8000,"label":" ","price":4.1},{"type":"A","date":"2018-04-13T02:15:18.000Z","volume":2000,"label":" ","price":4.13},{"type":"B","date":"2018-04-13T02:16:07.000Z","volume":2000,"label":" ","price":4.1},{"type":"A","date":"2018-04-13T02:16:08.000Z","volume":2000,"label":" ","price":4.13},{"type":"A","date":"2018-04-13T02:16:47.000Z","volume":4000,"label":"Y","price":4.12},{"type":"A","date":"2018-04-13T02:16:47.000Z","volume":2000,"label":" ","price":4.12},{"type":"A","date":"2018-04-13T02:16:47.000Z","volume":8000,"label":" ","price":4.12},{"type":"A","date":"2018-04-13T02:16:47.000Z","volume":2000,"label":" ","price":4.12},{"type":"U","date":"2018-04-13T02:16:55.000Z","volume":2000,"label":" ","price":4.1},{"type":"A","date":"2018-04-13T02:16:57.000Z","volume":2000,"label":" ","price":4.13},{"type":"A","date":"2018-04-13T02:18:17.000Z","volume":2000,"label":" ","price":4.12},{"type":"A","date":"2018-04-13T02:18:17.000Z","volume":2000,"label":" ","price":4.12},{"type":"A","date":"2018-04-13T02:18:17.000Z","volume":2000,"label":" ","price":4.12},{"type":"B","date":"2018-04-13T02:18:23.000Z","volume":2000,"label":" ","price":4.1},{"type":"B","date":"2018-04-13T02:19:07.000Z","volume":4000,"label":" ","price":4.1},{"type":"B","date":"2018-04-13T02:20:07.000Z","volume":2000,"label":" ","price":4.1},{"type":"B","date":"2018-04-13T02:20:15.000Z","volume":2000,"label":" ","price":4.1},{"type":"B","date":"2018-04-13T02:21:07.000Z","volume":2000,"label":" ","price":4.1},{"type":"A","date":"2018-04-13T02:23:33.000Z","volume":4000,"label":" ","price":4.11},{"type":"B","date":"2018-04-13T02:25:08.000Z","volume":4000,"label":" ","price":4.1},{"type":"B","date":"2018-04-13T02:25:15.000Z","volume":2000,"label":" ","price":4.1},{"type":"A","date":"2018-04-13T02:25:15.000Z","volume":4000,"label":" ","price":4.11},{"type":"A","date":"2018-04-13T02:25:54.000Z","volume":6000,"label":" ","price":4.11},{"type":"B","date":"2018-04-13T02:25:59.000Z","volume":4000,"label":" ","price":4.11},{"type":"B","date":"2018-04-13T02:26:06.000Z","volume":14000,"label":" ","price":4.11},{"type":"B","date":"2018-04-13T02:26:08.000Z","volume":4000,"label":" ","price":4.11},{"type":"A","date":"2018-04-13T02:26:09.000Z","volume":2000,"label":" ","price":4.11},{"type":"B","date":"2018-04-13T02:26:14.000Z","volume":2000,"label":" ","price":4.1},{"type":"B","date":"2018-04-13T02:26:22.000Z","volume":2000,"label":" ","price":4.1},{"type":"A","date":"2018-04-13T02:27:08.000Z","volume":10000,"label":" ","price":4.11},{"type":"A","date":"2018-04-13T02:27:08.000Z","volume":2000,"label":" ","price":4.11},{"type":"B","date":"2018-04-13T02:27:08.000Z","volume":2000,"label":"Y","price":4.1},{"type":"A","date":"2018-04-13T02:27:09.000Z","volume":8000,"label":" ","price":4.12},{"type":"B","date":"2018-04-13T02:27:09.000Z","volume":6000,"label":" ","price":4.1},{"type":"A","date":"2018-04-13T02:29:12.000Z","volume":6000,"label":" ","price":4.11},{"type":"B","date":"2018-04-13T02:29:36.000Z","volume":8000,"label":" ","price":4.1},{"type":"B","date":"2018-04-13T02:29:43.000Z","volume":4000,"label":" ","price":4.1},{"type":"A","date":"2018-04-13T02:29:44.000Z","volume":4000,"label":" ","price":4.11},{"type":"B","date":"2018-04-13T02:30:09.000Z","volume":4000,"label":" ","price":4.1},{"type":"B","date":"2018-04-13T02:31:09.000Z","volume":2000,"label":" ","price":4.09},{"type":"B","date":"2018-04-13T02:31:59.000Z","volume":2000,"label":" ","price":4.09},{"type":"B","date":"2018-04-13T02:32:09.000Z","volume":2000,"label":" ","price":4.09},{"type":"B","date":"2018-04-13T02:32:31.000Z","volume":8000,"label":" ","price":4.09},{"type":"A","date":"2018-04-13T02:32:31.000Z","volume":2000,"label":" ","price":4.1},{"type":"A","date":"2018-04-13T02:32:31.000Z","volume":20000,"label":" ","price":4.1},{"type":"A","date":"2018-04-13T02:32:33.000Z","volume":2000,"label":" ","price":4.1},{"type":"B","date":"2018-04-13T02:33:00.000Z","volume":2000,"label":" ","price":4.09},{"type":"A","date":"2018-04-13T02:33:01.000Z","volume":6000,"label":" ","price":4.1},{"type":"B","date":"2018-04-13T02:33:03.000Z","volume":12000,"label":" ","price":4.09},{"type":"A","date":"2018-04-13T02:33:04.000Z","volume":2000,"label":" ","price":4.1},{"type":"B","date":"2018-04-13T02:33:27.000Z","volume":14000,"label":" ","price":4.09},{"type":"B","date":"2018-04-13T02:33:31.000Z","volume":8000,"label":" ","price":4.08},{"type":"B","date":"2018-04-13T02:34:01.000Z","volume":2000,"label":" ","price":4.08},{"type":"A","date":"2018-04-13T02:34:01.000Z","volume":2000,"label":" ","price":4.1},{"type":"B","date":"2018-04-13T02:34:03.000Z","volume":12000,"label":" ","price":4.08},{"type":"A","date":"2018-04-13T02:34:10.000Z","volume":4000,"label":" ","price":4.1},{"type":"B","date":"2018-04-13T02:34:31.000Z","volume":8000,"label":" ","price":4.08},{"type":"B","date":"2018-04-13T02:35:01.000Z","volume":2000,"label":" ","price":4.08},{"type":"B","date":"2018-04-13T02:35:04.000Z","volume":12000,"label":" ","price":4.08},{"type":"B","date":"2018-04-13T02:35:31.000Z","volume":8000,"label":" ","price":4.08},{"type":"B","date":"2018-04-13T02:36:01.000Z","volume":2000,"label":" ","price":4.08},{"type":"A","date":"2018-04-13T02:36:01.000Z","volume":6000,"label":" ","price":4.11},{"type":"B","date":"2018-04-13T02:36:04.000Z","volume":4000,"label":" ","price":4.08},{"type":"B","date":"2018-04-13T02:36:04.000Z","volume":8000,"label":" ","price":4.08},{"type":"A","date":"2018-04-13T02:36:04.000Z","volume":2000,"label":" ","price":4.11},{"type":"B","date":"2018-04-13T02:36:10.000Z","volume":4000,"label":" ","price":4.08},{"type":"B","date":"2018-04-13T02:36:32.000Z","volume":8000,"label":" ","price":4.08},{"type":"B","date":"2018-04-13T02:37:01.000Z","volume":2000,"label":" ","price":4.08},{"type":"B","date":"2018-04-13T02:37:04.000Z","volume":6000,"label":" ","price":4.08},{"type":"B","date":"2018-04-13T02:37:04.000Z","volume":6000,"label":" ","price":4.08},{"type":"A","date":"2018-04-13T02:37:04.000Z","volume":2000,"label":" ","price":4.1},{"type":"B","date":"2018-04-13T02:37:10.000Z","volume":2000,"label":" ","price":4.08},{"type":"B","date":"2018-04-13T02:37:32.000Z","volume":8000,"label":" ","price":4.08},{"type":"B","date":"2018-04-13T02:38:02.000Z","volume":2000,"label":" ","price":4.08},{"type":"B","date":"2018-04-13T02:38:04.000Z","volume":12000,"label":" ","price":4.08},{"type":"B","date":"2018-04-13T02:38:10.000Z","volume":2000,"label":" ","price":4.08},{"type":"B","date":"2018-04-13T02:38:33.000Z","volume":6000,"label":" ","price":4.08},{"type":"B","date":"2018-04-13T02:38:33.000Z","volume":2000,"label":" ","price":4.08},{"type":"A","date":"2018-04-13T02:38:33.000Z","volume":2000,"label":" ","price":4.11},{"type":"B","date":"2018-04-13T02:39:03.000Z","volume":2000,"label":" ","price":4.08},{"type":"U","date":"2018-04-13T02:39:05.000Z","volume":12000,"label":" ","price":4.08},{"type":"B","date":"2018-04-13T02:39:33.000Z","volume":8000,"label":" ","price":4.08},{"type":"B","date":"2018-04-13T02:40:03.000Z","volume":2000,"label":" ","price":4.08},{"type":"B","date":"2018-04-13T02:40:06.000Z","volume":8000,"label":" ","price":4.08},{"type":"B","date":"2018-04-13T02:40:06.000Z","volume":4000,"label":" ","price":4.08},{"type":"B","date":"2018-04-13T02:40:33.000Z","volume":8000,"label":" ","price":4.07},{"type":"B","date":"2018-04-13T02:41:03.000Z","volume":2000,"label":" ","price":4.07},{"type":"B","date":"2018-04-13T02:41:06.000Z","volume":12000,"label":" ","price":4.07},{"type":"A","date":"2018-04-13T02:41:06.000Z","volume":6000,"label":" ","price":4.1},{"type":"B","date":"2018-04-13T02:41:10.000Z","volume":4000,"label":" ","price":4.07},{"type":"B","date":"2018-04-13T02:41:34.000Z","volume":8000,"label":" ","price":4.07},{"type":"A","date":"2018-04-13T02:41:34.000Z","volume":4000,"label":" ","price":4.1},{"type":"B","date":"2018-04-13T02:42:03.000Z","volume":2000,"label":" ","price":4.07},{"type":"B","date":"2018-04-13T02:42:06.000Z","volume":12000,"label":" ","price":4.07},{"type":"B","date":"2018-04-13T02:42:11.000Z","volume":2000,"label":" ","price":4.07},{"type":"A","date":"2018-04-13T02:42:11.000Z","volume":8000,"label":" ","price":4.1},{"type":"B","date":"2018-04-13T02:42:34.000Z","volume":8000,"label":" ","price":4.07},{"type":"B","date":"2018-04-13T02:43:04.000Z","volume":2000,"label":" ","price":4.07},{"type":"A","date":"2018-04-13T02:43:05.000Z","volume":2000,"label":" ","price":4.1},{"type":"B","date":"2018-04-13T02:43:06.000Z","volume":12000,"label":" ","price":4.07},{"type":"B","date":"2018-04-13T02:43:11.000Z","volume":2000,"label":" ","price":4.07},{"type":"B","date":"2018-04-13T02:43:19.000Z","volume":20000,"label":" ","price":4.07},{"type":"B","date":"2018-04-13T02:43:35.000Z","volume":8000,"label":"Y","price":4.07},{"type":"B","date":"2018-04-13T02:44:04.000Z","volume":2000,"label":"Y","price":4.07},{"type":"B","date":"2018-04-13T02:44:06.000Z","volume":12000,"label":"Y","price":4.07},{"type":"A","date":"2018-04-13T02:44:07.000Z","volume":6000,"label":" ","price":4.1},{"type":"B","date":"2018-04-13T02:44:35.000Z","volume":8000,"label":"Y","price":4.07},{"type":"B","date":"2018-04-13T02:45:04.000Z","volume":2000,"label":"Y","price":4.07},{"type":"B","date":"2018-04-13T02:45:07.000Z","volume":12000,"label":"Y","price":4.07},{"type":"A","date":"2018-04-13T02:45:07.000Z","volume":4000,"label":"Y","price":4.1},{"type":"A","date":"2018-04-13T02:45:07.000Z","volume":2000,"label":" ","price":4.1},{"type":"B","date":"2018-04-13T02:45:35.000Z","volume":4000,"label":"Y","price":4.07},{"type":"B","date":"2018-04-13T02:45:35.000Z","volume":4000,"label":" ","price":4.07},{"type":"A","date":"2018-04-13T02:45:53.000Z","volume":2000,"label":" ","price":4.1},{"type":"A","date":"2018-04-13T02:45:53.000Z","volume":2000,"label":"Y","price":4.1},{"type":"A","date":"2018-04-13T02:45:53.000Z","volume":4000,"label":" ","price":4.1},{"type":"B","date":"2018-04-13T02:46:05.000Z","volume":2000,"label":" ","price":4.08},{"type":"B","date":"2018-04-13T02:46:08.000Z","volume":12000,"label":" ","price":4.08},{"type":"B","date":"2018-04-13T02:46:36.000Z","volume":8000,"label":" ","price":4.08},{"type":"B","date":"2018-04-13T02:47:06.000Z","volume":2000,"label":" ","price":4.08},{"type":"B","date":"2018-04-13T02:47:08.000Z","volume":2000,"label":" ","price":4.08},{"type":"A","date":"2018-04-13T02:47:08.000Z","volume":6000,"label":" ","price":4.08},{"type":"A","date":"2018-04-13T02:47:35.000Z","volume":10000,"label":" ","price":4.08},{"type":"A","date":"2018-04-13T02:47:35.000Z","volume":4000,"label":" ","price":4.08},{"type":"B","date":"2018-04-13T02:47:36.000Z","volume":6000,"label":"Y","price":4.07},{"type":"B","date":"2018-04-13T02:47:36.000Z","volume":2000,"label":" ","price":4.07},{"type":"B","date":"2018-04-13T02:48:06.000Z","volume":2000,"label":"Y","price":4.07},{"type":"B","date":"2018-04-13T02:48:08.000Z","volume":12000,"label":"Y","price":4.07},{"type":"A","date":"2018-04-13T02:48:09.000Z","volume":2000,"label":"Y","price":4.1},{"type":"A","date":"2018-04-13T02:48:09.000Z","volume":4000,"label":" ","price":4.1},{"type":"B","date":"2018-04-13T02:48:12.000Z","volume":2000,"label":"Y","price":4.07},{"type":"B","date":"2018-04-13T02:48:37.000Z","volume":8000,"label":"Y","price":4.07},{"type":"A","date":"2018-04-13T02:48:37.000Z","volume":2000,"label":"Y","price":4.1},{"type":"A","date":"2018-04-13T02:48:37.000Z","volume":4000,"label":" ","price":4.1},{"type":"A","date":"2018-04-13T02:48:40.000Z","volume":2000,"label":"Y","price":4.1},{"type":"B","date":"2018-04-13T02:49:06.000Z","volume":2000,"label":"Y","price":4.07},{"type":"B","date":"2018-04-13T02:49:09.000Z","volume":12000,"label":"Y","price":4.07},{"type":"A","date":"2018-04-13T02:49:09.000Z","volume":2000,"label":"Y","price":4.1},{"type":"A","date":"2018-04-13T02:49:09.000Z","volume":2000,"label":" ","price":4.1},{"type":"B","date":"2018-04-13T02:49:12.000Z","volume":2000,"label":"Y","price":4.07},{"type":"B","date":"2018-04-13T02:49:37.000Z","volume":8000,"label":" ","price":4.08},{"type":"B","date":"2018-04-13T02:50:06.000Z","volume":2000,"label":" ","price":4.08},{"type":"A","date":"2018-04-13T02:50:06.000Z","volume":2000,"label":"Y","price":4.1},{"type":"A","date":"2018-04-13T02:50:06.000Z","volume":2000,"label":" ","price":4.1},{"type":"B","date":"2018-04-13T02:50:09.000Z","volume":12000,"label":" ","price":4.08},{"type":"A","date":"2018-04-13T02:50:19.000Z","volume":4000,"label":" ","price":4.1},{"type":"A","date":"2018-04-13T02:50:19.000Z","volume":96000,"label":"Y","price":4.11},{"type":"A","date":"2018-04-13T02:50:19.000Z","volume":8000,"label":" ","price":4.11},{"type":"A","date":"2018-04-13T02:50:19.000Z","volume":2000,"label":" ","price":4.11},{"type":"A","date":"2018-04-13T02:50:21.000Z","volume":2000,"label":" ","price":4.1},{"type":"B","date":"2018-04-13T02:50:37.000Z","volume":8000,"label":" ","price":4.09},{"type":"A","date":"2018-04-13T02:50:37.000Z","volume":8000,"label":" ","price":4.1},{"type":"A","date":"2018-04-13T02:50:44.000Z","volume":18000,"label":" ","price":4.1},{"type":"B","date":"2018-04-13T02:50:48.000Z","volume":4000,"label":" ","price":4.1},{"type":"B","date":"2018-04-13T02:50:51.000Z","volume":10000,"label":" ","price":4.1},{"type":"B","date":"2018-04-13T02:50:52.000Z","volume":10000,"label":" ","price":4.1},{"type":"B","date":"2018-04-13T02:51:06.000Z","volume":2000,"label":" ","price":4.09},{"type":"B","date":"2018-04-13T02:51:09.000Z","volume":12000,"label":" ","price":4.09},{"type":"B","date":"2018-04-13T02:51:37.000Z","volume":4000,"label":" ","price":4.09},{"type":"B","date":"2018-04-13T02:52:08.000Z","volume":2000,"label":" ","price":4.08},{"type":"B","date":"2018-04-13T02:52:10.000Z","volume":12000,"label":" ","price":4.08},{"type":"B","date":"2018-04-13T02:52:12.000Z","volume":4000,"label":" ","price":4.08},{"type":"B","date":"2018-04-13T02:52:39.000Z","volume":4000,"label":" ","price":4.08},{"type":"B","date":"2018-04-13T02:53:08.000Z","volume":2000,"label":" ","price":4.07},{"type":"B","date":"2018-04-13T02:53:10.000Z","volume":12000,"label":" ","price":4.07},{"type":"B","date":"2018-04-13T02:53:12.000Z","volume":2000,"label":" ","price":4.07},{"type":"A","date":"2018-04-13T02:53:12.000Z","volume":4000,"label":" ","price":4.08},{"type":"B","date":"2018-04-13T02:53:39.000Z","volume":8000,"label":" ","price":4.07},{"type":"B","date":"2018-04-13T02:54:08.000Z","volume":2000,"label":"Y","price":4.08},{"type":"B","date":"2018-04-13T02:54:11.000Z","volume":12000,"label":"Y","price":4.08},{"type":"A","date":"2018-04-13T02:54:11.000Z","volume":4000,"label":" ","price":4.1},{"type":"B","date":"2018-04-13T02:54:12.000Z","volume":2000,"label":"Y","price":4.08},{"type":"A","date":"2018-04-13T02:54:21.000Z","volume":2000,"label":"Y","price":4.1},{"type":"B","date":"2018-04-13T02:54:39.000Z","volume":8000,"label":"Y","price":4.08},{"type":"B","date":"2018-04-13T02:55:08.000Z","volume":2000,"label":"Y","price":4.08},{"type":"B","date":"2018-04-13T02:55:11.000Z","volume":10000,"label":"Y","price":4.08},{"type":"B","date":"2018-04-13T02:55:11.000Z","volume":2000,"label":" ","price":4.08},{"type":"B","date":"2018-04-13T02:55:39.000Z","volume":6000,"label":" ","price":4.08},{"type":"A","date":"2018-04-13T02:55:39.000Z","volume":2000,"label":" ","price":4.08},{"type":"B","date":"2018-04-13T02:56:09.000Z","volume":2000,"label":" ","price":4.07},{"type":"B","date":"2018-04-13T02:56:11.000Z","volume":12000,"label":" ","price":4.07},{"type":"A","date":"2018-04-13T02:56:22.000Z","volume":2000,"label":" ","price":4.09},{"type":"B","date":"2018-04-13T02:56:40.000Z","volume":8000,"label":"Y","price":4.08},{"type":"B","date":"2018-04-13T02:57:09.000Z","volume":2000,"label":"Y","price":4.08},{"type":"A","date":"2018-04-13T02:57:09.000Z","volume":6000,"label":"Y","price":4.1},{"type":"B","date":"2018-04-13T02:57:11.000Z","volume":12000,"label":"Y","price":4.08},{"type":"B","date":"2018-04-13T02:57:40.000Z","volume":8000,"label":"Y","price":4.08},{"type":"B","date":"2018-04-13T02:58:10.000Z","volume":2000,"label":"Y","price":4.08},{"type":"A","date":"2018-04-13T02:58:10.000Z","volume":6000,"label":"Y","price":4.1},{"type":"B","date":"2018-04-13T02:58:12.000Z","volume":4000,"label":"Y","price":4.08},{"type":"B","date":"2018-04-13T02:58:12.000Z","volume":6000,"label":"Y","price":4.08},{"type":"B","date":"2018-04-13T02:58:12.000Z","volume":6000,"label":" ","price":4.08},{"type":"B","date":"2018-04-13T02:58:42.000Z","volume":8000,"label":" ","price":4.08},{"type":"B","date":"2018-04-13T02:59:10.000Z","volume":2000,"label":" ","price":4.07},{"type":"B","date":"2018-04-13T02:59:12.000Z","volume":2000,"label":" ","price":4.07},{"type":"B","date":"2018-04-13T02:59:13.000Z","volume":12000,"label":" ","price":4.07},{"type":"B","date":"2018-04-13T02:59:42.000Z","volume":4000,"label":"Y","price":4.06},{"type":"B","date":"2018-04-13T02:59:42.000Z","volume":4000,"label":" ","price":4.06},{"type":"B","date":"2018-04-13T03:00:10.000Z","volume":2000,"label":" ","price":4.06},{"type":"A","date":"2018-04-13T03:00:10.000Z","volume":2000,"label":"Y","price":4.09},{"type":"A","date":"2018-04-13T03:00:10.000Z","volume":4000,"label":" ","price":4.09},{"type":"B","date":"2018-04-13T03:00:12.000Z","volume":2000,"label":" ","price":4.06},{"type":"B","date":"2018-04-13T03:00:13.000Z","volume":10000,"label":"Y","price":4.06},{"type":"B","date":"2018-04-13T03:00:13.000Z","volume":2000,"label":" ","price":4.06},{"type":"A","date":"2018-04-13T03:00:13.000Z","volume":2000,"label":"Y","price":4.09},{"type":"B","date":"2018-04-13T03:00:43.000Z","volume":8000,"label":" ","price":4.06},{"type":"B","date":"2018-04-13T03:01:11.000Z","volume":2000,"label":" ","price":4.06},{"type":"A","date":"2018-04-13T03:01:11.000Z","volume":8000,"label":"Y","price":4.09},{"type":"B","date":"2018-04-13T03:01:13.000Z","volume":12000,"label":" ","price":4.06},{"type":"B","date":"2018-04-13T03:01:43.000Z","volume":8000,"label":" ","price":4.06},{"type":"A","date":"2018-04-13T03:01:43.000Z","volume":2000,"label":"Y","price":4.09},{"type":"B","date":"2018-04-13T03:02:11.000Z","volume":2000,"label":" ","price":4.06},{"type":"B","date":"2018-04-13T03:02:13.000Z","volume":12000,"label":" ","price":4.06},{"type":"B","date":"2018-04-13T03:02:43.000Z","volume":8000,"label":" ","price":4.06},{"type":"B","date":"2018-04-13T03:03:11.000Z","volume":2000,"label":" ","price":4.06},{"type":"B","date":"2018-04-13T03:03:13.000Z","volume":4000,"label":" ","price":4.06},{"type":"B","date":"2018-04-13T03:03:14.000Z","volume":2000,"label":" ","price":4.06},{"type":"A","date":"2018-04-13T03:03:14.000Z","volume":10000,"label":" ","price":4.06},{"type":"B","date":"2018-04-13T03:03:43.000Z","volume":8000,"label":" ","price":4.06},{"type":"B","date":"2018-04-13T03:04:11.000Z","volume":2000,"label":" ","price":4.06},{"type":"B","date":"2018-04-13T03:04:13.000Z","volume":2000,"label":" ","price":4.06},{"type":"B","date":"2018-04-13T03:04:14.000Z","volume":4000,"label":" ","price":4.06},{"type":"B","date":"2018-04-13T03:04:14.000Z","volume":8000,"label":" ","price":4.06},{"type":"B","date":"2018-04-13T03:04:43.000Z","volume":8000,"label":" ","price":4.06},{"type":"B","date":"2018-04-13T03:05:13.000Z","volume":2000,"label":" ","price":4.06},{"type":"B","date":"2018-04-13T03:05:13.000Z","volume":2000,"label":" ","price":4.06},{"type":"A","date":"2018-04-13T03:05:13.000Z","volume":6000,"label":"Y","price":4.09},{"type":"B","date":"2018-04-13T03:05:15.000Z","volume":2000,"label":"Y","price":4.06},{"type":"B","date":"2018-04-13T03:05:15.000Z","volume":10000,"label":" ","price":4.06},{"type":"A","date":"2018-04-13T03:05:32.000Z","volume":2000,"label":"Y","price":4.09},{"type":"B","date":"2018-04-13T03:05:46.000Z","volume":6000,"label":" ","price":4.07},{"type":"A","date":"2018-04-13T03:05:46.000Z","volume":2000,"label":" ","price":4.07},{"type":"A","date":"2018-04-13T03:05:47.000Z","volume":2000,"label":" ","price":4.07},{"type":"B","date":"2018-04-13T03:06:13.000Z","volume":2000,"label":"Y","price":4.06},{"type":"B","date":"2018-04-13T03:06:15.000Z","volume":12000,"label":"Y","price":4.06},{"type":"B","date":"2018-04-13T03:06:46.000Z","volume":8000,"label":"Y","price":4.06},{"type":"B","date":"2018-04-13T03:07:13.000Z","volume":2000,"label":"Y","price":4.06},{"type":"B","date":"2018-04-13T03:07:16.000Z","volume":12000,"label":"Y","price":4.06},{"type":"A","date":"2018-04-13T03:07:16.000Z","volume":6000,"label":" ","price":4.08},{"type":"B","date":"2018-04-13T03:07:46.000Z","volume":8000,"label":"Y","price":4.06},{"type":"B","date":"2018-04-13T03:08:13.000Z","volume":2000,"label":"Y","price":4.06},{"type":"B","date":"2018-04-13T03:08:16.000Z","volume":2000,"label":"Y","price":4.06},{"type":"B","date":"2018-04-13T03:08:16.000Z","volume":10000,"label":" ","price":4.06},{"type":"A","date":"2018-04-13T03:08:16.000Z","volume":2000,"label":" ","price":4.08},{"type":"B","date":"2018-04-13T03:08:46.000Z","volume":8000,"label":" ","price":4.06},{"type":"B","date":"2018-04-13T03:09:13.000Z","volume":2000,"label":"Y","price":4.06},{"type":"B","date":"2018-04-13T03:09:14.000Z","volume":4000,"label":"Y","price":4.06},{"type":"B","date":"2018-04-13T03:09:16.000Z","volume":12000,"label":"Y","price":4.06},{"type":"B","date":"2018-04-13T03:09:47.000Z","volume":8000,"label":"Y","price":4.06},{"type":"B","date":"2018-04-13T03:10:14.000Z","volume":2000,"label":"Y","price":4.06},{"type":"B","date":"2018-04-13T03:10:14.000Z","volume":2000,"label":"Y","price":4.06},{"type":"B","date":"2018-04-13T03:10:16.000Z","volume":12000,"label":" ","price":4.06},{"type":"A","date":"2018-04-13T03:10:17.000Z","volume":4000,"label":"Y","price":4.08},{"type":"A","date":"2018-04-13T03:10:17.000Z","volume":2000,"label":" ","price":4.08},{"type":"A","date":"2018-04-13T03:10:29.000Z","volume":8000,"label":" ","price":4.08},{"type":"A","date":"2018-04-13T03:10:29.000Z","volume":10000,"label":" ","price":4.09},{"type":"A","date":"2018-04-13T03:10:29.000Z","volume":50000,"label":"Y","price":4.1},{"type":"A","date":"2018-04-13T03:10:29.000Z","volume":10000,"label":" ","price":4.1},{"type":"A","date":"2018-04-13T03:10:29.000Z","volume":2000,"label":" ","price":4.1},{"type":"A","date":"2018-04-13T03:10:42.000Z","volume":18000,"label":" ","price":4.1},{"type":"B","date":"2018-04-13T03:10:42.000Z","volume":2000,"label":" ","price":4.1},{"type":"B","date":"2018-04-13T03:10:43.000Z","volume":4000,"label":" ","price":4.1},{"type":"B","date":"2018-04-13T03:10:43.000Z","volume":4000,"label":" ","price":4.1},{"type":"A","date":"2018-04-13T03:10:43.000Z","volume":4000,"label":"Y","price":4.11},{"type":"A","date":"2018-04-13T03:10:43.000Z","volume":2000,"label":" ","price":4.11},{"type":"B","date":"2018-04-13T03:10:47.000Z","volume":8000,"label":" ","price":4.09},{"type":"B","date":"2018-04-13T03:10:49.000Z","volume":10000,"label":" ","price":4.09},{"type":"B","date":"2018-04-13T03:11:14.000Z","volume":2000,"label":" ","price":4.08},{"type":"B","date":"2018-04-13T03:11:15.000Z","volume":2000,"label":" ","price":4.08},{"type":"B","date":"2018-04-13T03:11:18.000Z","volume":12000,"label":" ","price":4.08},{"type":"B","date":"2018-04-13T03:11:48.000Z","volume":4000,"label":" ","price":4.08},{"type":"B","date":"2018-04-13T03:12:15.000Z","volume":2000,"label":" ","price":4.07},{"type":"B","date":"2018-04-13T03:12:18.000Z","volume":10000,"label":" ","price":4.07},{"type":"A","date":"2018-04-13T03:12:19.000Z","volume":2000,"label":" ","price":4.07},{"type":"B","date":"2018-04-13T03:12:48.000Z","volume":8000,"label":" ","price":4.06},{"type":"A","date":"2018-04-13T03:12:48.000Z","volume":4000,"label":"Y","price":4.09},{"type":"B","date":"2018-04-13T03:13:15.000Z","volume":2000,"label":" ","price":4.06},{"type":"B","date":"2018-04-13T03:13:18.000Z","volume":12000,"label":" ","price":4.06},{"type":"A","date":"2018-04-13T03:13:18.000Z","volume":2000,"label":" ","price":4.08},{"type":"B","date":"2018-04-13T03:13:49.000Z","volume":8000,"label":" ","price":4.06},{"type":"B","date":"2018-04-13T03:14:14.000Z","volume":2000,"label":" ","price":4.06},{"type":"A","date":"2018-04-13T03:14:15.000Z","volume":2000,"label":" ","price":4.06},{"type":"A","date":"2018-04-13T03:14:47.000Z","volume":4000,"label":" ","price":4.06},{"type":"B","date":"2018-04-13T03:14:49.000Z","volume":8000,"label":" ","price":4.05},{"type":"B","date":"2018-04-13T03:15:14.000Z","volume":2000,"label":" ","price":4.05},{"type":"B","date":"2018-04-13T03:15:16.000Z","volume":2000,"label":" ","price":4.05},{"type":"B","date":"2018-04-13T03:15:19.000Z","volume":12000,"label":" ","price":4.05},{"type":"B","date":"2018-04-13T03:15:49.000Z","volume":8000,"label":" ","price":4.05},{"type":"A","date":"2018-04-13T03:16:09.000Z","volume":2000,"label":"Y","price":4.07},{"type":"B","date":"2018-04-13T03:16:14.000Z","volume":2000,"label":"Y","price":4.05},{"type":"A","date":"2018-04-13T03:16:14.000Z","volume":2000,"label":"Y","price":4.07},{"type":"B","date":"2018-04-13T03:16:16.000Z","volume":2000,"label":"Y","price":4.05},{"type":"B","date":"2018-04-13T03:16:19.000Z","volume":12000,"label":"Y","price":4.05},{"type":"B","date":"2018-04-13T03:16:44.000Z","volume":20000,"label":" ","price":4.05},{"type":"B","date":"2018-04-13T03:16:49.000Z","volume":2000,"label":" ","price":4.05},{"type":"B","date":"2018-04-13T03:17:17.000Z","volume":2000,"label":" ","price":4.04},{"type":"B","date":"2018-04-13T03:17:31.000Z","volume":2000,"label":"Y","price":4.04},{"type":"B","date":"2018-04-13T03:17:31.000Z","volume":10000,"label":" ","price":4.04},{"type":"B","date":"2018-04-13T03:17:51.000Z","volume":2000,"label":" ","price":4.04},{"type":"B","date":"2018-04-13T03:18:17.000Z","volume":2000,"label":"Y","price":4.04},{"type":"A","date":"2018-04-13T03:20:06.000Z","volume":2000,"label":" ","price":4.05},{"type":"B","date":"2018-04-13T03:20:15.000Z","volume":4000,"label":"Y","price":4.04},{"type":"A","date":"2018-04-13T03:20:15.000Z","volume":2000,"label":"Y","price":4.05},{"type":"B","date":"2018-04-13T03:20:48.000Z","volume":2000,"label":" ","price":4.04},{"type":"A","date":"2018-04-13T03:20:48.000Z","volume":6000,"label":" ","price":4.06},{"type":"B","date":"2018-04-13T03:21:15.000Z","volume":2000,"label":" ","price":4.04},{"type":"A","date":"2018-04-13T03:21:29.000Z","volume":4000,"label":" ","price":4.06},{"type":"A","date":"2018-04-13T03:21:29.000Z","volume":6000,"label":"Y","price":4.07},{"type":"B","date":"2018-04-13T03:21:48.000Z","volume":2000,"label":" ","price":4.04},{"type":"B","date":"2018-04-13T03:22:15.000Z","volume":2000,"label":" ","price":4.04},{"type":"B","date":"2018-04-13T03:22:21.000Z","volume":8000,"label":" ","price":4.04},{"type":"A","date":"2018-04-13T03:24:08.000Z","volume":2000,"label":" ","price":4.07},{"type":"A","date":"2018-04-13T03:24:08.000Z","volume":2000,"label":"Y","price":4.07},{"type":"B","date":"2018-04-13T03:24:19.000Z","volume":2000,"label":" ","price":4.04},{"type":"B","date":"2018-04-13T03:25:15.000Z","volume":4000,"label":" ","price":4.05},{"type":"B","date":"2018-04-13T03:25:20.000Z","volume":2000,"label":" ","price":4.05},{"type":"B","date":"2018-04-13T03:26:16.000Z","volume":2000,"label":" ","price":4.05},{"type":"B","date":"2018-04-13T03:26:20.000Z","volume":2000,"label":" ","price":4.05},{"type":"A","date":"2018-04-13T03:26:34.000Z","volume":28000,"label":" ","price":4.08},{"type":"A","date":"2018-04-13T03:26:34.000Z","volume":52000,"label":" ","price":4.09},{"type":"B","date":"2018-04-13T03:26:42.000Z","volume":8000,"label":" ","price":4.07},{"type":"A","date":"2018-04-13T03:26:43.000Z","volume":44000,"label":"Y","price":4.1},{"type":"A","date":"2018-04-13T03:26:43.000Z","volume":6000,"label":" ","price":4.1},{"type":"A","date":"2018-04-13T03:26:43.000Z","volume":50000,"label":" ","price":4.1},{"type":"A","date":"2018-04-13T03:26:52.000Z","volume":2000,"label":" ","price":4.1},{"type":"B","date":"2018-04-13T03:27:16.000Z","volume":2000,"label":" ","price":4.08},{"type":"B","date":"2018-04-13T03:27:20.000Z","volume":18000,"label":" ","price":4.08},{"type":"B","date":"2018-04-13T03:27:32.000Z","volume":12000,"label":" ","price":4.07},{"type":"B","date":"2018-04-13T03:27:43.000Z","volume":2000,"label":" ","price":4.07},{"type":"A","date":"2018-04-13T03:27:43.000Z","volume":4000,"label":" ","price":4.07},{"type":"B","date":"2018-04-13T03:28:20.000Z","volume":2000,"label":" ","price":4.06},{"type":"B","date":"2018-04-13T03:28:32.000Z","volume":12000,"label":" ","price":4.06},{"type":"A","date":"2018-04-13T03:28:32.000Z","volume":2000,"label":" ","price":4.07},{"type":"B","date":"2018-04-13T03:28:43.000Z","volume":8000,"label":" ","price":4.06},{"type":"B","date":"2018-04-13T03:29:20.000Z","volume":2000,"label":" ","price":4.06},{"type":"B","date":"2018-04-13T03:29:33.000Z","volume":12000,"label":" ","price":4.06},{"type":"B","date":"2018-04-13T03:29:43.000Z","volume":8000,"label":" ","price":4.06},{"type":"B","date":"2018-04-13T03:29:56.000Z","volume":4000,"label":" ","price":4.06},{"type":"B","date":"2018-04-13T03:29:56.000Z","volume":8000,"label":" ","price":4.06},{"type":"B","date":"2018-04-13T03:30:01.000Z","volume":10000,"label":" ","price":4.06},{"type":"B","date":"2018-04-13T03:30:22.000Z","volume":2000,"label":" ","price":4.05},{"type":"B","date":"2018-04-13T03:30:34.000Z","volume":12000,"label":" ","price":4.05},{"type":"A","date":"2018-04-13T03:30:37.000Z","volume":2000,"label":" ","price":4.07},{"type":"B","date":"2018-04-13T03:30:44.000Z","volume":8000,"label":" ","price":4.06},{"type":"B","date":"2018-04-13T03:31:16.000Z","volume":4000,"label":" ","price":4.06},{"type":"B","date":"2018-04-13T03:31:22.000Z","volume":2000,"label":" ","price":4.06},{"type":"B","date":"2018-04-13T03:32:17.000Z","volume":2000,"label":" ","price":4.06},{"type":"B","date":"2018-04-13T03:32:22.000Z","volume":2000,"label":" ","price":4.05},{"type":"B","date":"2018-04-13T03:33:17.000Z","volume":2000,"label":" ","price":4.05},{"type":"B","date":"2018-04-13T03:33:22.000Z","volume":2000,"label":" ","price":4.05},{"type":"B","date":"2018-04-13T03:34:22.000Z","volume":2000,"label":" ","price":4.05},{"type":"B","date":"2018-04-13T03:35:29.000Z","volume":2000,"label":" ","price":4.05},{"type":"B","date":"2018-04-13T03:35:43.000Z","volume":2000,"label":" ","price":4.05},{"type":"B","date":"2018-04-13T03:36:17.000Z","volume":4000,"label":" ","price":4.05},{"type":"A","date":"2018-04-13T03:36:17.000Z","volume":6000,"label":" ","price":4.08},{"type":"B","date":"2018-04-13T03:36:44.000Z","volume":2000,"label":" ","price":4.05},{"type":"B","date":"2018-04-13T03:37:17.000Z","volume":2000,"label":" ","price":4.05},{"type":"A","date":"2018-04-13T03:37:17.000Z","volume":4000,"label":" ","price":4.08},{"type":"B","date":"2018-04-13T03:37:44.000Z","volume":2000,"label":" ","price":4.05},{"type":"B","date":"2018-04-13T03:38:18.000Z","volume":2000,"label":" ","price":4.06},{"type":"B","date":"2018-04-13T03:38:44.000Z","volume":2000,"label":" ","price":4.06},{"type":"A","date":"2018-04-13T03:40:40.000Z","volume":6000,"label":" ","price":4.08},{"type":"A","date":"2018-04-13T03:40:40.000Z","volume":2000,"label":" ","price":4.08},{"type":"B","date":"2018-04-13T03:41:15.000Z","volume":2000,"label":" ","price":4.06},{"type":"B","date":"2018-04-13T03:42:15.000Z","volume":2000,"label":" ","price":4.06},{"type":"B","date":"2018-04-13T03:42:18.000Z","volume":4000,"label":" ","price":4.06},{"type":"B","date":"2018-04-13T03:43:15.000Z","volume":2000,"label":" ","price":4.05},{"type":"B","date":"2018-04-13T03:43:18.000Z","volume":2000,"label":" ","price":4.05},{"type":"A","date":"2018-04-13T03:43:18.000Z","volume":2000,"label":" ","price":4.08},{"type":"B","date":"2018-04-13T03:44:16.000Z","volume":2000,"label":" ","price":4.06},{"type":"B","date":"2018-04-13T03:44:18.000Z","volume":2000,"label":" ","price":4.06},{"type":"A","date":"2018-04-13T03:44:18.000Z","volume":2000,"label":" ","price":4.08},{"type":"B","date":"2018-04-13T03:45:17.000Z","volume":2000,"label":" ","price":4.06},{"type":"B","date":"2018-04-13T03:47:19.000Z","volume":4000,"label":" ","price":4.06},{"type":"B","date":"2018-04-13T03:47:47.000Z","volume":2000,"label":" ","price":4.06},{"type":"B","date":"2018-04-13T03:48:18.000Z","volume":2000,"label":" ","price":4.06},{"type":"B","date":"2018-04-13T03:49:18.000Z","volume":2000,"label":"Y","price":4.06},{"type":"A","date":"2018-04-13T03:50:32.000Z","volume":2000,"label":" ","price":4.08},{"type":"B","date":"2018-04-13T03:50:38.000Z","volume":2000,"label":"Y","price":4.06},{"type":"A","date":"2018-04-13T03:52:47.000Z","volume":40000,"label":" ","price":4.08},{"type":"A","date":"2018-04-13T03:52:47.000Z","volume":4000,"label":" ","price":4.08},{"type":"B","date":"2018-04-13T03:52:58.000Z","volume":12000,"label":" ","price":4.07},{"type":"B","date":"2018-04-13T03:53:08.000Z","volume":2000,"label":" ","price":4.07},{"type":"A","date":"2018-04-13T03:53:19.000Z","volume":40000,"label":" ","price":4.08},{"type":"B","date":"2018-04-13T03:53:20.000Z","volume":4000,"label":" ","price":4.07},{"type":"B","date":"2018-04-13T03:53:58.000Z","volume":12000,"label":" ","price":4.07},{"type":"B","date":"2018-04-13T03:54:09.000Z","volume":2000,"label":" ","price":4.07},{"type":"B","date":"2018-04-13T03:54:19.000Z","volume":8000,"label":" ","price":4.07},{"type":"A","date":"2018-04-13T03:54:25.000Z","volume":2000,"label":" ","price":4.07},{"type":"B","date":"2018-04-13T03:55:09.000Z","volume":2000,"label":"Y","price":4.06},{"type":"B","date":"2018-04-13T03:55:20.000Z","volume":2000,"label":"Y","price":4.06},{"type":"B","date":"2018-04-13T03:56:10.000Z","volume":2000,"label":"Y","price":4.06},{"type":"A","date":"2018-04-13T03:56:37.000Z","volume":10000,"label":" ","price":4.08},{"type":"A","date":"2018-04-13T03:56:37.000Z","volume":6000,"label":" ","price":4.08},{"type":"B","date":"2018-04-13T03:57:10.000Z","volume":2000,"label":" ","price":4.06},{"type":"A","date":"2018-04-13T03:57:14.000Z","volume":8000,"label":" ","price":4.08},{"type":"A","date":"2018-04-13T03:57:14.000Z","volume":2000,"label":"Y","price":4.08},{"type":"A","date":"2018-04-13T03:57:14.000Z","volume":6000,"label":" ","price":4.08},{"type":"B","date":"2018-04-13T03:57:20.000Z","volume":8000,"label":" ","price":4.07},{"type":"B","date":"2018-04-13T03:58:10.000Z","volume":2000,"label":" ","price":4.07},{"type":"B","date":"2018-04-13T03:58:21.000Z","volume":4000,"label":" ","price":4.07},{"type":"B","date":"2018-04-13T03:59:11.000Z","volume":2000,"label":" ","price":4.07},{"type":"B","date":"2018-04-13T03:59:20.000Z","volume":2000,"label":" ","price":4.07},{"type":"B","date":"2018-04-13T05:00:05.000Z","volume":2000,"label":" ","price":4.07},{"type":"B","date":"2018-04-13T05:00:20.000Z","volume":2000,"label":" ","price":4.07},{"type":"A","date":"2018-04-13T05:00:58.000Z","volume":46000,"label":" ","price":4.08},{"type":"B","date":"2018-04-13T05:01:06.000Z","volume":2000,"label":" ","price":4.08},{"type":"B","date":"2018-04-13T05:01:21.000Z","volume":8000,"label":" ","price":4.08},{"type":"A","date":"2018-04-13T05:01:57.000Z","volume":14000,"label":" ","price":4.09},{"type":"B","date":"2018-04-13T05:02:02.000Z","volume":12000,"label":" ","price":4.08},{"type":"B","date":"2018-04-13T05:02:06.000Z","volume":2000,"label":" ","price":4.08},{"type":"B","date":"2018-04-13T05:03:06.000Z","volume":2000,"label":" ","price":4.08},{"type":"A","date":"2018-04-13T05:03:06.000Z","volume":6000,"label":" ","price":4.09},{"type":"B","date":"2018-04-13T05:04:06.000Z","volume":2000,"label":" ","price":4.08},{"type":"B","date":"2018-04-13T05:04:21.000Z","volume":4000,"label":" ","price":4.08},{"type":"B","date":"2018-04-13T05:05:07.000Z","volume":2000,"label":" ","price":4.08},{"type":"B","date":"2018-04-13T05:05:21.000Z","volume":2000,"label":" ","price":4.08},{"type":"B","date":"2018-04-13T05:06:07.000Z","volume":2000,"label":" ","price":4.08},{"type":"A","date":"2018-04-13T05:06:07.000Z","volume":6000,"label":" ","price":4.09},{"type":"B","date":"2018-04-13T05:06:22.000Z","volume":2000,"label":" ","price":4.08},{"type":"B","date":"2018-04-13T05:06:33.000Z","volume":16000,"label":" ","price":4.08},{"type":"B","date":"2018-04-13T05:06:52.000Z","volume":8000,"label":" ","price":4.08},{"type":"B","date":"2018-04-13T05:07:08.000Z","volume":2000,"label":" ","price":4.08},{"type":"B","date":"2018-04-13T05:08:05.000Z","volume":50000,"label":" ","price":4.08},{"type":"A","date":"2018-04-13T05:08:05.000Z","volume":4000,"label":" ","price":4.09},{"type":"B","date":"2018-04-13T05:08:10.000Z","volume":2000,"label":" ","price":4.08},{"type":"B","date":"2018-04-13T05:08:12.000Z","volume":6000,"label":" ","price":4.08},{"type":"B","date":"2018-04-13T05:08:18.000Z","volume":2000,"label":" ","price":4.07},{"type":"A","date":"2018-04-13T05:08:19.000Z","volume":6000,"label":" ","price":4.08},{"type":"A","date":"2018-04-13T05:08:36.000Z","volume":6000,"label":" ","price":4.08},{"type":"B","date":"2018-04-13T05:08:56.000Z","volume":50000,"label":" ","price":4.07},{"type":"B","date":"2018-04-13T05:09:04.000Z","volume":12000,"label":" ","price":4.07},{"type":"B","date":"2018-04-13T05:09:13.000Z","volume":8000,"label":" ","price":4.07},{"type":"A","date":"2018-04-13T05:09:14.000Z","volume":10000,"label":" ","price":4.08},{"type":"A","date":"2018-04-13T05:09:14.000Z","volume":8000,"label":" ","price":4.08},{"type":"B","date":"2018-04-13T05:09:19.000Z","volume":2000,"label":" ","price":4.07},{"type":"B","date":"2018-04-13T05:09:23.000Z","volume":4000,"label":" ","price":4.07},{"type":"B","date":"2018-04-13T05:10:04.000Z","volume":12000,"label":" ","price":4.07},{"type":"B","date":"2018-04-13T05:10:13.000Z","volume":8000,"label":" ","price":4.07},{"type":"B","date":"2018-04-13T05:10:19.000Z","volume":2000,"label":" ","price":4.07},{"type":"B","date":"2018-04-13T05:10:23.000Z","volume":2000,"label":" ","price":4.07},{"type":"B","date":"2018-04-13T05:11:04.000Z","volume":12000,"label":" ","price":4.07},{"type":"B","date":"2018-04-13T05:11:19.000Z","volume":2000,"label":" ","price":4.07},{"type":"B","date":"2018-04-13T05:11:23.000Z","volume":2000,"label":" ","price":4.07},{"type":"B","date":"2018-04-13T05:11:43.000Z","volume":4000,"label":" ","price":4.07},{"type":"B","date":"2018-04-13T05:12:20.000Z","volume":2000,"label":" ","price":4.07},{"type":"B","date":"2018-04-13T05:13:10.000Z","volume":10000,"label":" ","price":4.07},{"type":"A","date":"2018-04-13T05:13:11.000Z","volume":2000,"label":" ","price":4.07},{"type":"B","date":"2018-04-13T05:13:14.000Z","volume":8000,"label":" ","price":4.06},{"type":"B","date":"2018-04-13T05:13:15.000Z","volume":6000,"label":" ","price":4.06},{"type":"A","date":"2018-04-13T05:13:16.000Z","volume":6000,"label":" ","price":4.07},{"type":"B","date":"2018-04-13T05:13:21.000Z","volume":2000,"label":" ","price":4.06},{"type":"A","date":"2018-04-13T05:13:21.000Z","volume":8000,"label":" ","price":4.07},{"type":"B","date":"2018-04-13T05:13:40.000Z","volume":4000,"label":" ","price":4.06},{"type":"B","date":"2018-04-13T05:14:14.000Z","volume":8000,"label":" ","price":4.06},{"type":"B","date":"2018-04-13T05:14:41.000Z","volume":2000,"label":" ","price":4.06},{"type":"A","date":"2018-04-13T05:14:41.000Z","volume":8000,"label":" ","price":4.07},{"type":"B","date":"2018-04-13T05:14:51.000Z","volume":2000,"label":" ","price":4.06},{"type":"B","date":"2018-04-13T05:15:41.000Z","volume":4000,"label":" ","price":4.06},{"type":"B","date":"2018-04-13T05:15:51.000Z","volume":2000,"label":" ","price":4.06},{"type":"A","date":"2018-04-13T05:15:52.000Z","volume":8000,"label":" ","price":4.07},{"type":"B","date":"2018-04-13T05:16:52.000Z","volume":2000,"label":" ","price":4.06},{"type":"B","date":"2018-04-13T05:17:29.000Z","volume":2000,"label":" ","price":4.06},{"type":"B","date":"2018-04-13T05:17:52.000Z","volume":2000,"label":" ","price":4.06},{"type":"A","date":"2018-04-13T05:18:25.000Z","volume":2000,"label":" ","price":4.07},{"type":"B","date":"2018-04-13T05:18:41.000Z","volume":2000,"label":"Y","price":4.06},{"type":"B","date":"2018-04-13T05:18:41.000Z","volume":2000,"label":" ","price":4.06},{"type":"B","date":"2018-04-13T05:18:53.000Z","volume":2000,"label":"Y","price":4.06},{"type":"A","date":"2018-04-13T05:18:54.000Z","volume":6000,"label":" ","price":4.07},{"type":"B","date":"2018-04-13T05:19:40.000Z","volume":4000,"label":"Y","price":4.06},{"type":"B","date":"2018-04-13T05:19:46.000Z","volume":8000,"label":"Y","price":4.06},{"type":"A","date":"2018-04-13T05:20:07.000Z","volume":20000,"label":" ","price":4.07},{"type":"A","date":"2018-04-13T05:20:07.000Z","volume":6000,"label":" ","price":4.07},{"type":"A","date":"2018-04-13T05:20:07.000Z","volume":6000,"label":" ","price":4.07},{"type":"B","date":"2018-04-13T05:20:13.000Z","volume":2000,"label":"Y","price":4.06},{"type":"B","date":"2018-04-13T05:20:41.000Z","volume":2000,"label":"Y","price":4.06},{"type":"B","date":"2018-04-13T05:20:46.000Z","volume":8000,"label":" ","price":4.06},{"type":"A","date":"2018-04-13T05:20:46.000Z","volume":2000,"label":"Y","price":4.08},{"type":"A","date":"2018-04-13T05:20:46.000Z","volume":4000,"label":" ","price":4.08},{"type":"B","date":"2018-04-13T05:21:14.000Z","volume":2000,"label":" ","price":4.06},{"type":"A","date":"2018-04-13T05:21:23.000Z","volume":2000,"label":"Y","price":4.08},{"type":"B","date":"2018-04-13T05:22:14.000Z","volume":2000,"label":" ","price":4.06},{"type":"A","date":"2018-04-13T05:22:14.000Z","volume":4000,"label":"Y","price":4.08},{"type":"A","date":"2018-04-13T05:22:14.000Z","volume":2000,"label":" ","price":4.08},{"type":"B","date":"2018-04-13T05:23:14.000Z","volume":2000,"label":" ","price":4.06},{"type":"B","date":"2018-04-13T05:24:14.000Z","volume":2000,"label":" ","price":4.06},{"type":"A","date":"2018-04-13T05:24:14.000Z","volume":2000,"label":" ","price":4.08},{"type":"A","date":"2018-04-13T05:24:18.000Z","volume":2000,"label":" ","price":4.09},{"type":"B","date":"2018-04-13T05:24:41.000Z","volume":4000,"label":" ","price":4.06},{"type":"B","date":"2018-04-13T05:25:15.000Z","volume":2000,"label":" ","price":4.06},{"type":"B","date":"2018-04-13T05:25:41.000Z","volume":4000,"label":" ","price":4.06},{"type":"B","date":"2018-04-13T05:26:16.000Z","volume":2000,"label":" ","price":4.06},{"type":"B","date":"2018-04-13T05:26:44.000Z","volume":4000,"label":" ","price":4.06},{"type":"A","date":"2018-04-13T05:26:44.000Z","volume":4000,"label":" ","price":4.08},{"type":"B","date":"2018-04-13T05:26:48.000Z","volume":8000,"label":" ","price":4.06},{"type":"A","date":"2018-04-13T05:26:55.000Z","volume":6000,"label":"Y","price":4.08},{"type":"B","date":"2018-04-13T05:27:16.000Z","volume":2000,"label":"Y","price":4.07},{"type":"B","date":"2018-04-13T05:27:44.000Z","volume":2000,"label":"Y","price":4.07},{"type":"A","date":"2018-04-13T05:28:02.000Z","volume":2000,"label":" ","price":4.08},{"type":"B","date":"2018-04-13T05:28:16.000Z","volume":2000,"label":" ","price":4.08},{"type":"B","date":"2018-04-13T05:28:44.000Z","volume":4000,"label":" ","price":4.08},{"type":"B","date":"2018-04-13T05:29:17.000Z","volume":2000,"label":" ","price":4.08},{"type":"B","date":"2018-04-13T05:29:37.000Z","volume":2000,"label":" ","price":4.08},{"type":"A","date":"2018-04-13T05:31:03.000Z","volume":6000,"label":" ","price":4.09},{"type":"B","date":"2018-04-13T05:31:47.000Z","volume":2000,"label":" ","price":4.08},{"type":"A","date":"2018-04-13T05:31:51.000Z","volume":50000,"label":" ","price":4.09},{"type":"A","date":"2018-04-13T05:31:51.000Z","volume":6000,"label":" ","price":4.09},{"type":"A","date":"2018-04-13T05:31:51.000Z","volume":2000,"label":" ","price":4.09},{"type":"A","date":"2018-04-13T05:31:51.000Z","volume":2000,"label":" ","price":4.1},{"type":"B","date":"2018-04-13T05:32:01.000Z","volume":12000,"label":" ","price":4.08},{"type":"A","date":"2018-04-13T05:32:18.000Z","volume":6000,"label":" ","price":4.09},{"type":"B","date":"2018-04-13T05:32:19.000Z","volume":8000,"label":" ","price":4.08},{"type":"B","date":"2018-04-13T05:32:44.000Z","volume":4000,"label":" ","price":4.08},{"type":"A","date":"2018-04-13T05:32:44.000Z","volume":6000,"label":" ","price":4.09},{"type":"B","date":"2018-04-13T05:32:49.000Z","volume":2000,"label":" ","price":4.08},{"type":"B","date":"2018-04-13T05:33:01.000Z","volume":12000,"label":" ","price":4.08},{"type":"A","date":"2018-04-13T05:33:39.000Z","volume":18000,"label":" ","price":4.09},{"type":"B","date":"2018-04-13T05:33:44.000Z","volume":4000,"label":"Y","price":4.09},{"type":"A","date":"2018-04-13T05:33:44.000Z","volume":6000,"label":" ","price":4.1},{"type":"B","date":"2018-04-13T05:33:49.000Z","volume":2000,"label":"Y","price":4.09},{"type":"A","date":"2018-04-13T05:33:49.000Z","volume":6000,"label":" ","price":4.1},{"type":"B","date":"2018-04-13T05:34:02.000Z","volume":12000,"label":"Y","price":4.09},{"type":"B","date":"2018-04-13T05:34:45.000Z","volume":2000,"label":"Y","price":4.09},{"type":"B","date":"2018-04-13T05:35:27.000Z","volume":10000,"label":"Y","price":4.09},{"type":"A","date":"2018-04-13T05:35:28.000Z","volume":6000,"label":" ","price":4.1},{"type":"B","date":"2018-04-13T05:36:19.000Z","volume":2000,"label":"Y","price":4.09},{"type":"B","date":"2018-04-13T05:36:48.000Z","volume":30000,"label":" ","price":4.09},{"type":"B","date":"2018-04-13T05:37:02.000Z","volume":10000,"label":" ","price":4.09},{"type":"A","date":"2018-04-13T05:37:02.000Z","volume":2000,"label":" ","price":4.09},{"type":"B","date":"2018-04-13T05:37:19.000Z","volume":2000,"label":" ","price":4.08},{"type":"B","date":"2018-04-13T05:38:21.000Z","volume":2000,"label":" ","price":4.08},{"type":"B","date":"2018-04-13T05:38:44.000Z","volume":4000,"label":" ","price":4.08},{"type":"A","date":"2018-04-13T05:38:44.000Z","volume":6000,"label":" ","price":4.1},{"type":"B","date":"2018-04-13T05:39:21.000Z","volume":2000,"label":" ","price":4.08},{"type":"B","date":"2018-04-13T05:39:44.000Z","volume":4000,"label":" ","price":4.08},{"type":"B","date":"2018-04-13T05:40:21.000Z","volume":2000,"label":" ","price":4.08},{"type":"B","date":"2018-04-13T05:40:45.000Z","volume":2000,"label":" ","price":4.08},{"type":"B","date":"2018-04-13T05:41:21.000Z","volume":2000,"label":" ","price":4.08},{"type":"B","date":"2018-04-13T05:42:22.000Z","volume":2000,"label":" ","price":4.08},{"type":"A","date":"2018-04-13T05:42:49.000Z","volume":2000,"label":" ","price":4.1},{"type":"A","date":"2018-04-13T05:42:49.000Z","volume":2000,"label":" ","price":4.1},{"type":"B","date":"2018-04-13T05:43:22.000Z","volume":2000,"label":" ","price":4.08},{"type":"B","date":"2018-04-13T05:44:45.000Z","volume":4000,"label":" ","price":4.08},{"type":"B","date":"2018-04-13T05:44:53.000Z","volume":2000,"label":" ","price":4.08},{"type":"B","date":"2018-04-13T05:45:45.000Z","volume":4000,"label":" ","price":4.08},{"type":"A","date":"2018-04-13T05:45:45.000Z","volume":2000,"label":" ","price":4.09},{"type":"B","date":"2018-04-13T05:45:54.000Z","volume":2000,"label":" ","price":4.08},{"type":"B","date":"2018-04-13T05:46:14.000Z","volume":4000,"label":" ","price":4.08},{"type":"B","date":"2018-04-13T05:46:46.000Z","volume":2000,"label":" ","price":4.08},{"type":"A","date":"2018-04-13T05:46:46.000Z","volume":6000,"label":" ","price":4.09},{"type":"A","date":"2018-04-13T05:46:49.000Z","volume":4000,"label":" ","price":4.09},{"type":"B","date":"2018-04-13T05:46:52.000Z","volume":8000,"label":" ","price":4.08},{"type":"A","date":"2018-04-13T05:46:55.000Z","volume":2000,"label":" ","price":4.09},{"type":"A","date":"2018-04-13T05:48:31.000Z","volume":6000,"label":" ","price":4.09},{"type":"A","date":"2018-04-13T05:48:31.000Z","volume":2000,"label":" ","price":4.09},{"type":"A","date":"2018-04-13T05:48:33.000Z","volume":4000,"label":" ","price":4.09},{"type":"A","date":"2018-04-13T05:48:33.000Z","volume":2000,"label":" ","price":4.09},{"type":"B","date":"2018-04-13T05:48:34.000Z","volume":2000,"label":" ","price":4.08},{"type":"A","date":"2018-04-13T05:48:36.000Z","volume":2000,"label":" ","price":4.09},{"type":"B","date":"2018-04-13T05:49:34.000Z","volume":2000,"label":" ","price":4.08},{"type":"B","date":"2018-04-13T05:50:34.000Z","volume":2000,"label":" ","price":4.08},{"type":"B","date":"2018-04-13T05:50:46.000Z","volume":4000,"label":" ","price":4.08},{"type":"A","date":"2018-04-13T05:50:46.000Z","volume":4000,"label":" ","price":4.09},{"type":"A","date":"2018-04-13T05:50:48.000Z","volume":2000,"label":" ","price":4.09},{"type":"B","date":"2018-04-13T05:51:36.000Z","volume":2000,"label":" ","price":4.08},{"type":"A","date":"2018-04-13T05:51:36.000Z","volume":2000,"label":" ","price":4.09},{"type":"A","date":"2018-04-13T05:51:36.000Z","volume":2000,"label":" ","price":4.09},{"type":"B","date":"2018-04-13T05:51:46.000Z","volume":4000,"label":" ","price":4.08},{"type":"B","date":"2018-04-13T05:52:24.000Z","volume":8000,"label":" ","price":4.08},{"type":"A","date":"2018-04-13T05:52:25.000Z","volume":34000,"label":" ","price":4.09},{"type":"A","date":"2018-04-13T05:52:26.000Z","volume":20000,"label":" ","price":4.1},{"type":"B","date":"2018-04-13T05:52:36.000Z","volume":2000,"label":" ","price":4.09},{"type":"B","date":"2018-04-13T05:52:46.000Z","volume":2000,"label":" ","price":4.09},{"type":"B","date":"2018-04-13T05:53:06.000Z","volume":12000,"label":" ","price":4.09},{"type":"A","date":"2018-04-13T05:53:08.000Z","volume":4000,"label":" ","price":4.1},{"type":"B","date":"2018-04-13T05:53:24.000Z","volume":8000,"label":" ","price":4.09},{"type":"A","date":"2018-04-13T05:53:24.000Z","volume":8000,"label":" ","price":4.1},{"type":"A","date":"2018-04-13T05:53:26.000Z","volume":4000,"label":" ","price":4.1},{"type":"A","date":"2018-04-13T05:53:27.000Z","volume":2000,"label":" ","price":4.1},{"type":"B","date":"2018-04-13T05:53:36.000Z","volume":2000,"label":" ","price":4.09},{"type":"B","date":"2018-04-13T05:54:24.000Z","volume":8000,"label":" ","price":4.09},{"type":"A","date":"2018-04-13T05:54:27.000Z","volume":2000,"label":" ","price":4.1},{"type":"B","date":"2018-04-13T05:54:35.000Z","volume":6000,"label":" ","price":4.09},{"type":"A","date":"2018-04-13T05:54:35.000Z","volume":4000,"label":" ","price":4.09},{"type":"A","date":"2018-04-13T05:54:36.000Z","volume":4000,"label":" ","price":4.1},{"type":"A","date":"2018-04-13T05:54:38.000Z","volume":2000,"label":" ","price":4.1},{"type":"B","date":"2018-04-13T05:54:46.000Z","volume":2000,"label":" ","price":4.09},{"type":"B","date":"2018-04-13T05:54:54.000Z","volume":2000,"label":" ","price":4.09},{"type":"A","date":"2018-04-13T05:54:56.000Z","volume":2000,"label":" ","price":4.09},{"type":"B","date":"2018-04-13T05:55:24.000Z","volume":4000,"label":" ","price":4.08},{"type":"B","date":"2018-04-13T05:55:35.000Z","volume":8000,"label":" ","price":4.08},{"type":"A","date":"2018-04-13T05:55:37.000Z","volume":4000,"label":" ","price":4.09},{"type":"B","date":"2018-04-13T05:55:47.000Z","volume":2000,"label":" ","price":4.09},{"type":"B","date":"2018-04-13T05:56:04.000Z","volume":10000,"label":" ","price":4.09},{"type":"A","date":"2018-04-13T05:56:04.000Z","volume":6000,"label":" ","price":4.1},{"type":"A","date":"2018-04-13T05:56:08.000Z","volume":6000,"label":" ","price":4.1},{"type":"B","date":"2018-04-13T05:56:27.000Z","volume":2000,"label":" ","price":4.08},{"type":"B","date":"2018-04-13T05:56:35.000Z","volume":8000,"label":" ","price":4.08},{"type":"A","date":"2018-04-13T05:56:35.000Z","volume":6000,"label":" ","price":4.1},{"type":"B","date":"2018-04-13T05:56:47.000Z","volume":2000,"label":" ","price":4.08},{"type":"B","date":"2018-04-13T05:56:57.000Z","volume":4000,"label":" ","price":4.08},{"type":"A","date":"2018-04-13T05:56:57.000Z","volume":4000,"label":" ","price":4.1},{"type":"B","date":"2018-04-13T05:57:48.000Z","volume":2000,"label":" ","price":4.08},{"type":"B","date":"2018-04-13T05:57:57.000Z","volume":2000,"label":" ","price":4.08},{"type":"B","date":"2018-04-13T05:58:27.000Z","volume":4000,"label":" ","price":4.08},{"type":"A","date":"2018-04-13T05:58:27.000Z","volume":4000,"label":" ","price":4.09},{"type":"A","date":"2018-04-13T05:58:30.000Z","volume":2000,"label":" ","price":4.09},{"type":"A","date":"2018-04-13T05:58:30.000Z","volume":2000,"label":" ","price":4.09},{"type":"A","date":"2018-04-13T05:58:34.000Z","volume":2000,"label":" ","price":4.09},{"type":"B","date":"2018-04-13T05:58:38.000Z","volume":12000,"label":" ","price":4.09},{"type":"A","date":"2018-04-13T05:58:40.000Z","volume":6000,"label":" ","price":4.1},{"type":"B","date":"2018-04-13T05:58:48.000Z","volume":2000,"label":" ","price":4.09},{"type":"B","date":"2018-04-13T05:58:49.000Z","volume":4000,"label":" ","price":4.09},{"type":"B","date":"2018-04-13T05:59:29.000Z","volume":2000,"label":" ","price":4.08},{"type":"B","date":"2018-04-13T05:59:29.000Z","volume":2000,"label":" ","price":4.08},{"type":"B","date":"2018-04-13T05:59:49.000Z","volume":2000,"label":" ","price":4.08},{"type":"B","date":"2018-04-13T05:59:59.000Z","volume":2000,"label":" ","price":4.08},{"type":"A","date":"2018-04-13T05:59:59.000Z","volume":6000,"label":" ","price":4.09},{"type":"A","date":"2018-04-13T05:59:59.000Z","volume":2000,"label":" ","price":4.09},{"type":"A","date":"2018-04-13T06:00:01.000Z","volume":4000,"label":" ","price":4.09},{"type":"B","date":"2018-04-13T06:00:36.000Z","volume":8000,"label":" ","price":4.08},{"type":"B","date":"2018-04-13T06:00:59.000Z","volume":4000,"label":" ","price":4.08},{"type":"A","date":"2018-04-13T06:00:59.000Z","volume":6000,"label":" ","price":4.09},{"type":"B","date":"2018-04-13T06:01:09.000Z","volume":2000,"label":" ","price":4.08},{"type":"A","date":"2018-04-13T06:01:09.000Z","volume":2000,"label":" ","price":4.09},{"type":"B","date":"2018-04-13T06:01:29.000Z","volume":2000,"label":" ","price":4.08},{"type":"B","date":"2018-04-13T06:02:09.000Z","volume":2000,"label":" ","price":4.08},{"type":"B","date":"2018-04-13T06:02:29.000Z","volume":2000,"label":" ","price":4.08},{"type":"A","date":"2018-04-13T06:02:30.000Z","volume":2000,"label":" ","price":4.09},{"type":"A","date":"2018-04-13T06:02:54.000Z","volume":20000,"label":" ","price":4.09},{"type":"A","date":"2018-04-13T06:02:54.000Z","volume":2000,"label":" ","price":4.1},{"type":"B","date":"2018-04-13T06:02:58.000Z","volume":12000,"label":" ","price":4.08},{"type":"B","date":"2018-04-13T06:03:00.000Z","volume":4000,"label":" ","price":4.09},{"type":"B","date":"2018-04-13T06:03:09.000Z","volume":2000,"label":" ","price":4.09},{"type":"B","date":"2018-04-13T06:04:00.000Z","volume":2000,"label":" ","price":4.09},{"type":"B","date":"2018-04-13T06:04:05.000Z","volume":20000,"label":" ","price":4.09},{"type":"B","date":"2018-04-13T06:04:11.000Z","volume":2000,"label":" ","price":4.09},{"type":"B","date":"2018-04-13T06:04:30.000Z","volume":2000,"label":" ","price":4.09},{"type":"B","date":"2018-04-13T06:04:38.000Z","volume":8000,"label":" ","price":4.09},{"type":"B","date":"2018-04-13T06:05:09.000Z","volume":6000,"label":" ","price":4.09},{"type":"A","date":"2018-04-13T06:05:09.000Z","volume":2000,"label":" ","price":4.09},{"type":"A","date":"2018-04-13T06:05:14.000Z","volume":2000,"label":" ","price":4.09},{"type":"B","date":"2018-04-13T06:05:21.000Z","volume":2000,"label":" ","price":4.08},{"type":"B","date":"2018-04-13T06:05:31.000Z","volume":4000,"label":" ","price":4.08},{"type":"A","date":"2018-04-13T06:05:34.000Z","volume":2000,"label":" ","price":4.1},{"type":"B","date":"2018-04-13T06:06:02.000Z","volume":2000,"label":" ","price":4.09},{"type":"B","date":"2018-04-13T06:06:21.000Z","volume":2000,"label":" ","price":4.09},{"type":"A","date":"2018-04-13T06:06:23.000Z","volume":2000,"label":" ","price":4.1},{"type":"B","date":"2018-04-13T06:07:02.000Z","volume":2000,"label":" ","price":4.09},{"type":"B","date":"2018-04-13T06:07:21.000Z","volume":2000,"label":" ","price":4.09},{"type":"B","date":"2018-04-13T06:07:28.000Z","volume":2000,"label":" ","price":4.09},{"type":"B","date":"2018-04-13T06:07:32.000Z","volume":4000,"label":" ","price":4.08},{"type":"B","date":"2018-04-13T06:08:22.000Z","volume":2000,"label":" ","price":4.08},{"type":"B","date":"2018-04-13T06:08:33.000Z","volume":2000,"label":" ","price":4.08},{"type":"A","date":"2018-04-13T06:08:35.000Z","volume":2000,"label":" ","price":4.1},{"type":"B","date":"2018-04-13T06:09:03.000Z","volume":2000,"label":" ","price":4.09},{"type":"B","date":"2018-04-13T06:09:22.000Z","volume":2000,"label":" ","price":4.08},{"type":"A","date":"2018-04-13T06:09:41.000Z","volume":82000,"label":" ","price":4.1},{"type":"A","date":"2018-04-13T06:09:43.000Z","volume":28000,"label":" ","price":4.1},{"type":"B","date":"2018-04-13T06:10:00.000Z","volume":12000,"label":" ","price":4.09},{"type":"A","date":"2018-04-13T06:10:03.000Z","volume":4000,"label":" ","price":4.1},{"type":"B","date":"2018-04-13T06:10:08.000Z","volume":8000,"label":" ","price":4.08},{"type":"A","date":"2018-04-13T06:10:11.000Z","volume":4000,"label":" ","price":4.09},{"type":"B","date":"2018-04-13T06:10:22.000Z","volume":2000,"label":" ","price":4.08},{"type":"B","date":"2018-04-13T06:10:33.000Z","volume":2000,"label":" ","price":4.08},{"type":"A","date":"2018-04-13T06:10:40.000Z","volume":2000,"label":" ","price":4.09},{"type":"B","date":"2018-04-13T06:11:01.000Z","volume":12000,"label":" ","price":4.09},{"type":"A","date":"2018-04-13T06:11:03.000Z","volume":2000,"label":" ","price":4.1},{"type":"B","date":"2018-04-13T06:11:10.000Z","volume":4000,"label":" ","price":4.09},{"type":"B","date":"2018-04-13T06:11:23.000Z","volume":2000,"label":" ","price":4.08},{"type":"B","date":"2018-04-13T06:11:33.000Z","volume":2000,"label":" ","price":4.08},{"type":"A","date":"2018-04-13T06:11:41.000Z","volume":4000,"label":"Y","price":4.09},{"type":"A","date":"2018-04-13T06:11:41.000Z","volume":4000,"label":" ","price":4.09},{"type":"A","date":"2018-04-13T06:11:43.000Z","volume":4000,"label":" ","price":4.09},{"type":"B","date":"2018-04-13T06:12:01.000Z","volume":12000,"label":" ","price":4.08},{"type":"A","date":"2018-04-13T06:12:03.000Z","volume":4000,"label":" ","price":4.09},{"type":"B","date":"2018-04-13T06:12:04.000Z","volume":4000,"label":" ","price":4.08},{"type":"B","date":"2018-04-13T06:12:10.000Z","volume":8000,"label":" ","price":4.08},{"type":"A","date":"2018-04-13T06:12:12.000Z","volume":4000,"label":" ","price":4.09},{"type":"B","date":"2018-04-13T06:12:24.000Z","volume":2000,"label":" ","price":4.08},{"type":"A","date":"2018-04-13T06:12:40.000Z","volume":2000,"label":"Y","price":4.09},{"type":"B","date":"2018-04-13T06:13:05.000Z","volume":2000,"label":" ","price":4.08},{"type":"A","date":"2018-04-13T06:13:06.000Z","volume":2000,"label":" ","price":4.09},{"type":"B","date":"2018-04-13T06:13:24.000Z","volume":2000,"label":" ","price":4.08},{"type":"B","date":"2018-04-13T06:13:35.000Z","volume":2000,"label":" ","price":4.08},{"type":"A","date":"2018-04-13T06:13:40.000Z","volume":4000,"label":" ","price":4.09},{"type":"A","date":"2018-04-13T06:13:41.000Z","volume":2000,"label":" ","price":4.09},{"type":"B","date":"2018-04-13T06:14:24.000Z","volume":2000,"label":" ","price":4.08},{"type":"B","date":"2018-04-13T06:14:36.000Z","volume":4000,"label":" ","price":4.08},{"type":"A","date":"2018-04-13T06:14:37.000Z","volume":2000,"label":" ","price":4.09},{"type":"A","date":"2018-04-13T06:14:38.000Z","volume":2000,"label":" ","price":4.09},{"type":"B","date":"2018-04-13T06:15:06.000Z","volume":2000,"label":"Y","price":4.09},{"type":"B","date":"2018-04-13T06:15:10.000Z","volume":4000,"label":"Y","price":4.09},{"type":"B","date":"2018-04-13T06:15:10.000Z","volume":4000,"label":" ","price":4.09},{"type":"A","date":"2018-04-13T06:15:12.000Z","volume":2000,"label":" ","price":4.1},{"type":"A","date":"2018-04-13T06:15:14.000Z","volume":2000,"label":" ","price":4.1},{"type":"A","date":"2018-04-13T06:15:15.000Z","volume":2000,"label":" ","price":4.1},{"type":"B","date":"2018-04-13T06:15:25.000Z","volume":2000,"label":" ","price":4.08},{"type":"A","date":"2018-04-13T06:15:41.000Z","volume":52000,"label":" ","price":4.1},{"type":"A","date":"2018-04-13T06:15:43.000Z","volume":18000,"label":" ","price":4.1},{"type":"A","date":"2018-04-13T06:15:43.000Z","volume":6000,"label":" ","price":4.1},{"type":"A","date":"2018-04-13T06:15:43.000Z","volume":8000,"label":" ","price":4.1},{"type":"A","date":"2018-04-13T06:15:45.000Z","volume":6000,"label":" ","price":4.1},{"type":"A","date":"2018-04-13T06:15:46.000Z","volume":8000,"label":" ","price":4.1},{"type":"B","date":"2018-04-13T06:15:46.000Z","volume":4000,"label":" ","price":4.09},{"type":"A","date":"2018-04-13T06:15:47.000Z","volume":2000,"label":" ","price":4.1},{"type":"B","date":"2018-04-13T06:16:02.000Z","volume":4000,"label":" ","price":4.09},{"type":"B","date":"2018-04-13T06:16:06.000Z","volume":2000,"label":" ","price":4.08},{"type":"B","date":"2018-04-13T06:16:11.000Z","volume":8000,"label":" ","price":4.08},{"type":"A","date":"2018-04-13T06:16:11.000Z","volume":2000,"label":" ","price":4.09},{"type":"A","date":"2018-04-13T06:16:13.000Z","volume":4000,"label":" ","price":4.09},{"type":"A","date":"2018-04-13T06:16:13.000Z","volume":4000,"label":" ","price":4.09},{"type":"B","date":"2018-04-13T06:16:25.000Z","volume":2000,"label":" ","price":4.08},{"type":"A","date":"2018-04-13T06:16:27.000Z","volume":2000,"label":" ","price":4.09},{"type":"B","date":"2018-04-13T06:16:36.000Z","volume":4000,"label":" ","price":4.08},{"type":"A","date":"2018-04-13T06:16:41.000Z","volume":8000,"label":" ","price":4.09},{"type":"A","date":"2018-04-13T06:16:41.000Z","volume":4000,"label":" ","price":4.09},{"type":"A","date":"2018-04-13T06:16:43.000Z","volume":4000,"label":" ","price":4.09},{"type":"B","date":"2018-04-13T06:17:03.000Z","volume":4000,"label":" ","price":4.09},{"type":"B","date":"2018-04-13T06:17:12.000Z","volume":8000,"label":" ","price":4.08},{"type":"A","date":"2018-04-13T06:17:14.000Z","volume":2000,"label":" ","price":4.09},{"type":"B","date":"2018-04-13T06:17:26.000Z","volume":2000,"label":" ","price":4.08},{"type":"A","date":"2018-04-13T06:17:26.000Z","volume":6000,"label":" ","price":4.09},{"type":"A","date":"2018-04-13T06:17:29.000Z","volume":4000,"label":" ","price":4.09},{"type":"B","date":"2018-04-13T06:17:36.000Z","volume":2000,"label":" ","price":4.08},{"type":"A","date":"2018-04-13T06:17:41.000Z","volume":16000,"label":" ","price":4.1},{"type":"A","date":"2018-04-13T06:17:41.000Z","volume":2000,"label":" ","price":4.1},{"type":"A","date":"2018-04-13T06:17:43.000Z","volume":6000,"label":" ","price":4.1},{"type":"A","date":"2018-04-13T06:17:45.000Z","volume":2000,"label":"Y","price":4.1},{"type":"B","date":"2018-04-13T06:18:03.000Z","volume":8000,"label":" ","price":4.09},{"type":"B","date":"2018-04-13T06:18:12.000Z","volume":8000,"label":" ","price":4.08},{"type":"A","date":"2018-04-13T06:18:14.000Z","volume":4000,"label":" ","price":4.09},{"type":"B","date":"2018-04-13T06:18:26.000Z","volume":2000,"label":" ","price":4.08},{"type":"B","date":"2018-04-13T06:18:50.000Z","volume":6000,"label":" ","price":4.09},{"type":"A","date":"2018-04-13T06:18:52.000Z","volume":2000,"label":" ","price":4.1},{"type":"B","date":"2018-04-13T06:19:08.000Z","volume":2000,"label":" ","price":4.09},{"type":"B","date":"2018-04-13T06:19:12.000Z","volume":8000,"label":" ","price":4.08},{"type":"B","date":"2018-04-13T06:19:38.000Z","volume":2000,"label":" ","price":4.08},{"type":"A","date":"2018-04-13T06:19:40.000Z","volume":4000,"label":" ","price":4.09},{"type":"A","date":"2018-04-13T06:19:41.000Z","volume":2000,"label":" ","price":4.09},{"type":"B","date":"2018-04-13T06:19:46.000Z","volume":2000,"label":" ","price":4.08},{"type":"B","date":"2018-04-13T06:20:39.000Z","volume":2000,"label":" ","price":4.08},{"type":"A","date":"2018-04-13T06:20:40.000Z","volume":2000,"label":" ","price":4.09},{"type":"A","date":"2018-04-13T06:20:40.000Z","volume":4000,"label":" ","price":4.1},{"type":"B","date":"2018-04-13T06:20:47.000Z","volume":2000,"label":" ","price":4.08},{"type":"B","date":"2018-04-13T06:21:09.000Z","volume":4000,"label":" ","price":4.08},{"type":"A","date":"2018-04-13T06:21:33.000Z","volume":2000,"label":" ","price":4.09},{"type":"A","date":"2018-04-13T06:21:41.000Z","volume":6000,"label":" ","price":4.09},{"type":"A","date":"2018-04-13T06:21:43.000Z","volume":4000,"label":" ","price":4.09},{"type":"B","date":"2018-04-13T06:21:47.000Z","volume":2000,"label":" ","price":4.08},{"type":"A","date":"2018-04-13T06:21:47.000Z","volume":4000,"label":" ","price":4.09},{"type":"B","date":"2018-04-13T06:21:53.000Z","volume":8000,"label":" ","price":4.08},{"type":"A","date":"2018-04-13T06:21:55.000Z","volume":4000,"label":" ","price":4.09},{"type":"B","date":"2018-04-13T06:22:09.000Z","volume":2000,"label":" ","price":4.08},{"type":"A","date":"2018-04-13T06:22:09.000Z","volume":2000,"label":"Y","price":4.1},{"type":"B","date":"2018-04-13T06:22:39.000Z","volume":2000,"label":" ","price":4.08},{"type":"A","date":"2018-04-13T06:22:41.000Z","volume":2000,"label":" ","price":4.09},{"type":"A","date":"2018-04-13T06:22:42.000Z","volume":2000,"label":" ","price":4.09},{"type":"B","date":"2018-04-13T06:22:48.000Z","volume":2000,"label":" ","price":4.08},{"type":"B","date":"2018-04-13T06:23:40.000Z","volume":4000,"label":" ","price":4.08},{"type":"A","date":"2018-04-13T06:23:41.000Z","volume":6000,"label":" ","price":4.09},{"type":"A","date":"2018-04-13T06:23:41.000Z","volume":2000,"label":" ","price":4.09},{"type":"B","date":"2018-04-13T06:23:48.000Z","volume":2000,"label":" ","price":4.08},{"type":"B","date":"2018-04-13T06:24:10.000Z","volume":2000,"label":" ","price":4.08},{"type":"A","date":"2018-04-13T06:24:10.000Z","volume":2000,"label":" ","price":4.09},{"type":"B","date":"2018-04-13T06:24:25.000Z","volume":8000,"label":" ","price":4.08},{"type":"A","date":"2018-04-13T06:24:25.000Z","volume":2000,"label":" ","price":4.09},{"type":"A","date":"2018-04-13T06:24:41.000Z","volume":2000,"label":" ","price":4.09},{"type":"A","date":"2018-04-13T06:24:41.000Z","volume":2000,"label":" ","price":4.09},{"type":"B","date":"2018-04-13T06:24:49.000Z","volume":2000,"label":" ","price":4.08},{"type":"B","date":"2018-04-13T06:24:50.000Z","volume":2000,"label":" ","price":4.09},{"type":"B","date":"2018-04-13T06:25:11.000Z","volume":2000,"label":" ","price":4.08},{"type":"A","date":"2018-04-13T06:25:41.000Z","volume":6000,"label":" ","price":4.09},{"type":"A","date":"2018-04-13T06:25:41.000Z","volume":2000,"label":" ","price":4.09},{"type":"B","date":"2018-04-13T06:25:42.000Z","volume":4000,"label":" ","price":4.08},{"type":"A","date":"2018-04-13T06:25:43.000Z","volume":4000,"label":" ","price":4.09},{"type":"B","date":"2018-04-13T06:25:49.000Z","volume":2000,"label":" ","price":4.08},{"type":"A","date":"2018-04-13T06:25:49.000Z","volume":2000,"label":"Y","price":4.1},{"type":"A","date":"2018-04-13T06:25:49.000Z","volume":4000,"label":" ","price":4.1},{"type":"A","date":"2018-04-13T06:25:52.000Z","volume":4000,"label":" ","price":4.1},{"type":"B","date":"2018-04-13T06:25:55.000Z","volume":8000,"label":" ","price":4.08},{"type":"A","date":"2018-04-13T06:25:57.000Z","volume":2000,"label":" ","price":4.1},{"type":"B","date":"2018-04-13T06:26:10.000Z","volume":4000,"label":" ","price":4.09},{"type":"A","date":"2018-04-13T06:26:41.000Z","volume":10000,"label":"Y","price":4.1},{"type":"A","date":"2018-04-13T06:26:41.000Z","volume":4000,"label":" ","price":4.1},{"type":"B","date":"2018-04-13T06:26:42.000Z","volume":2000,"label":" ","price":4.08},{"type":"A","date":"2018-04-13T06:26:43.000Z","volume":6000,"label":" ","price":4.1},{"type":"A","date":"2018-04-13T06:26:43.000Z","volume":2000,"label":"Y","price":4.1},{"type":"A","date":"2018-04-13T06:26:43.000Z","volume":4000,"label":" ","price":4.1},{"type":"A","date":"2018-04-13T06:26:45.000Z","volume":2000,"label":" ","price":4.1},{"type":"B","date":"2018-04-13T06:26:45.000Z","volume":2000,"label":" ","price":4.09},{"type":"B","date":"2018-04-13T06:26:45.000Z","volume":10000,"label":" ","price":4.08},{"type":"A","date":"2018-04-13T06:26:47.000Z","volume":4000,"label":" ","price":4.1},{"type":"B","date":"2018-04-13T06:26:49.000Z","volume":2000,"label":" ","price":4.09},{"type":"B","date":"2018-04-13T06:26:55.000Z","volume":2000,"label":" ","price":4.09},{"type":"A","date":"2018-04-13T06:26:55.000Z","volume":2000,"label":" ","price":4.09},{"type":"A","date":"2018-04-13T06:26:55.000Z","volume":4000,"label":" ","price":4.09},{"type":"B","date":"2018-04-13T06:26:56.000Z","volume":4000,"label":" ","price":4.1},{"type":"B","date":"2018-04-13T06:27:12.000Z","volume":2000,"label":" ","price":4.08},{"type":"B","date":"2018-04-13T06:27:49.000Z","volume":2000,"label":" ","price":4.08},{"type":"B","date":"2018-04-13T06:28:13.000Z","volume":4000,"label":" ","price":4.08},{"type":"A","date":"2018-04-13T06:28:13.000Z","volume":4000,"label":" ","price":4.1},{"type":"A","date":"2018-04-13T06:28:15.000Z","volume":4000,"label":" ","price":4.1},{"type":"A","date":"2018-04-13T06:28:41.000Z","volume":16000,"label":" ","price":4.1},{"type":"A","date":"2018-04-13T06:28:42.000Z","volume":2000,"label":" ","price":4.1},{"type":"A","date":"2018-04-13T06:28:42.000Z","volume":4000,"label":" ","price":4.1},{"type":"B","date":"2018-04-13T06:28:43.000Z","volume":2000,"label":" ","price":4.09},{"type":"A","date":"2018-04-13T06:28:44.000Z","volume":6000,"label":" ","price":4.1},{"type":"A","date":"2018-04-13T06:28:44.000Z","volume":2000,"label":" ","price":4.1},{"type":"A","date":"2018-04-13T06:28:45.000Z","volume":2000,"label":" ","price":4.1},{"type":"B","date":"2018-04-13T06:28:50.000Z","volume":2000,"label":" ","price":4.09},{"type":"B","date":"2018-04-13T06:29:15.000Z","volume":12000,"label":" ","price":4.09},{"type":"B","date":"2018-04-13T06:29:25.000Z","volume":8000,"label":" ","price":4.08},{"type":"A","date":"2018-04-13T06:29:28.000Z","volume":2000,"label":" ","price":4.1},{"type":"A","date":"2018-04-13T06:29:41.000Z","volume":10000,"label":" ","price":4.1},{"type":"B","date":"2018-04-13T06:29:41.000Z","volume":2000,"label":" ","price":4.09},{"type":"A","date":"2018-04-13T06:29:41.000Z","volume":6000,"label":"Y","price":4.1},{"type":"A","date":"2018-04-13T06:29:42.000Z","volume":2000,"label":" ","price":4.1},{"type":"B","date":"2018-04-13T06:29:43.000Z","volume":2000,"label":"Y","price":4.1},{"type":"B","date":"2018-04-13T06:29:44.000Z","volume":6000,"label":" ","price":4.1},{"type":"A","date":"2018-04-13T06:29:44.000Z","volume":10000,"label":" ","price":4.11},{"type":"A","date":"2018-04-13T06:29:44.000Z","volume":4000,"label":" ","price":4.11},{"type":"B","date":"2018-04-13T06:29:47.000Z","volume":4000,"label":" ","price":4.1},{"type":"B","date":"2018-04-13T06:29:48.000Z","volume":50000,"label":" ","price":4.1},{"type":"B","date":"2018-04-13T06:29:49.000Z","volume":6000,"label":" ","price":4.1},{"type":"A","date":"2018-04-13T06:29:49.000Z","volume":2000,"label":" ","price":4.11},{"type":"A","date":"2018-04-13T06:29:51.000Z","volume":12000,"label":" ","price":4.11},{"type":"B","date":"2018-04-13T06:29:51.000Z","volume":2000,"label":" ","price":4.1},{"type":"B","date":"2018-04-13T06:29:51.000Z","volume":6000,"label":" ","price":4.1},{"type":"B","date":"2018-04-13T06:29:54.000Z","volume":4000,"label":" ","price":4.1},{"type":"B","date":"2018-04-13T06:30:13.000Z","volume":2000,"label":" ","price":4.09},{"type":"A","date":"2018-04-13T06:30:18.000Z","volume":4000,"label":" ","price":4.09},{"type":"A","date":"2018-04-13T06:30:22.000Z","volume":10000,"label":" ","price":4.09},{"type":"A","date":"2018-04-13T06:30:25.000Z","volume":4000,"label":" ","price":4.11},{"type":"B","date":"2018-04-13T06:30:27.000Z","volume":2000,"label":" ","price":4.1},{"type":"B","date":"2018-04-13T06:30:27.000Z","volume":6000,"label":" ","price":4.08},{"type":"A","date":"2018-04-13T06:30:30.000Z","volume":2000,"label":" ","price":4.1},{"type":"A","date":"2018-04-13T06:30:41.000Z","volume":4000,"label":" ","price":4.1},{"type":"B","date":"2018-04-13T06:30:51.000Z","volume":2000,"label":"Y","price":4.09},{"type":"A","date":"2018-04-13T06:30:53.000Z","volume":2000,"label":" ","price":4.1},{"type":"A","date":"2018-04-13T06:30:53.000Z","volume":6000,"label":" ","price":4.1},{"type":"A","date":"2018-04-13T06:30:55.000Z","volume":2000,"label":" ","price":4.1},{"type":"B","date":"2018-04-13T06:31:14.000Z","volume":2000,"label":"Y","price":4.09},{"type":"B","date":"2018-04-13T06:31:17.000Z","volume":12000,"label":"Y","price":4.09},{"type":"A","date":"2018-04-13T06:31:19.000Z","volume":4000,"label":" ","price":4.1},{"type":"A","date":"2018-04-13T06:31:19.000Z","volume":6000,"label":" ","price":4.1},{"type":"A","date":"2018-04-13T06:31:21.000Z","volume":2000,"label":" ","price":4.1},{"type":"B","date":"2018-04-13T06:31:27.000Z","volume":8000,"label":"Y","price":4.09},{"type":"A","date":"2018-04-13T06:31:29.000Z","volume":4000,"label":" ","price":4.1},{"type":"A","date":"2018-04-13T06:31:41.000Z","volume":20000,"label":" ","price":4.1},{"type":"A","date":"2018-04-13T06:31:41.000Z","volume":6000,"label":" ","price":4.1},{"type":"A","date":"2018-04-13T06:31:43.000Z","volume":8000,"label":" ","price":4.1},{"type":"B","date":"2018-04-13T06:31:45.000Z","volume":2000,"label":"Y","price":4.09},{"type":"B","date":"2018-04-13T06:31:52.000Z","volume":2000,"label":"Y","price":4.09},{"type":"A","date":"2018-04-13T06:31:52.000Z","volume":6000,"label":" ","price":4.1},{"type":"A","date":"2018-04-13T06:31:54.000Z","volume":4000,"label":" ","price":4.1},{"type":"B","date":"2018-04-13T06:32:17.000Z","volume":12000,"label":"Y","price":4.09},{"type":"A","date":"2018-04-13T06:32:19.000Z","volume":4000,"label":" ","price":4.1},{"type":"A","date":"2018-04-13T06:32:19.000Z","volume":6000,"label":" ","price":4.11},{"type":"B","date":"2018-04-13T06:32:27.000Z","volume":8000,"label":"Y","price":4.09},{"type":"A","date":"2018-04-13T06:32:29.000Z","volume":2000,"label":" ","price":4.1},{"type":"A","date":"2018-04-13T06:32:41.000Z","volume":18000,"label":" ","price":4.11},{"type":"B","date":"2018-04-13T06:32:42.000Z","volume":6000,"label":" ","price":4.1},{"type":"A","date":"2018-04-13T06:32:42.000Z","volume":6000,"label":" ","price":4.11},{"type":"A","date":"2018-04-13T06:32:43.000Z","volume":6000,"label":" ","price":4.11},{"type":"A","date":"2018-04-13T06:32:44.000Z","volume":4000,"label":" ","price":4.11},{"type":"B","date":"2018-04-13T06:32:45.000Z","volume":4000,"label":" ","price":4.1},{"type":"B","date":"2018-04-13T06:32:45.000Z","volume":4000,"label":" ","price":4.1},{"type":"B","date":"2018-04-13T06:32:52.000Z","volume":2000,"label":"Y","price":4.09},{"type":"B","date":"2018-04-13T06:33:15.000Z","volume":2000,"label":" ","price":4.09},{"type":"B","date":"2018-04-13T06:33:17.000Z","volume":12000,"label":" ","price":4.09},{"type":"A","date":"2018-04-13T06:33:17.000Z","volume":6000,"label":" ","price":4.11},{"type":"B","date":"2018-04-13T06:33:27.000Z","volume":8000,"label":" ","price":4.09},{"type":"A","date":"2018-04-13T06:33:27.000Z","volume":6000,"label":" ","price":4.11},{"type":"A","date":"2018-04-13T06:33:30.000Z","volume":4000,"label":" ","price":4.11},{"type":"B","date":"2018-04-13T06:33:31.000Z","volume":2000,"label":" ","price":4.1},{"type":"A","date":"2018-04-13T06:33:31.000Z","volume":2000,"label":" ","price":4.1},{"type":"A","date":"2018-04-13T06:33:41.000Z","volume":2000,"label":" ","price":4.11},{"type":"B","date":"2018-04-13T06:33:52.000Z","volume":2000,"label":" ","price":4.09},{"type":"A","date":"2018-04-13T06:33:54.000Z","volume":2000,"label":" ","price":4.11},{"type":"B","date":"2018-04-13T06:34:16.000Z","volume":2000,"label":" ","price":4.1},{"type":"B","date":"2018-04-13T06:34:18.000Z","volume":12000,"label":" ","price":4.09},{"type":"A","date":"2018-04-13T06:34:20.000Z","volume":2000,"label":" ","price":4.11},{"type":"B","date":"2018-04-13T06:34:20.000Z","volume":2000,"label":" ","price":4.1},{"type":"B","date":"2018-04-13T06:34:28.000Z","volume":2000,"label":" ","price":4.1},{"type":"A","date":"2018-04-13T06:34:35.000Z","volume":6000,"label":"Y","price":4.1},{"type":"A","date":"2018-04-13T06:34:38.000Z","volume":4000,"label":" ","price":4.11},{"type":"B","date":"2018-04-13T06:34:39.000Z","volume":4000,"label":" ","price":4.1},{"type":"A","date":"2018-04-13T06:34:39.000Z","volume":4000,"label":" ","price":4.11},{"type":"A","date":"2018-04-13T06:34:41.000Z","volume":2000,"label":" ","price":4.11},{"type":"A","date":"2018-04-13T06:34:42.000Z","volume":10000,"label":" ","price":4.11},{"type":"A","date":"2018-04-13T06:34:44.000Z","volume":4000,"label":" ","price":4.12},{"type":"B","date":"2018-04-13T06:34:45.000Z","volume":4000,"label":" ","price":4.11},{"type":"B","date":"2018-04-13T06:34:46.000Z","volume":4000,"label":"Y","price":4.1},{"type":"A","date":"2018-04-13T06:34:48.000Z","volume":2000,"label":" ","price":4.12},{"type":"B","date":"2018-04-13T06:34:52.000Z","volume":2000,"label":" ","price":4.11},{"type":"B","date":"2018-04-13T06:34:54.000Z","volume":2000,"label":" ","price":4.11},{"type":"B","date":"2018-04-13T06:35:18.000Z","volume":4000,"label":" ","price":4.11},{"type":"B","date":"2018-04-13T06:35:28.000Z","volume":8000,"label":"Y","price":4.1},{"type":"A","date":"2018-04-13T06:35:30.000Z","volume":2000,"label":" ","price":4.11},{"type":"A","date":"2018-04-13T06:35:30.000Z","volume":4000,"label":" ","price":4.11},{"type":"B","date":"2018-04-13T06:35:30.000Z","volume":4000,"label":" ","price":4.1},{"type":"A","date":"2018-04-13T06:35:32.000Z","volume":2000,"label":" ","price":4.11},{"type":"A","date":"2018-04-13T06:35:41.000Z","volume":20000,"label":"Y","price":4.12},{"type":"A","date":"2018-04-13T06:35:41.000Z","volume":26000,"label":" ","price":4.12},{"type":"A","date":"2018-04-13T06:35:42.000Z","volume":14000,"label":" ","price":4.12},{"type":"B","date":"2018-04-13T06:35:43.000Z","volume":6000,"label":" ","price":4.11},{"type":"A","date":"2018-04-13T06:35:43.000Z","volume":2000,"label":" ","price":4.11},{"type":"A","date":"2018-04-13T06:35:45.000Z","volume":2000,"label":" ","price":4.12},{"type":"A","date":"2018-04-13T06:35:45.000Z","volume":8000,"label":" ","price":4.12},{"type":"B","date":"2018-04-13T06:35:46.000Z","volume":8000,"label":" ","price":4.11},{"type":"B","date":"2018-04-13T06:35:47.000Z","volume":2000,"label":" ","price":4.11},{"type":"A","date":"2018-04-13T06:35:47.000Z","volume":2000,"label":" ","price":4.12},{"type":"B","date":"2018-04-13T06:35:48.000Z","volume":4000,"label":" ","price":4.11},{"type":"B","date":"2018-04-13T06:35:54.000Z","volume":2000,"label":" ","price":4.11},{"type":"A","date":"2018-04-13T06:36:07.000Z","volume":22000,"label":" ","price":4.12},{"type":"A","date":"2018-04-13T06:36:09.000Z","volume":6000,"label":" ","price":4.13},{"type":"B","date":"2018-04-13T06:36:10.000Z","volume":8000,"label":" ","price":4.12},{"type":"A","date":"2018-04-13T06:36:12.000Z","volume":2000,"label":" ","price":4.13},{"type":"B","date":"2018-04-13T06:36:17.000Z","volume":2000,"label":" ","price":4.12},{"type":"B","date":"2018-04-13T06:36:19.000Z","volume":12000,"label":" ","price":4.12},{"type":"B","date":"2018-04-13T06:36:20.000Z","volume":4000,"label":" ","price":4.12},{"type":"A","date":"2018-04-13T06:36:23.000Z","volume":4000,"label":" ","price":4.13},{"type":"B","date":"2018-04-13T06:36:27.000Z","volume":4000,"label":" ","price":4.12},{"type":"B","date":"2018-04-13T06:36:28.000Z","volume":4000,"label":" ","price":4.12},{"type":"B","date":"2018-04-13T06:36:29.000Z","volume":8000,"label":" ","price":4.12},{"type":"A","date":"2018-04-13T06:36:31.000Z","volume":2000,"label":" ","price":4.13},{"type":"A","date":"2018-04-13T06:36:31.000Z","volume":4000,"label":" ","price":4.13},{"type":"B","date":"2018-04-13T06:36:32.000Z","volume":6000,"label":" ","price":4.11},{"type":"A","date":"2018-04-13T06:36:33.000Z","volume":2000,"label":" ","price":4.13},{"type":"A","date":"2018-04-13T06:36:33.000Z","volume":4000,"label":" ","price":4.13},{"type":"A","date":"2018-04-13T06:36:35.000Z","volume":4000,"label":" ","price":4.13},{"type":"B","date":"2018-04-13T06:36:35.000Z","volume":2000,"label":" ","price":4.11},{"type":"A","date":"2018-04-13T06:36:41.000Z","volume":6000,"label":" ","price":4.13},{"type":"A","date":"2018-04-13T06:36:44.000Z","volume":2000,"label":" ","price":4.13},{"type":"B","date":"2018-04-13T06:36:47.000Z","volume":2000,"label":" ","price":4.12},{"type":"B","date":"2018-04-13T06:36:54.000Z","volume":2000,"label":" ","price":4.12},{"type":"B","date":"2018-04-13T06:37:17.000Z","volume":4000,"label":" ","price":4.12},{"type":"B","date":"2018-04-13T06:37:20.000Z","volume":4000,"label":" ","price":4.13},{"type":"B","date":"2018-04-13T06:37:20.000Z","volume":8000,"label":" ","price":4.12},{"type":"B","date":"2018-04-13T06:37:21.000Z","volume":4000,"label":" ","price":4.11},{"type":"B","date":"2018-04-13T06:37:30.000Z","volume":8000,"label":" ","price":4.12},{"type":"A","date":"2018-04-13T06:37:32.000Z","volume":2000,"label":" ","price":4.14},{"type":"B","date":"2018-04-13T06:37:32.000Z","volume":4000,"label":" ","price":4.13},{"type":"B","date":"2018-04-13T06:37:32.000Z","volume":4000,"label":" ","price":4.13},{"type":"A","date":"2018-04-13T06:37:41.000Z","volume":10000,"label":" ","price":4.13},{"type":"A","date":"2018-04-13T06:37:43.000Z","volume":4000,"label":" ","price":4.13},{"type":"B","date":"2018-04-13T06:37:44.000Z","volume":4000,"label":" ","price":4.12},{"type":"B","date":"2018-04-13T06:37:48.000Z","volume":2000,"label":" ","price":4.12},{"type":"B","date":"2018-04-13T06:37:49.000Z","volume":4000,"label":" ","price":4.13},{"type":"B","date":"2018-04-13T06:37:54.000Z","volume":2000,"label":" ","price":4.11},{"type":"B","date":"2018-04-13T06:38:18.000Z","volume":8000,"label":" ","price":4.11},{"type":"B","date":"2018-04-13T06:38:19.000Z","volume":4000,"label":" ","price":4.11},{"type":"B","date":"2018-04-13T06:38:20.000Z","volume":12000,"label":" ","price":4.12},{"type":"B","date":"2018-04-13T06:38:22.000Z","volume":2000,"label":" ","price":4.12},{"type":"A","date":"2018-04-13T06:38:22.000Z","volume":6000,"label":" ","price":4.13},{"type":"A","date":"2018-04-13T06:38:22.000Z","volume":4000,"label":" ","price":4.13},{"type":"B","date":"2018-04-13T06:38:24.000Z","volume":4000,"label":" ","price":4.12},{"type":"A","date":"2018-04-13T06:38:24.000Z","volume":4000,"label":" ","price":4.13},{"type":"B","date":"2018-04-13T06:38:27.000Z","volume":4000,"label":" ","price":4.13},{"type":"B","date":"2018-04-13T06:38:35.000Z","volume":20000,"label":" ","price":4.12},{"type":"B","date":"2018-04-13T06:38:35.000Z","volume":6000,"label":" ","price":4.12},{"type":"A","date":"2018-04-13T06:38:37.000Z","volume":4000,"label":" ","price":4.13},{"type":"A","date":"2018-04-13T06:38:41.000Z","volume":4000,"label":"Y","price":4.13},{"type":"A","date":"2018-04-13T06:38:41.000Z","volume":6000,"label":" ","price":4.13},{"type":"A","date":"2018-04-13T06:38:41.000Z","volume":6000,"label":" ","price":4.13},{"type":"A","date":"2018-04-13T06:38:43.000Z","volume":2000,"label":" ","price":4.13},{"type":"A","date":"2018-04-13T06:38:43.000Z","volume":4000,"label":" ","price":4.13},{"type":"B","date":"2018-04-13T06:38:43.000Z","volume":2000,"label":" ","price":4.12},{"type":"B","date":"2018-04-13T06:38:49.000Z","volume":2000,"label":" ","price":4.11},{"type":"B","date":"2018-04-13T06:38:55.000Z","volume":2000,"label":" ","price":4.11},{"type":"B","date":"2018-04-13T06:39:19.000Z","volume":4000,"label":" ","price":4.11},{"type":"B","date":"2018-04-13T06:39:20.000Z","volume":12000,"label":" ","price":4.11},{"type":"B","date":"2018-04-13T06:39:21.000Z","volume":4000,"label":" ","price":4.11},{"type":"A","date":"2018-04-13T06:39:21.000Z","volume":2000,"label":"Y","price":4.13},{"type":"A","date":"2018-04-13T06:39:22.000Z","volume":2000,"label":"Y","price":4.13},{"type":"A","date":"2018-04-13T06:39:23.000Z","volume":8000,"label":" ","price":4.14},{"type":"B","date":"2018-04-13T06:39:23.000Z","volume":14000,"label":" ","price":4.13},{"type":"B","date":"2018-04-13T06:39:25.000Z","volume":4000,"label":" ","price":4.11},{"type":"B","date":"2018-04-13T06:39:25.000Z","volume":4000,"label":" ","price":4.11},{"type":"B","date":"2018-04-13T06:39:30.000Z","volume":8000,"label":" ","price":4.11},{"type":"U","date":"2018-04-13T06:39:32.000Z","volume":4000,"label":" ","price":4.13},{"type":"B","date":"2018-04-13T06:39:36.000Z","volume":2000,"label":" ","price":4.1},{"type":"A","date":"2018-04-13T06:39:41.000Z","volume":6000,"label":" ","price":4.13},{"type":"A","date":"2018-04-13T06:39:41.000Z","volume":4000,"label":"Y","price":4.13},{"type":"B","date":"2018-04-13T06:39:42.000Z","volume":2000,"label":" ","price":4.1},{"type":"A","date":"2018-04-13T06:39:43.000Z","volume":2000,"label":" ","price":4.13},{"type":"B","date":"2018-04-13T06:39:47.000Z","volume":6000,"label":" ","price":4.13},{"type":"B","date":"2018-04-13T06:39:50.000Z","volume":2000,"label":" ","price":4.12},{"type":"B","date":"2018-04-13T06:39:55.000Z","volume":2000,"label":" ","price":4.12},{"type":"B","date":"2018-04-13T06:40:19.000Z","volume":2000,"label":" ","price":4.11},{"type":"B","date":"2018-04-13T06:40:20.000Z","volume":12000,"label":" ","price":4.11},{"type":"B","date":"2018-04-13T06:40:22.000Z","volume":4000,"label":" ","price":4.11},{"type":"B","date":"2018-04-13T06:40:30.000Z","volume":8000,"label":" ","price":4.11},{"type":"B","date":"2018-04-13T06:40:32.000Z","volume":2000,"label":" ","price":4.11},{"type":"A","date":"2018-04-13T06:40:34.000Z","volume":4000,"label":" ","price":4.13},{"type":"A","date":"2018-04-13T06:40:42.000Z","volume":2000,"label":"Y","price":4.13},{"type":"A","date":"2018-04-13T06:40:42.000Z","volume":14000,"label":" ","price":4.13},{"type":"B","date":"2018-04-13T06:40:43.000Z","volume":6000,"label":" ","price":4.12},{"type":"A","date":"2018-04-13T06:40:43.000Z","volume":8000,"label":" ","price":4.13}