[{"type":"A","date":"2018-03-29T02:12:04.000Z","volume":7200,"label":" ","price":8.25},{"type":"A","date":"2018-03-29T02:37:51.000Z","volume":400,"label":"Y","price":8.23},{"type":"A","date":"2018-03-29T02:54:09.000Z","volume":1000,"label":" ","price":8.22},{"type":"B","date":"2018-03-29T02:55:56.000Z","volume":2000,"label":" ","price":8.18},{"type":"B","date":"2018-03-29T02:56:08.000Z","volume":5000,"label":" ","price":8.17},{"type":"B","date":"2018-03-29T02:57:02.000Z","volume":2000,"label":" ","price":8.16},{"type":"B","date":"2018-03-29T02:57:14.000Z","volume":14800,"label":" ","price":8.13},{"type":"B","date":"2018-03-29T05:54:52.000Z","volume":1600,"label":" ","price":8.16},{"type":"B","date":"2018-03-29T05:58:13.000Z","volume":200,"label":" ","price":8.16},{"type":"B","date":"2018-03-29T05:58:13.000Z","volume":6600,"label":" ","price":8.15},{"type":"B","date":"2018-03-29T05:58:29.000Z","volume":1600,"label":" ","price":8.14},{"type":"A","date":"2018-03-29T06:08:49.000Z","volume":200,"label":" ","price":8.21},{"type":"A","date":"2018-03-29T06:13:35.000Z","volume":1400,"label":" ","price":8.21},{"type":"B","date":"2018-03-29T06:20:09.000Z","volume":1400,"label":"Y","price":8.15},{"type":"B","date":"2018-03-29T06:21:29.000Z","volume":5400,"label":" ","price":8.15},{"type":"B","date":"2018-03-29T06:22:01.000Z","volume":6400,"label":" ","price":8.14},{"type":"B","date":"2018-03-29T06:48:45.000Z","volume":7000,"label":" ","price":8.15},{"type":"A","date":"2018-03-29T07:15:51.000Z","volume":1000,"label":" ","price":8.24},{"type":"B","date":"2018-03-29T07:42:44.000Z","volume":1800,"label":" ","price":8.19},{"type":"A","date":"2018-03-29T07:50:04.000Z","volume":200,"label":" ","price":8.24},{"type":"A","date":"2018-03-29T07:53:28.000Z","volume":1000,"label":" ","price":8.24},{"type":"A","date":"2018-03-29T07:54:57.000Z","volume":200,"label":" ","price":8.2},{"type":"A","date":"2018-03-29T07:55:52.000Z","volume":1800,"label":" ","price":8.2},{"type":"A","date":"2018-03-29T07:55:52.000Z","volume":200,"label":" ","price":8.24},{"type":"B","date":"2018-03-29T07:58:24.000Z","volume":7600,"label":" ","price":8.15},{"type":"U","date":"2018-03-29T08:08:11.000Z","volume":1000,"label":"U","price":8.24}]