[{"type":"A","date":"2018-03-26T01:30:04.000Z","volume":1000,"label":" ","price":2.2},{"type":"A","date":"2018-03-26T02:08:31.000Z","volume":20000,"label":" ","price":2.19},{"type":"A","date":"2018-03-26T02:08:34.000Z","volume":1000,"label":" ","price":2.19},{"type":"A","date":"2018-03-26T02:19:04.000Z","volume":1000,"label":" ","price":2.19},{"type":"A","date":"2018-03-26T02:19:48.000Z","volume":3000,"label":" ","price":2.19},{"type":"B","date":"2018-03-26T02:22:54.000Z","volume":9000,"label":" ","price":2.19},{"type":"A","date":"2018-03-26T02:24:08.000Z","volume":1000,"label":" ","price":2.19},{"type":"A","date":"2018-03-26T02:36:26.000Z","volume":3000,"label":" ","price":2.19},{"type":"A","date":"2018-03-26T02:37:27.000Z","volume":6000,"label":" ","price":2.19},{"type":"A","date":"2018-03-26T02:43:06.000Z","volume":20000,"label":" ","price":2.19},{"type":"A","date":"2018-03-26T02:45:48.000Z","volume":10000,"label":" ","price":2.19},{"type":"A","date":"2018-03-26T02:46:34.000Z","volume":1000,"label":" ","price":2.19},{"type":"A","date":"2018-03-26T02:49:01.000Z","volume":6000,"label":" ","price":2.19},{"type":"A","date":"2018-03-26T02:49:06.000Z","volume":1000,"label":" ","price":2.19},{"type":"B","date":"2018-03-26T03:05:35.000Z","volume":2000,"label":" ","price":2.18},{"type":"B","date":"2018-03-26T03:08:18.000Z","volume":1000,"label":" ","price":2.18},{"type":"B","date":"2018-03-26T03:10:10.000Z","volume":3000,"label":" ","price":2.18},{"type":"B","date":"2018-03-26T03:11:38.000Z","volume":10000,"label":" ","price":2.18},{"type":"B","date":"2018-03-26T03:12:03.000Z","volume":10000,"label":" ","price":2.18},{"type":"B","date":"2018-03-26T03:13:08.000Z","volume":5000,"label":" ","price":2.18},{"type":"B","date":"2018-03-26T03:14:07.000Z","volume":2000,"label":" ","price":2.18},{"type":"A","date":"2018-03-26T03:16:49.000Z","volume":1000,"label":" ","price":2.19},{"type":"B","date":"2018-03-26T03:20:12.000Z","volume":3000,"label":" ","price":2.18},{"type":"B","date":"2018-03-26T03:21:11.000Z","volume":7000,"label":" ","price":2.18},{"type":"A","date":"2018-03-26T03:33:56.000Z","volume":20000,"label":" ","price":2.19},{"type":"B","date":"2018-03-26T03:51:22.000Z","volume":3000,"label":" ","price":2.18},{"type":"A","date":"2018-03-26T05:00:12.000Z","volume":13000,"label":" ","price":2.18},{"type":"A","date":"2018-03-26T05:16:47.000Z","volume":1000,"label":" ","price":2.18},{"type":"A","date":"2018-03-26T05:20:51.000Z","volume":26000,"label":" ","price":2.18},{"type":"A","date":"2018-03-26T05:49:02.000Z","volume":1000,"label":" ","price":2.19},{"type":"A","date":"2018-03-26T06:04:29.000Z","volume":2000,"label":" ","price":2.19},{"type":"B","date":"2018-03-26T06:23:30.000Z","volume":10000,"label":" ","price":2.18},{"type":"A","date":"2018-03-26T06:23:47.000Z","volume":1000,"label":" ","price":2.19},{"type":"A","date":"2018-03-26T06:42:18.000Z","volume":4000,"label":" ","price":2.19},{"type":"A","date":"2018-03-26T06:43:24.000Z","volume":243000,"label":" ","price":2.19},{"type":"B","date":"2018-03-26T06:48:32.000Z","volume":50000,"label":" ","price":2.19},{"type":"A","date":"2018-03-26T07:01:27.000Z","volume":1000,"label":" ","price":2.2},{"type":"B","date":"2018-03-26T07:02:37.000Z","volume":7000,"label":" ","price":2.19},{"type":"A","date":"2018-03-26T07:10:24.000Z","volume":5000,"label":" ","price":2.19},{"type":"A","date":"2018-03-26T07:13:37.000Z","volume":30000,"label":" ","price":2.19},{"type":"A","date":"2018-03-26T07:21:23.000Z","volume":20000,"label":" ","price":2.19},{"type":"A","date":"2018-03-26T07:25:14.000Z","volume":3000,"label":" ","price":2.19},{"type":"A","date":"2018-03-26T07:26:00.000Z","volume":1000,"label":" ","price":2.19},{"type":"A","date":"2018-03-26T07:27:34.000Z","volume":1000,"label":" ","price":2.19},{"type":"A","date":"2018-03-26T07:35:41.000Z","volume":3000,"label":" ","price":2.19},{"type":"A","date":"2018-03-26T07:35:46.000Z","volume":10000,"label":" ","price":2.19},{"type":"A","date":"2018-03-26T07:36:40.000Z","volume":20000,"label":" ","price":2.19},{"type":"A","date":"2018-03-26T07:40:12.000Z","volume":1000,"label":" ","price":2.19},{"type":"A","date":"2018-03-26T07:53:46.000Z","volume":49000,"label":" ","price":2.19},{"type":"A","date":"2018-03-26T07:53:48.000Z","volume":10000,"label":" ","price":2.19},{"type":"A","date":"2018-03-26T07:55:00.000Z","volume":100000,"label":" ","price":2.19},{"type":"A","date":"2018-03-26T07:55:19.000Z","volume":41000,"label":" ","price":2.19},{"type":"A","date":"2018-03-26T07:58:59.000Z","volume":1000,"label":" ","price":2.2}]