[{"type":"A","date":"2018-04-06T01:31:48.000Z","volume":12000,"label":" ","price":5.8},{"type":"A","date":"2018-04-06T01:32:02.000Z","volume":4000,"label":" ","price":5.85},{"type":"A","date":"2018-04-06T01:32:09.000Z","volume":2000,"label":" ","price":5.85},{"type":"A","date":"2018-04-06T01:32:26.000Z","volume":6000,"label":" ","price":5.85},{"type":"A","date":"2018-04-06T01:32:39.000Z","volume":4000,"label":" ","price":5.88},{"type":"B","date":"2018-04-06T01:32:42.000Z","volume":36000,"label":" ","price":5.85},{"type":"A","date":"2018-04-06T01:32:42.000Z","volume":4000,"label":" ","price":5.88},{"type":"A","date":"2018-04-06T01:32:42.000Z","volume":4000,"label":" ","price":5.9},{"type":"U","date":"2018-04-06T01:32:56.000Z","volume":4000,"label":" ","price":5.85},{"type":"U","date":"2018-04-06T01:33:25.000Z","volume":8000,"label":" ","price":5.85},{"type":"A","date":"2018-04-06T01:35:08.000Z","volume":2000,"label":" ","price":5.79},{"type":"U","date":"2018-04-06T01:35:10.000Z","volume":2000,"label":" ","price":5.79},{"type":"A","date":"2018-04-06T01:35:10.000Z","volume":30000,"label":" ","price":5.8},{"type":"A","date":"2018-04-06T01:35:14.000Z","volume":10000,"label":" ","price":5.8},{"type":"A","date":"2018-04-06T01:35:28.000Z","volume":20000,"label":" ","price":5.8},{"type":"A","date":"2018-04-06T01:35:46.000Z","volume":4000,"label":" ","price":5.8},{"type":"A","date":"2018-04-06T01:35:59.000Z","volume":6000,"label":" ","price":5.8},{"type":"B","date":"2018-04-06T01:36:34.000Z","volume":10000,"label":" ","price":5.75},{"type":"A","date":"2018-04-06T01:37:36.000Z","volume":2000,"label":" ","price":5.79},{"type":"A","date":"2018-04-06T01:38:00.000Z","volume":10000,"label":" ","price":5.8},{"type":"A","date":"2018-04-06T01:38:31.000Z","volume":2000,"label":" ","price":5.8},{"type":"B","date":"2018-04-06T01:38:43.000Z","volume":2000,"label":" ","price":5.79},{"type":"B","date":"2018-04-06T01:39:58.000Z","volume":2000,"label":" ","price":5.76},{"type":"B","date":"2018-04-06T01:41:03.000Z","volume":2000,"label":" ","price":5.75},{"type":"B","date":"2018-04-06T01:41:14.000Z","volume":8000,"label":" ","price":5.75},{"type":"B","date":"2018-04-06T01:41:18.000Z","volume":2000,"label":" ","price":5.75},{"type":"A","date":"2018-04-06T01:41:31.000Z","volume":4000,"label":" ","price":5.76},{"type":"B","date":"2018-04-06T01:44:16.000Z","volume":4000,"label":" ","price":5.72},{"type":"A","date":"2018-04-06T01:46:41.000Z","volume":2000,"label":" ","price":5.75},{"type":"A","date":"2018-04-06T01:47:29.000Z","volume":2000,"label":" ","price":5.76},{"type":"B","date":"2018-04-06T01:51:02.000Z","volume":4000,"label":" ","price":5.76},{"type":"A","date":"2018-04-06T01:51:31.000Z","volume":2000,"label":" ","price":5.78},{"type":"A","date":"2018-04-06T01:51:31.000Z","volume":4000,"label":" ","price":5.78},{"type":"B","date":"2018-04-06T01:52:30.000Z","volume":6000,"label":"Y","price":5.76},{"type":"A","date":"2018-04-06T01:53:10.000Z","volume":6000,"label":" ","price":5.76},{"type":"A","date":"2018-04-06T01:55:53.000Z","volume":2000,"label":" ","price":5.76},{"type":"A","date":"2018-04-06T01:57:59.000Z","volume":4000,"label":" ","price":5.77},{"type":"A","date":"2018-04-06T01:59:08.000Z","volume":4000,"label":" ","price":5.79},{"type":"A","date":"2018-04-06T01:59:09.000Z","volume":28000,"label":" ","price":5.8},{"type":"A","date":"2018-04-06T02:00:49.000Z","volume":2000,"label":" ","price":5.82},{"type":"A","date":"2018-04-06T02:02:21.000Z","volume":12000,"label":" ","price":5.83},{"type":"A","date":"2018-04-06T02:02:26.000Z","volume":6000,"label":" ","price":5.84},{"type":"A","date":"2018-04-06T02:02:33.000Z","volume":2000,"label":" ","price":5.85},{"type":"A","date":"2018-04-06T02:02:53.000Z","volume":6000,"label":" ","price":5.88},{"type":"A","date":"2018-04-06T02:03:24.000Z","volume":4000,"label":" ","price":5.9},{"type":"A","date":"2018-04-06T02:03:39.000Z","volume":12000,"label":" ","price":5.9},{"type":"A","date":"2018-04-06T02:04:05.000Z","volume":10000,"label":" ","price":5.9},{"type":"A","date":"2018-04-06T02:04:18.000Z","volume":4000,"label":"Y","price":5.9},{"type":"A","date":"2018-04-06T02:04:18.000Z","volume":6000,"label":" ","price":5.9},{"type":"A","date":"2018-04-06T02:05:09.000Z","volume":2000,"label":" ","price":5.91},{"type":"A","date":"2018-04-06T02:05:37.000Z","volume":2000,"label":" ","price":5.93},{"type":"A","date":"2018-04-06T02:05:45.000Z","volume":8000,"label":"Y","price":5.93},{"type":"A","date":"2018-04-06T02:05:45.000Z","volume":6000,"label":" ","price":5.95},{"type":"A","date":"2018-04-06T02:05:45.000Z","volume":4000,"label":" ","price":5.97},{"type":"A","date":"2018-04-06T02:06:21.000Z","volume":4000,"label":" ","price":5.95},{"type":"B","date":"2018-04-06T02:06:35.000Z","volume":6000,"label":" ","price":5.96},{"type":"A","date":"2018-04-06T02:06:51.000Z","volume":4000,"label":" ","price":5.96},{"type":"A","date":"2018-04-06T02:07:00.000Z","volume":8000,"label":" ","price":5.98},{"type":"A","date":"2018-04-06T02:07:00.000Z","volume":10000,"label":" ","price":5.98},{"type":"B","date":"2018-04-06T02:07:01.000Z","volume":4000,"label":"Y","price":5.96},{"type":"B","date":"2018-04-06T02:07:01.000Z","volume":6000,"label":" ","price":5.96},{"type":"A","date":"2018-04-06T02:07:06.000Z","volume":6000,"label":" ","price":5.96},{"type":"A","date":"2018-04-06T02:07:39.000Z","volume":2000,"label":" ","price":5.96},{"type":"B","date":"2018-04-06T02:07:58.000Z","volume":2000,"label":" ","price":5.93},{"type":"A","date":"2018-04-06T02:08:02.000Z","volume":2000,"label":" ","price":5.93},{"type":"B","date":"2018-04-06T02:08:43.000Z","volume":2000,"label":" ","price":5.93},{"type":"A","date":"2018-04-06T02:10:26.000Z","volume":6000,"label":" ","price":5.9},{"type":"B","date":"2018-04-06T02:10:47.000Z","volume":4000,"label":" ","price":5.9},{"type":"A","date":"2018-04-06T02:10:53.000Z","volume":2000,"label":" ","price":5.92},{"type":"A","date":"2018-04-06T02:10:53.000Z","volume":48000,"label":" ","price":5.93},{"type":"A","date":"2018-04-06T02:11:02.000Z","volume":2000,"label":" ","price":5.93},{"type":"A","date":"2018-04-06T02:11:18.000Z","volume":2000,"label":" ","price":5.95},{"type":"B","date":"2018-04-06T02:11:19.000Z","volume":8000,"label":" ","price":5.93},{"type":"A","date":"2018-04-06T02:11:26.000Z","volume":2000,"label":" ","price":5.93},{"type":"A","date":"2018-04-06T02:11:42.000Z","volume":10000,"label":" ","price":5.93},{"type":"A","date":"2018-04-06T02:13:01.000Z","volume":2000,"label":" ","price":5.93},{"type":"A","date":"2018-04-06T02:13:52.000Z","volume":4000,"label":" ","price":5.94},{"type":"A","date":"2018-04-06T02:14:17.000Z","volume":2000,"label":" ","price":5.94},{"type":"A","date":"2018-04-06T02:14:18.000Z","volume":16000,"label":" ","price":5.95},{"type":"A","date":"2018-04-06T02:14:19.000Z","volume":10000,"label":" ","price":5.96},{"type":"A","date":"2018-04-06T02:14:35.000Z","volume":6000,"label":" ","price":5.98},{"type":"A","date":"2018-04-06T02:14:35.000Z","volume":2000,"label":" ","price":5.99},{"type":"A","date":"2018-04-06T02:14:35.000Z","volume":22000,"label":" ","price":6},{"type":"A","date":"2018-04-06T02:14:39.000Z","volume":2000,"label":" ","price":6},{"type":"A","date":"2018-04-06T02:15:54.000Z","volume":2000,"label":" ","price":6.01},{"type":"A","date":"2018-04-06T02:16:22.000Z","volume":2000,"label":" ","price":6.08},{"type":"A","date":"2018-04-06T02:16:28.000Z","volume":2000,"label":" ","price":6.09},{"type":"A","date":"2018-04-06T02:16:28.000Z","volume":8000,"label":" ","price":6.1},{"type":"A","date":"2018-04-06T02:16:35.000Z","volume":6000,"label":" ","price":6.08},{"type":"A","date":"2018-04-06T02:16:35.000Z","volume":20000,"label":"Y","price":6.1},{"type":"U","date":"2018-04-06T02:16:40.000Z","volume":2000,"label":" ","price":6.01},{"type":"A","date":"2018-04-06T02:17:19.000Z","volume":2000,"label":" ","price":6.09},{"type":"A","date":"2018-04-06T02:17:41.000Z","volume":4000,"label":" ","price":6.09},{"type":"A","date":"2018-04-06T02:17:54.000Z","volume":2000,"label":" ","price":6.09},{"type":"A","date":"2018-04-06T02:18:08.000Z","volume":6000,"label":" ","price":6.09},{"type":"A","date":"2018-04-06T02:18:26.000Z","volume":4000,"label":" ","price":6.09},{"type":"B","date":"2018-04-06T02:18:29.000Z","volume":4000,"label":" ","price":6.09},{"type":"A","date":"2018-04-06T02:19:07.000Z","volume":6000,"label":" ","price":6.09},{"type":"A","date":"2018-04-06T02:19:07.000Z","volume":2000,"label":" ","price":6.09},{"type":"A","date":"2018-04-06T02:19:32.000Z","volume":2000,"label":" ","price":6.09},{"type":"A","date":"2018-04-06T02:20:40.000Z","volume":2000,"label":" ","price":6.09},{"type":"A","date":"2018-04-06T02:22:07.000Z","volume":10000,"label":" ","price":6.08},{"type":"A","date":"2018-04-06T02:23:13.000Z","volume":8000,"label":" ","price":6.07},{"type":"B","date":"2018-04-06T02:23:20.000Z","volume":2000,"label":" ","price":6.07},{"type":"B","date":"2018-04-06T02:23:24.000Z","volume":10000,"label":" ","price":6.03},{"type":"A","date":"2018-04-06T02:23:37.000Z","volume":2000,"label":" ","price":6.03},{"type":"A","date":"2018-04-06T02:23:41.000Z","volume":8000,"label":" ","price":6.03},{"type":"B","date":"2018-04-06T02:24:51.000Z","volume":2000,"label":" ","price":6.08},{"type":"B","date":"2018-04-06T02:24:52.000Z","volume":2000,"label":" ","price":6.08},{"type":"B","date":"2018-04-06T02:24:52.000Z","volume":6000,"label":" ","price":6.08},{"type":"A","date":"2018-04-06T02:25:05.000Z","volume":8000,"label":" ","price":6.09},{"type":"B","date":"2018-04-06T02:25:33.000Z","volume":10000,"label":" ","price":6.05},{"type":"B","date":"2018-04-06T02:26:16.000Z","volume":4000,"label":" ","price":6.05},{"type":"B","date":"2018-04-06T02:27:42.000Z","volume":2000,"label":" ","price":6.03},{"type":"B","date":"2018-04-06T02:27:42.000Z","volume":6000,"label":" ","price":6.02},{"type":"B","date":"2018-04-06T02:28:12.000Z","volume":4000,"label":" ","price":6.02},{"type":"B","date":"2018-04-06T02:28:13.000Z","volume":2000,"label":" ","price":6.02},{"type":"B","date":"2018-04-06T02:30:10.000Z","volume":2000,"label":" ","price":6.01},{"type":"B","date":"2018-04-06T02:30:10.000Z","volume":8000,"label":" ","price":6},{"type":"A","date":"2018-04-06T02:30:25.000Z","volume":10000,"label":" ","price":6.02},{"type":"A","date":"2018-04-06T02:30:31.000Z","volume":10000,"label":" ","price":6.02},{"type":"B","date":"2018-04-06T02:31:10.000Z","volume":24000,"label":" ","price":6},{"type":"B","date":"2018-04-06T02:31:19.000Z","volume":2000,"label":" ","price":5.98},{"type":"B","date":"2018-04-06T02:31:19.000Z","volume":8000,"label":" ","price":5.97},{"type":"B","date":"2018-04-06T02:33:27.000Z","volume":4000,"label":" ","price":5.97},{"type":"A","date":"2018-04-06T02:36:35.000Z","volume":20000,"label":" ","price":5.97},{"type":"B","date":"2018-04-06T02:36:53.000Z","volume":6000,"label":" ","price":5.97},{"type":"A","date":"2018-04-06T02:37:55.000Z","volume":2000,"label":" ","price":5.99},{"type":"A","date":"2018-04-06T02:37:55.000Z","volume":10000,"label":" ","price":6},{"type":"A","date":"2018-04-06T02:38:17.000Z","volume":60000,"label":" ","price":6},{"type":"A","date":"2018-04-06T02:38:55.000Z","volume":2000,"label":" ","price":6.02},{"type":"A","date":"2018-04-06T02:39:32.000Z","volume":10000,"label":" ","price":6.02},{"type":"A","date":"2018-04-06T02:39:39.000Z","volume":6000,"label":" ","price":6.02},{"type":"A","date":"2018-04-06T02:41:01.000Z","volume":20000,"label":" ","price":6.02},{"type":"B","date":"2018-04-06T02:41:16.000Z","volume":6000,"label":" ","price":6},{"type":"B","date":"2018-04-06T02:44:32.000Z","volume":10000,"label":" ","price":6},{"type":"B","date":"2018-04-06T02:45:41.000Z","volume":2000,"label":" ","price":6},{"type":"B","date":"2018-04-06T02:46:32.000Z","volume":6000,"label":" ","price":5.98},{"type":"A","date":"2018-04-06T02:48:34.000Z","volume":2000,"label":" ","price":6},{"type":"A","date":"2018-04-06T02:49:13.000Z","volume":6000,"label":" ","price":6},{"type":"B","date":"2018-04-06T02:50:31.000Z","volume":2000,"label":" ","price":6},{"type":"A","date":"2018-04-06T02:50:53.000Z","volume":14000,"label":" ","price":6.02},{"type":"A","date":"2018-04-06T02:50:58.000Z","volume":20000,"label":" ","price":6.02},{"type":"A","date":"2018-04-06T02:51:33.000Z","volume":10000,"label":" ","price":6.02},{"type":"B","date":"2018-04-06T02:51:37.000Z","volume":10000,"label":" ","price":6},{"type":"A","date":"2018-04-06T02:51:39.000Z","volume":6000,"label":" ","price":6.02},{"type":"A","date":"2018-04-06T02:52:42.000Z","volume":2000,"label":" ","price":6.02},{"type":"A","date":"2018-04-06T02:53:09.000Z","volume":10000,"label":" ","price":6.02},{"type":"A","date":"2018-04-06T02:53:16.000Z","volume":2000,"label":" ","price":6.02},{"type":"A","date":"2018-04-06T02:53:21.000Z","volume":10000,"label":" ","price":6.03},{"type":"A","date":"2018-04-06T02:53:30.000Z","volume":14000,"label":" ","price":6.04},{"type":"A","date":"2018-04-06T02:53:32.000Z","volume":16000,"label":" ","price":6.05},{"type":"B","date":"2018-04-06T02:54:33.000Z","volume":10000,"label":" ","price":6.03},{"type":"A","date":"2018-04-06T03:03:54.000Z","volume":20000,"label":" ","price":6.05},{"type":"U","date":"2018-04-06T03:04:08.000Z","volume":6000,"label":" ","price":6.03},{"type":"A","date":"2018-04-06T03:04:57.000Z","volume":8000,"label":" ","price":6.05},{"type":"B","date":"2018-04-06T03:09:22.000Z","volume":4000,"label":" ","price":6.05},{"type":"A","date":"2018-04-06T03:14:30.000Z","volume":2000,"label":" ","price":6.05},{"type":"B","date":"2018-04-06T03:18:06.000Z","volume":10000,"label":" ","price":6.03},{"type":"B","date":"2018-04-06T03:18:37.000Z","volume":10000,"label":" ","price":6.03},{"type":"B","date":"2018-04-06T03:19:49.000Z","volume":10000,"label":" ","price":6.03},{"type":"B","date":"2018-04-06T03:23:53.000Z","volume":2000,"label":"Y","price":6.03},{"type":"B","date":"2018-04-06T03:23:53.000Z","volume":10000,"label":" ","price":6.03},{"type":"B","date":"2018-04-06T03:24:40.000Z","volume":2000,"label":" ","price":6.03},{"type":"B","date":"2018-04-06T03:28:02.000Z","volume":4000,"label":" ","price":6.03},{"type":"B","date":"2018-04-06T03:29:25.000Z","volume":4000,"label":" ","price":6.03},{"type":"A","date":"2018-04-06T03:30:56.000Z","volume":4000,"label":" ","price":6.04},{"type":"B","date":"2018-04-06T03:31:43.000Z","volume":2000,"label":" ","price":6.03},{"type":"B","date":"2018-04-06T03:32:22.000Z","volume":2000,"label":" ","price":6.03},{"type":"B","date":"2018-04-06T03:32:57.000Z","volume":6000,"label":" ","price":6.03},{"type":"B","date":"2018-04-06T03:33:05.000Z","volume":2000,"label":" ","price":6.03},{"type":"B","date":"2018-04-06T03:33:51.000Z","volume":14000,"label":" ","price":6.02},{"type":"B","date":"2018-04-06T03:34:39.000Z","volume":22000,"label":" ","price":6.02},{"type":"B","date":"2018-04-06T03:34:39.000Z","volume":18000,"label":" ","price":6.01},{"type":"B","date":"2018-04-06T03:34:39.000Z","volume":72000,"label":" ","price":6},{"type":"B","date":"2018-04-06T03:34:44.000Z","volume":16000,"label":" ","price":5.99},{"type":"B","date":"2018-04-06T03:34:45.000Z","volume":4000,"label":" ","price":5.98},{"type":"B","date":"2018-04-06T03:34:58.000Z","volume":8000,"label":"Y","price":5.97},{"type":"B","date":"2018-04-06T03:35:45.000Z","volume":2000,"label":" ","price":5.97},{"type":"A","date":"2018-04-06T03:40:36.000Z","volume":4000,"label":" ","price":6},{"type":"A","date":"2018-04-06T03:41:05.000Z","volume":2000,"label":" ","price":6},{"type":"B","date":"2018-04-06T03:46:07.000Z","volume":2000,"label":" ","price":5.95},{"type":"B","date":"2018-04-06T03:46:29.000Z","volume":4000,"label":" ","price":5.94},{"type":"B","date":"2018-04-06T03:46:29.000Z","volume":10000,"label":" ","price":5.93},{"type":"B","date":"2018-04-06T03:48:12.000Z","volume":2000,"label":" ","price":5.92},{"type":"B","date":"2018-04-06T03:48:12.000Z","volume":2000,"label":" ","price":5.92},{"type":"B","date":"2018-04-06T03:49:11.000Z","volume":4000,"label":" ","price":5.91},{"type":"B","date":"2018-04-06T03:49:11.000Z","volume":6000,"label":" ","price":5.9},{"type":"B","date":"2018-04-06T03:50:19.000Z","volume":14000,"label":" ","price":5.9},{"type":"B","date":"2018-04-06T03:52:56.000Z","volume":6000,"label":" ","price":5.9},{"type":"A","date":"2018-04-06T03:53:01.000Z","volume":4000,"label":" ","price":5.9},{"type":"A","date":"2018-04-06T03:53:14.000Z","volume":2000,"label":" ","price":5.93},{"type":"A","date":"2018-04-06T03:53:34.000Z","volume":4000,"label":" ","price":5.93},{"type":"A","date":"2018-04-06T03:53:51.000Z","volume":4000,"label":" ","price":5.93},{"type":"A","date":"2018-04-06T03:54:38.000Z","volume":10000,"label":" ","price":5.93},{"type":"B","date":"2018-04-06T05:14:15.000Z","volume":12000,"label":" ","price":5.92},{"type":"A","date":"2018-04-06T05:15:23.000Z","volume":2000,"label":" ","price":5.92},{"type":"B","date":"2018-04-06T05:15:57.000Z","volume":12000,"label":" ","price":5.91},{"type":"A","date":"2018-04-06T05:18:07.000Z","volume":2000,"label":" ","price":5.91},{"type":"U","date":"2018-04-06T05:19:18.000Z","volume":4000,"label":" ","price":5.9},{"type":"B","date":"2018-04-06T05:20:44.000Z","volume":10000,"label":" ","price":5.9},{"type":"B","date":"2018-04-06T05:21:15.000Z","volume":8000,"label":"Y","price":5.89},{"type":"A","date":"2018-04-06T05:23:59.000Z","volume":4000,"label":" ","price":5.92},{"type":"B","date":"2018-04-06T05:24:06.000Z","volume":10000,"label":" ","price":5.9},{"type":"B","date":"2018-04-06T05:24:14.000Z","volume":4000,"label":"Y","price":5.89},{"type":"B","date":"2018-04-06T05:24:14.000Z","volume":6000,"label":" ","price":5.89},{"type":"B","date":"2018-04-06T05:24:45.000Z","volume":8000,"label":" ","price":5.88},{"type":"B","date":"2018-04-06T05:24:59.000Z","volume":4000,"label":" ","price":5.87},{"type":"B","date":"2018-04-06T05:24:59.000Z","volume":2000,"label":" ","price":5.86},{"type":"B","date":"2018-04-06T05:27:31.000Z","volume":10000,"label":" ","price":5.85},{"type":"B","date":"2018-04-06T05:27:58.000Z","volume":2000,"label":" ","price":5.85},{"type":"B","date":"2018-04-06T05:28:23.000Z","volume":2000,"label":" ","price":5.85},{"type":"B","date":"2018-04-06T05:29:12.000Z","volume":18000,"label":" ","price":5.82},{"type":"B","date":"2018-04-06T05:29:13.000Z","volume":4000,"label":" ","price":5.8},{"type":"A","date":"2018-04-06T05:29:28.000Z","volume":2000,"label":" ","price":5.8},{"type":"B","date":"2018-04-06T05:30:57.000Z","volume":16000,"label":" ","price":5.78},{"type":"A","date":"2018-04-06T05:30:57.000Z","volume":4000,"label":" ","price":5.78},{"type":"B","date":"2018-04-06T05:31:05.000Z","volume":10000,"label":" ","price":5.77},{"type":"B","date":"2018-04-06T05:31:05.000Z","volume":2000,"label":" ","price":5.76},{"type":"B","date":"2018-04-06T05:31:05.000Z","volume":16000,"label":" ","price":5.75},{"type":"B","date":"2018-04-06T05:31:05.000Z","volume":4000,"label":" ","price":5.71},{"type":"B","date":"2018-04-06T05:31:05.000Z","volume":4000,"label":" ","price":5.7},{"type":"A","date":"2018-04-06T05:31:06.000Z","volume":6000,"label":" ","price":5.7},{"type":"U","date":"2018-04-06T05:31:36.000Z","volume":6000,"label":" ","price":5.7},{"type":"B","date":"2018-04-06T05:33:53.000Z","volume":6000,"label":"Y","price":5.7},{"type":"B","date":"2018-04-06T05:33:59.000Z","volume":10000,"label":" ","price":5.71},{"type":"B","date":"2018-04-06T05:34:34.000Z","volume":14000,"label":" ","price":5.71},{"type":"A","date":"2018-04-06T05:40:07.000Z","volume":2000,"label":" ","price":5.8},{"type":"A","date":"2018-04-06T05:40:52.000Z","volume":4000,"label":" ","price":5.78},{"type":"A","date":"2018-04-06T05:41:05.000Z","volume":6000,"label":" ","price":5.78},{"type":"A","date":"2018-04-06T05:42:03.000Z","volume":10000,"label":" ","price":5.8},{"type":"A","date":"2018-04-06T05:42:21.000Z","volume":18000,"label":" ","price":5.8},{"type":"A","date":"2018-04-06T05:42:28.000Z","volume":2000,"label":" ","price":5.82},{"type":"A","date":"2018-04-06T05:42:28.000Z","volume":4000,"label":" ","price":5.85},{"type":"U","date":"2018-04-06T05:42:38.000Z","volume":10000,"label":" ","price":5.87},{"type":"B","date":"2018-04-06T05:44:34.000Z","volume":2000,"label":" ","price":5.8},{"type":"A","date":"2018-04-06T05:46:50.000Z","volume":8000,"label":" ","price":5.81},{"type":"A","date":"2018-04-06T05:46:50.000Z","volume":2000,"label":" ","price":5.82},{"type":"A","date":"2018-04-06T05:47:24.000Z","volume":4000,"label":" ","price":5.82},{"type":"A","date":"2018-04-06T05:48:31.000Z","volume":6000,"label":" ","price":5.85},{"type":"A","date":"2018-04-06T05:49:29.000Z","volume":4000,"label":" ","price":5.86},{"type":"A","date":"2018-04-06T05:49:42.000Z","volume":4000,"label":" ","price":5.86},{"type":"A","date":"2018-04-06T05:49:42.000Z","volume":10000,"label":" ","price":5.87},{"type":"A","date":"2018-04-06T05:49:42.000Z","volume":6000,"label":" ","price":5.88},{"type":"B","date":"2018-04-06T05:57:21.000Z","volume":8000,"label":" ","price":5.85},{"type":"A","date":"2018-04-06T05:59:18.000Z","volume":2000,"label":" ","price":5.85},{"type":"B","date":"2018-04-06T06:00:37.000Z","volume":30000,"label":" ","price":5.85},{"type":"B","date":"2018-04-06T06:04:14.000Z","volume":6000,"label":" ","price":5.82},{"type":"A","date":"2018-04-06T06:04:43.000Z","volume":4000,"label":" ","price":5.82},{"type":"B","date":"2018-04-06T06:07:40.000Z","volume":12000,"label":" ","price":5.82},{"type":"U","date":"2018-04-06T06:09:31.000Z","volume":2000,"label":" ","price":5.81},{"type":"B","date":"2018-04-06T06:09:44.000Z","volume":2000,"label":" ","price":5.81},{"type":"B","date":"2018-04-06T06:10:24.000Z","volume":20000,"label":" ","price":5.8},{"type":"B","date":"2018-04-06T06:12:05.000Z","volume":10000,"label":" ","price":5.8},{"type":"A","date":"2018-04-06T06:18:02.000Z","volume":6000,"label":" ","price":5.8},{"type":"A","date":"2018-04-06T06:20:52.000Z","volume":2000,"label":" ","price":5.8},{"type":"A","date":"2018-04-06T06:22:08.000Z","volume":2000,"label":" ","price":5.8},{"type":"A","date":"2018-04-06T06:24:36.000Z","volume":10000,"label":" ","price":5.8},{"type":"A","date":"2018-04-06T06:26:24.000Z","volume":20000,"label":" ","price":5.8},{"type":"A","date":"2018-04-06T06:32:42.000Z","volume":8000,"label":" ","price":5.82},{"type":"A","date":"2018-04-06T06:32:42.000Z","volume":10000,"label":" ","price":5.83},{"type":"B","date":"2018-04-06T06:34:54.000Z","volume":2000,"label":" ","price":5.83},{"type":"B","date":"2018-04-06T06:42:20.000Z","volume":2000,"label":" ","price":5.83},{"type":"B","date":"2018-04-06T06:44:36.000Z","volume":2000,"label":" ","price":5.82},{"type":"B","date":"2018-04-06T06:44:36.000Z","volume":8000,"label":" ","price":5.8},{"type":"B","date":"2018-04-06T06:51:59.000Z","volume":2000,"label":" ","price":5.81},{"type":"A","date":"2018-04-06T06:55:58.000Z","volume":20000,"label":" ","price":5.85},{"type":"A","date":"2018-04-06T06:57:20.000Z","volume":10000,"label":" ","price":5.85},{"type":"A","date":"2018-04-06T06:58:04.000Z","volume":2000,"label":" ","price":5.85},{"type":"A","date":"2018-04-06T06:58:45.000Z","volume":2000,"label":" ","price":5.86},{"type":"A","date":"2018-04-06T07:00:13.000Z","volume":6000,"label":" ","price":5.86},{"type":"A","date":"2018-04-06T07:00:29.000Z","volume":2000,"label":" ","price":5.86},{"type":"A","date":"2018-04-06T07:02:28.000Z","volume":2000,"label":" ","price":5.87},{"type":"A","date":"2018-04-06T07:03:33.000Z","volume":2000,"label":" ","price":5.87},{"type":"A","date":"2018-04-06T07:03:37.000Z","volume":6000,"label":" ","price":5.87},{"type":"A","date":"2018-04-06T07:08:22.000Z","volume":18000,"label":" ","price":5.88},{"type":"A","date":"2018-04-06T07:08:22.000Z","volume":10000,"label":" ","price":5.9},{"type":"A","date":"2018-04-06T07:08:22.000Z","volume":10000,"label":" ","price":5.91},{"type":"B","date":"2018-04-06T07:08:22.000Z","volume":4000,"label":" ","price":5.91},{"type":"A","date":"2018-04-06T07:08:22.000Z","volume":2000,"label":" ","price":5.92},{"type":"B","date":"2018-04-06T07:09:22.000Z","volume":20000,"label":" ","price":5.92},{"type":"B","date":"2018-04-06T07:09:22.000Z","volume":2000,"label":" ","price":5.92},{"type":"B","date":"2018-04-06T07:09:31.000Z","volume":10000,"label":" ","price":5.92},{"type":"B","date":"2018-04-06T07:09:36.000Z","volume":10000,"label":" ","price":5.92},{"type":"A","date":"2018-04-06T07:10:05.000Z","volume":6000,"label":" ","price":5.93},{"type":"A","date":"2018-04-06T07:11:55.000Z","volume":4000,"label":"Y","price":5.93},{"type":"A","date":"2018-04-06T07:11:55.000Z","volume":6000,"label":" ","price":5.93},{"type":"A","date":"2018-04-06T07:12:42.000Z","volume":2000,"label":" ","price":5.93},{"type":"A","date":"2018-04-06T07:23:01.000Z","volume":10000,"label":" ","price":5.93},{"type":"A","date":"2018-04-06T07:43:05.000Z","volume":4000,"label":" ","price":5.91},{"type":"A","date":"2018-04-06T07:43:55.000Z","volume":2000,"label":" ","price":5.9},{"type":"A","date":"2018-04-06T07:43:55.000Z","volume":6000,"label":" ","price":5.91},{"type":"A","date":"2018-04-06T07:43:55.000Z","volume":16000,"label":" ","price":5.92},{"type":"A","date":"2018-04-06T07:47:34.000Z","volume":6000,"label":" ","price":5.9},{"type":"B","date":"2018-04-06T07:47:58.000Z","volume":10000,"label":" ","price":5.87},{"type":"B","date":"2018-04-06T07:49:04.000Z","volume":6000,"label":" ","price":5.87},{"type":"B","date":"2018-04-06T07:55:26.000Z","volume":14000,"label":" ","price":5.87},{"type":"A","date":"2018-04-06T07:56:42.000Z","volume":10000,"label":" ","price":5.87},{"type":"A","date":"2018-04-06T07:57:18.000Z","volume":10000,"label":" ","price":5.87},{"type":"B","date":"2018-04-06T07:57:22.000Z","volume":6000,"label":" ","price":5.86},{"type":"A","date":"2018-04-06T07:57:35.000Z","volume":18000,"label":" ","price":5.86},{"type":"B","date":"2018-04-06T07:58:01.000Z","volume":4000,"label":" ","price":5.87},{"type":"A","date":"2018-04-06T07:58:29.000Z","volume":2000,"label":" ","price":5.9},{"type":"A","date":"2018-04-06T07:58:52.000Z","volume":2000,"label":" ","price":5.9},{"type":"A","date":"2018-04-06T07:58:59.000Z","volume":10000,"label":" ","price":5.87},{"type":"A","date":"2018-04-06T07:59:49.000Z","volume":10000,"label":" ","price":5.9}]