[{"type":"A","date":"2018-03-27T01:33:55.000Z","volume":2000,"label":" ","price":5.78},{"type":"B","date":"2018-03-27T01:35:19.000Z","volume":4000,"label":" ","price":5.81},{"type":"A","date":"2018-03-27T01:35:52.000Z","volume":2000,"label":" ","price":5.81},{"type":"B","date":"2018-03-27T01:37:31.000Z","volume":2000,"label":" ","price":5.82},{"type":"A","date":"2018-03-27T01:37:54.000Z","volume":6000,"label":" ","price":5.83},{"type":"B","date":"2018-03-27T01:38:07.000Z","volume":8000,"label":" ","price":5.81},{"type":"A","date":"2018-03-27T01:38:20.000Z","volume":2000,"label":" ","price":5.81},{"type":"A","date":"2018-03-27T01:39:48.000Z","volume":2000,"label":" ","price":5.83},{"type":"U","date":"2018-03-27T01:40:36.000Z","volume":2000,"label":" ","price":5.81},{"type":"A","date":"2018-03-27T01:40:44.000Z","volume":2000,"label":" ","price":5.82},{"type":"A","date":"2018-03-27T01:40:44.000Z","volume":2000,"label":" ","price":5.83},{"type":"A","date":"2018-03-27T01:40:44.000Z","volume":6000,"label":" ","price":5.85},{"type":"A","date":"2018-03-27T01:40:44.000Z","volume":10000,"label":" ","price":5.86},{"type":"B","date":"2018-03-27T01:40:44.000Z","volume":2000,"label":" ","price":5.79},{"type":"B","date":"2018-03-27T01:41:56.000Z","volume":2000,"label":" ","price":5.77},{"type":"B","date":"2018-03-27T01:42:13.000Z","volume":2000,"label":" ","price":5.76},{"type":"B","date":"2018-03-27T01:44:58.000Z","volume":10000,"label":" ","price":5.75},{"type":"B","date":"2018-03-27T01:44:58.000Z","volume":4000,"label":" ","price":5.74},{"type":"A","date":"2018-03-27T01:45:02.000Z","volume":4000,"label":" ","price":5.76},{"type":"A","date":"2018-03-27T01:47:38.000Z","volume":2000,"label":" ","price":5.8},{"type":"A","date":"2018-03-27T01:47:43.000Z","volume":44000,"label":" ","price":5.81},{"type":"B","date":"2018-03-27T01:47:43.000Z","volume":2000,"label":" ","price":5.77},{"type":"A","date":"2018-03-27T01:50:39.000Z","volume":10000,"label":" ","price":5.83},{"type":"A","date":"2018-03-27T01:50:56.000Z","volume":10000,"label":" ","price":5.8},{"type":"B","date":"2018-03-27T01:55:39.000Z","volume":6000,"label":"Y","price":5.8},{"type":"B","date":"2018-03-27T01:56:02.000Z","volume":2000,"label":" ","price":5.8},{"type":"A","date":"2018-03-27T01:56:03.000Z","volume":6000,"label":" ","price":5.8},{"type":"B","date":"2018-03-27T01:56:05.000Z","volume":2000,"label":" ","price":5.79},{"type":"B","date":"2018-03-27T01:59:28.000Z","volume":12000,"label":" ","price":5.79},{"type":"B","date":"2018-03-27T02:01:37.000Z","volume":10000,"label":" ","price":5.76},{"type":"B","date":"2018-03-27T02:06:42.000Z","volume":4000,"label":" ","price":5.75},{"type":"B","date":"2018-03-27T02:16:39.000Z","volume":6000,"label":" ","price":5.73},{"type":"B","date":"2018-03-27T02:18:27.000Z","volume":6000,"label":" ","price":5.73},{"type":"B","date":"2018-03-27T02:21:33.000Z","volume":6000,"label":" ","price":5.73},{"type":"B","date":"2018-03-27T02:22:04.000Z","volume":4000,"label":" ","price":5.73},{"type":"B","date":"2018-03-27T02:22:04.000Z","volume":4000,"label":" ","price":5.73},{"type":"A","date":"2018-03-27T02:26:07.000Z","volume":6000,"label":" ","price":5.73},{"type":"B","date":"2018-03-27T02:33:44.000Z","volume":4000,"label":" ","price":5.75},{"type":"B","date":"2018-03-27T02:33:44.000Z","volume":2000,"label":" ","price":5.75},{"type":"A","date":"2018-03-27T02:34:02.000Z","volume":2000,"label":" ","price":5.77},{"type":"A","date":"2018-03-27T02:35:02.000Z","volume":10000,"label":" ","price":5.77},{"type":"A","date":"2018-03-27T02:41:51.000Z","volume":4000,"label":" ","price":5.77},{"type":"B","date":"2018-03-27T02:43:30.000Z","volume":6000,"label":" ","price":5.77},{"type":"B","date":"2018-03-27T02:46:59.000Z","volume":4000,"label":" ","price":5.75},{"type":"A","date":"2018-03-27T02:47:12.000Z","volume":2000,"label":" ","price":5.76},{"type":"A","date":"2018-03-27T02:47:12.000Z","volume":8000,"label":" ","price":5.76},{"type":"A","date":"2018-03-27T02:47:51.000Z","volume":4000,"label":" ","price":5.77},{"type":"A","date":"2018-03-27T02:48:18.000Z","volume":2000,"label":" ","price":5.79},{"type":"A","date":"2018-03-27T02:48:18.000Z","volume":4000,"label":" ","price":5.8},{"type":"A","date":"2018-03-27T02:55:36.000Z","volume":2000,"label":" ","price":5.8},{"type":"A","date":"2018-03-27T02:55:36.000Z","volume":2000,"label":" ","price":5.8},{"type":"A","date":"2018-03-27T02:55:53.000Z","volume":6000,"label":" ","price":5.81},{"type":"A","date":"2018-03-27T02:56:02.000Z","volume":34000,"label":" ","price":5.82},{"type":"B","date":"2018-03-27T02:56:02.000Z","volume":2000,"label":" ","price":5.76},{"type":"A","date":"2018-03-27T02:58:11.000Z","volume":6000,"label":" ","price":5.84},{"type":"A","date":"2018-03-27T02:58:11.000Z","volume":8000,"label":" ","price":5.85},{"type":"A","date":"2018-03-27T02:58:38.000Z","volume":10000,"label":" ","price":5.83},{"type":"B","date":"2018-03-27T02:58:38.000Z","volume":2000,"label":" ","price":5.79},{"type":"A","date":"2018-03-27T03:06:55.000Z","volume":10000,"label":" ","price":5.8},{"type":"A","date":"2018-03-27T03:07:24.000Z","volume":4000,"label":" ","price":5.8},{"type":"A","date":"2018-03-27T03:08:10.000Z","volume":4000,"label":" ","price":5.84},{"type":"A","date":"2018-03-27T03:09:30.000Z","volume":6000,"label":" ","price":5.85},{"type":"A","date":"2018-03-27T03:09:59.000Z","volume":12000,"label":" ","price":5.86},{"type":"A","date":"2018-03-27T03:09:59.000Z","volume":14000,"label":" ","price":5.87},{"type":"B","date":"2018-03-27T03:09:59.000Z","volume":2000,"label":" ","price":5.8},{"type":"B","date":"2018-03-27T03:19:56.000Z","volume":2000,"label":" ","price":5.83},{"type":"A","date":"2018-03-27T03:23:27.000Z","volume":18000,"label":" ","price":5.87},{"type":"A","date":"2018-03-27T03:23:28.000Z","volume":4000,"label":" ","price":5.87},{"type":"A","date":"2018-03-27T03:23:39.000Z","volume":14000,"label":" ","price":5.88},{"type":"A","date":"2018-03-27T03:30:37.000Z","volume":24000,"label":" ","price":5.88},{"type":"A","date":"2018-03-27T03:35:17.000Z","volume":4000,"label":" ","price":5.88},{"type":"A","date":"2018-03-27T03:35:35.000Z","volume":4000,"label":" ","price":5.89},{"type":"A","date":"2018-03-27T03:35:35.000Z","volume":6000,"label":" ","price":5.9},{"type":"A","date":"2018-03-27T03:35:48.000Z","volume":10000,"label":" ","price":5.92},{"type":"A","date":"2018-03-27T03:37:26.000Z","volume":6000,"label":" ","price":5.92},{"type":"A","date":"2018-03-27T03:37:32.000Z","volume":2000,"label":" ","price":5.92},{"type":"A","date":"2018-03-27T03:38:09.000Z","volume":18000,"label":" ","price":5.95},{"type":"A","date":"2018-03-27T03:38:17.000Z","volume":4000,"label":" ","price":5.95},{"type":"A","date":"2018-03-27T03:38:17.000Z","volume":20000,"label":" ","price":5.96},{"type":"A","date":"2018-03-27T03:38:50.000Z","volume":2000,"label":" ","price":5.97},{"type":"A","date":"2018-03-27T03:38:50.000Z","volume":2000,"label":" ","price":5.98},{"type":"A","date":"2018-03-27T03:38:52.000Z","volume":18000,"label":" ","price":5.99},{"type":"A","date":"2018-03-27T03:39:00.000Z","volume":38000,"label":" ","price":6},{"type":"A","date":"2018-03-27T03:39:02.000Z","volume":20000,"label":" ","price":6},{"type":"A","date":"2018-03-27T03:39:02.000Z","volume":20000,"label":" ","price":6},{"type":"A","date":"2018-03-27T03:39:19.000Z","volume":18000,"label":" ","price":6.03},{"type":"B","date":"2018-03-27T03:39:44.000Z","volume":2000,"label":" ","price":6.05},{"type":"B","date":"2018-03-27T03:41:40.000Z","volume":2000,"label":" ","price":6.02},{"type":"B","date":"2018-03-27T03:41:40.000Z","volume":4000,"label":" ","price":6.01},{"type":"B","date":"2018-03-27T03:41:56.000Z","volume":2000,"label":" ","price":6.01},{"type":"B","date":"2018-03-27T03:41:56.000Z","volume":4000,"label":" ","price":6.01},{"type":"U","date":"2018-03-27T03:42:14.000Z","volume":2000,"label":" ","price":6.01},{"type":"U","date":"2018-03-27T03:42:21.000Z","volume":14000,"label":" ","price":6.01},{"type":"A","date":"2018-03-27T03:43:31.000Z","volume":10000,"label":" ","price":6.09},{"type":"A","date":"2018-03-27T03:43:45.000Z","volume":30000,"label":" ","price":6.1},{"type":"A","date":"2018-03-27T03:44:01.000Z","volume":4000,"label":" ","price":6.1},{"type":"A","date":"2018-03-27T03:44:11.000Z","volume":6000,"label":" ","price":6.1},{"type":"A","date":"2018-03-27T03:44:36.000Z","volume":10000,"label":" ","price":6.05},{"type":"A","date":"2018-03-27T03:44:56.000Z","volume":30000,"label":" ","price":6.1},{"type":"B","date":"2018-03-27T03:44:56.000Z","volume":2000,"label":" ","price":6.07},{"type":"A","date":"2018-03-27T03:45:11.000Z","volume":6000,"label":" ","price":6.1},{"type":"A","date":"2018-03-27T03:45:18.000Z","volume":6000,"label":" ","price":6.1},{"type":"B","date":"2018-03-27T03:46:21.000Z","volume":2000,"label":" ","price":6.1},{"type":"A","date":"2018-03-27T03:46:23.000Z","volume":2000,"label":" ","price":6.15},{"type":"B","date":"2018-03-27T03:46:24.000Z","volume":10000,"label":" ","price":6.1},{"type":"B","date":"2018-03-27T03:46:39.000Z","volume":10000,"label":" ","price":6.1},{"type":"B","date":"2018-03-27T03:46:46.000Z","volume":4000,"label":" ","price":6.1},{"type":"B","date":"2018-03-27T03:46:47.000Z","volume":6000,"label":" ","price":6.1},{"type":"A","date":"2018-03-27T03:46:48.000Z","volume":2000,"label":" ","price":6.1},{"type":"B","date":"2018-03-27T03:48:32.000Z","volume":6000,"label":" ","price":6.11},{"type":"B","date":"2018-03-27T03:48:32.000Z","volume":6000,"label":" ","price":6.1},{"type":"B","date":"2018-03-27T03:49:13.000Z","volume":2000,"label":" ","price":6.08},{"type":"B","date":"2018-03-27T03:49:50.000Z","volume":2000,"label":" ","price":6.06},{"type":"B","date":"2018-03-27T03:49:50.000Z","volume":6000,"label":" ","price":6.05},{"type":"A","date":"2018-03-27T03:49:52.000Z","volume":2000,"label":" ","price":6.09},{"type":"A","date":"2018-03-27T03:49:52.000Z","volume":6000,"label":" ","price":6.1},{"type":"A","date":"2018-03-27T03:50:04.000Z","volume":2000,"label":" ","price":6.08},{"type":"A","date":"2018-03-27T03:50:52.000Z","volume":2000,"label":" ","price":6.1},{"type":"B","date":"2018-03-27T03:51:04.000Z","volume":2000,"label":" ","price":6.1},{"type":"A","date":"2018-03-27T03:51:31.000Z","volume":2000,"label":" ","price":6.1},{"type":"A","date":"2018-03-27T03:51:31.000Z","volume":2000,"label":" ","price":6.1},{"type":"A","date":"2018-03-27T03:52:01.000Z","volume":6000,"label":" ","price":6.14},{"type":"B","date":"2018-03-27T03:52:06.000Z","volume":4000,"label":" ","price":6.1},{"type":"A","date":"2018-03-27T03:52:18.000Z","volume":6000,"label":"Y","price":6.1},{"type":"A","date":"2018-03-27T03:52:47.000Z","volume":2000,"label":" ","price":6.14},{"type":"A","date":"2018-03-27T03:53:08.000Z","volume":6000,"label":" ","price":6.14},{"type":"A","date":"2018-03-27T03:53:23.000Z","volume":4000,"label":" ","price":6.14},{"type":"A","date":"2018-03-27T03:53:38.000Z","volume":10000,"label":" ","price":6.14},{"type":"A","date":"2018-03-27T03:54:12.000Z","volume":8000,"label":" ","price":6.15},{"type":"A","date":"2018-03-27T03:54:37.000Z","volume":2000,"label":"Y","price":6.14},{"type":"A","date":"2018-03-27T03:54:45.000Z","volume":4000,"label":"Y","price":6.14},{"type":"A","date":"2018-03-27T03:54:49.000Z","volume":4000,"label":" ","price":6.14},{"type":"A","date":"2018-03-27T03:54:49.000Z","volume":2000,"label":" ","price":6.14},{"type":"A","date":"2018-03-27T03:55:20.000Z","volume":60000,"label":" ","price":6.15},{"type":"A","date":"2018-03-27T03:55:20.000Z","volume":2000,"label":" ","price":6.13},{"type":"A","date":"2018-03-27T03:55:20.000Z","volume":58000,"label":" ","price":6.15},{"type":"A","date":"2018-03-27T03:55:25.000Z","volume":4000,"label":" ","price":6.15},{"type":"A","date":"2018-03-27T03:55:25.000Z","volume":6000,"label":" ","price":6.15},{"type":"A","date":"2018-03-27T03:55:52.000Z","volume":2000,"label":" ","price":6.17},{"type":"A","date":"2018-03-27T03:55:52.000Z","volume":2000,"label":" ","price":6.18},{"type":"A","date":"2018-03-27T03:57:02.000Z","volume":6000,"label":" ","price":6.18},{"type":"A","date":"2018-03-27T03:58:01.000Z","volume":6000,"label":" ","price":6.18},{"type":"A","date":"2018-03-27T03:58:02.000Z","volume":48000,"label":" ","price":6.18},{"type":"A","date":"2018-03-27T03:58:02.000Z","volume":2000,"label":" ","price":6.18},{"type":"A","date":"2018-03-27T03:58:12.000Z","volume":4000,"label":" ","price":6.19},{"type":"A","date":"2018-03-27T03:58:21.000Z","volume":10000,"label":" ","price":6.2},{"type":"A","date":"2018-03-27T03:58:40.000Z","volume":6000,"label":" ","price":6.2},{"type":"A","date":"2018-03-27T05:00:04.000Z","volume":20000,"label":" ","price":6.2},{"type":"A","date":"2018-03-27T05:00:04.000Z","volume":2000,"label":" ","price":6.2},{"type":"A","date":"2018-03-27T05:00:11.000Z","volume":2000,"label":" ","price":6.18},{"type":"A","date":"2018-03-27T05:00:22.000Z","volume":2000,"label":" ","price":6.18},{"type":"A","date":"2018-03-27T05:00:22.000Z","volume":2000,"label":" ","price":6.19},{"type":"A","date":"2018-03-27T05:00:49.000Z","volume":4000,"label":" ","price":6.2},{"type":"A","date":"2018-03-27T05:01:23.000Z","volume":2000,"label":" ","price":6.19},{"type":"A","date":"2018-03-27T05:01:23.000Z","volume":2000,"label":" ","price":6.2},{"type":"A","date":"2018-03-27T05:01:37.000Z","volume":4000,"label":" ","price":6.2},{"type":"A","date":"2018-03-27T05:01:58.000Z","volume":2000,"label":" ","price":6.2},{"type":"A","date":"2018-03-27T05:02:05.000Z","volume":10000,"label":" ","price":6.2},{"type":"A","date":"2018-03-27T05:02:10.000Z","volume":4000,"label":" ","price":6.2},{"type":"A","date":"2018-03-27T05:02:11.000Z","volume":4000,"label":" ","price":6.2},{"type":"B","date":"2018-03-27T05:02:20.000Z","volume":2000,"label":" ","price":6.18},{"type":"A","date":"2018-03-27T05:05:09.000Z","volume":2000,"label":" ","price":6.18},{"type":"B","date":"2018-03-27T05:05:38.000Z","volume":14000,"label":" ","price":6.17},{"type":"B","date":"2018-03-27T05:06:38.000Z","volume":2000,"label":" ","price":6.16},{"type":"B","date":"2018-03-27T05:07:00.000Z","volume":4000,"label":" ","price":6.16},{"type":"B","date":"2018-03-27T05:07:21.000Z","volume":10000,"label":"Y","price":6.16},{"type":"B","date":"2018-03-27T05:07:21.000Z","volume":2000,"label":" ","price":6.16},{"type":"B","date":"2018-03-27T05:07:22.000Z","volume":30000,"label":" ","price":6.16},{"type":"B","date":"2018-03-27T05:07:22.000Z","volume":4000,"label":" ","price":6.16},{"type":"B","date":"2018-03-27T05:08:11.000Z","volume":6000,"label":" ","price":6.15},{"type":"B","date":"2018-03-27T05:08:58.000Z","volume":2000,"label":" ","price":6.14},{"type":"B","date":"2018-03-27T05:09:48.000Z","volume":10000,"label":" ","price":6.1},{"type":"B","date":"2018-03-27T05:09:48.000Z","volume":4000,"label":" ","price":6.1},{"type":"B","date":"2018-03-27T05:10:20.000Z","volume":10000,"label":" ","price":6.1},{"type":"B","date":"2018-03-27T05:10:25.000Z","volume":2000,"label":" ","price":6.1},{"type":"B","date":"2018-03-27T05:10:32.000Z","volume":4000,"label":" ","price":6.1},{"type":"B","date":"2018-03-27T05:10:51.000Z","volume":2000,"label":" ","price":6.09},{"type":"B","date":"2018-03-27T05:10:51.000Z","volume":2000,"label":" ","price":6.08},{"type":"A","date":"2018-03-27T05:10:58.000Z","volume":6000,"label":" ","price":6.1},{"type":"B","date":"2018-03-27T05:11:11.000Z","volume":2000,"label":" ","price":6.1},{"type":"B","date":"2018-03-27T05:11:40.000Z","volume":20000,"label":" ","price":6.06},{"type":"B","date":"2018-03-27T05:11:47.000Z","volume":10000,"label":" ","price":6.06},{"type":"A","date":"2018-03-27T05:17:06.000Z","volume":10000,"label":" ","price":6.1},{"type":"A","date":"2018-03-27T05:19:04.000Z","volume":4000,"label":" ","price":6.13},{"type":"A","date":"2018-03-27T05:21:09.000Z","volume":4000,"label":" ","price":6.13},{"type":"A","date":"2018-03-27T05:21:50.000Z","volume":2000,"label":" ","price":6.13},{"type":"B","date":"2018-03-27T05:24:52.000Z","volume":2000,"label":" ","price":6.07},{"type":"B","date":"2018-03-27T05:24:52.000Z","volume":2000,"label":" ","price":6.06},{"type":"B","date":"2018-03-27T05:25:09.000Z","volume":8000,"label":" ","price":6.06},{"type":"A","date":"2018-03-27T05:25:22.000Z","volume":10000,"label":" ","price":6.06},{"type":"A","date":"2018-03-27T05:25:22.000Z","volume":2000,"label":" ","price":6.06},{"type":"B","date":"2018-03-27T05:26:41.000Z","volume":2000,"label":" ","price":6.08},{"type":"B","date":"2018-03-27T05:31:45.000Z","volume":10000,"label":" ","price":6.08},{"type":"B","date":"2018-03-27T05:33:36.000Z","volume":30000,"label":" ","price":6.08},{"type":"B","date":"2018-03-27T05:34:01.000Z","volume":4000,"label":" ","price":6.08},{"type":"A","date":"2018-03-27T05:34:19.000Z","volume":6000,"label":" ","price":6.08},{"type":"B","date":"2018-03-27T05:34:23.000Z","volume":2000,"label":" ","price":6.08},{"type":"B","date":"2018-03-27T05:34:23.000Z","volume":8000,"label":" ","price":6.06},{"type":"B","date":"2018-03-27T05:37:49.000Z","volume":6000,"label":" ","price":6.08},{"type":"B","date":"2018-03-27T05:40:49.000Z","volume":10000,"label":" ","price":6.08},{"type":"B","date":"2018-03-27T05:46:21.000Z","volume":2000,"label":" ","price":6.07},{"type":"B","date":"2018-03-27T05:46:21.000Z","volume":12000,"label":" ","price":6.06},{"type":"B","date":"2018-03-27T05:46:21.000Z","volume":4000,"label":" ","price":6.05},{"type":"B","date":"2018-03-27T05:46:45.000Z","volume":4000,"label":" ","price":6.04},{"type":"U","date":"2018-03-27T05:48:07.000Z","volume":6000,"label":" ","price":6.04},{"type":"B","date":"2018-03-27T05:48:59.000Z","volume":8000,"label":" ","price":6.03},{"type":"B","date":"2018-03-27T05:48:59.000Z","volume":2000,"label":" ","price":6.02},{"type":"B","date":"2018-03-27T05:49:14.000Z","volume":2000,"label":" ","price":6.01},{"type":"B","date":"2018-03-27T05:49:33.000Z","volume":10000,"label":" ","price":6},{"type":"B","date":"2018-03-27T05:50:53.000Z","volume":2000,"label":" ","price":6},{"type":"B","date":"2018-03-27T05:51:09.000Z","volume":2000,"label":" ","price":5.98},{"type":"B","date":"2018-03-27T05:51:58.000Z","volume":2000,"label":" ","price":5.97},{"type":"B","date":"2018-03-27T05:53:14.000Z","volume":2000,"label":" ","price":5.97},{"type":"A","date":"2018-03-27T05:53:15.000Z","volume":4000,"label":" ","price":6},{"type":"A","date":"2018-03-27T05:55:23.000Z","volume":10000,"label":" ","price":6},{"type":"A","date":"2018-03-27T05:59:59.000Z","volume":2000,"label":" ","price":5.99},{"type":"A","date":"2018-03-27T05:59:59.000Z","volume":8000,"label":" ","price":6},{"type":"A","date":"2018-03-27T06:02:05.000Z","volume":16000,"label":" ","price":6},{"type":"B","date":"2018-03-27T06:20:14.000Z","volume":10000,"label":" ","price":5.97},{"type":"B","date":"2018-03-27T06:20:50.000Z","volume":6000,"label":" ","price":5.96},{"type":"B","date":"2018-03-27T06:20:57.000Z","volume":16000,"label":" ","price":5.95},{"type":"B","date":"2018-03-27T06:20:57.000Z","volume":30000,"label":" ","price":5.95},{"type":"A","date":"2018-03-27T06:20:59.000Z","volume":2000,"label":" ","price":5.96},{"type":"B","date":"2018-03-27T06:22:14.000Z","volume":2000,"label":"Y","price":5.9},{"type":"B","date":"2018-03-27T06:22:14.000Z","volume":2000,"label":" ","price":5.9},{"type":"B","date":"2018-03-27T06:22:14.000Z","volume":10000,"label":" ","price":5.89},{"type":"B","date":"2018-03-27T06:27:46.000Z","volume":10000,"label":" ","price":5.9},{"type":"B","date":"2018-03-27T06:34:55.000Z","volume":6000,"label":" ","price":5.9},{"type":"A","date":"2018-03-27T06:34:55.000Z","volume":4000,"label":" ","price":5.9},{"type":"A","date":"2018-03-27T06:49:29.000Z","volume":4000,"label":"Y","price":5.96},{"type":"B","date":"2018-03-27T06:56:39.000Z","volume":4000,"label":"Y","price":5.93},{"type":"B","date":"2018-03-27T06:59:03.000Z","volume":4000,"label":" ","price":5.92},{"type":"B","date":"2018-03-27T07:01:43.000Z","volume":4000,"label":" ","price":5.92},{"type":"B","date":"2018-03-27T07:03:16.000Z","volume":2000,"label":" ","price":5.91},{"type":"B","date":"2018-03-27T07:14:59.000Z","volume":6000,"label":" ","price":5.91},{"type":"B","date":"2018-03-27T07:19:06.000Z","volume":20000,"label":" ","price":5.92},{"type":"B","date":"2018-03-27T07:19:10.000Z","volume":20000,"label":" ","price":5.92},{"type":"A","date":"2018-03-27T07:22:07.000Z","volume":8000,"label":" ","price":5.93},{"type":"B","date":"2018-03-27T07:27:27.000Z","volume":2000,"label":" ","price":5.93},{"type":"A","date":"2018-03-27T07:29:33.000Z","volume":10000,"label":" ","price":5.93},{"type":"B","date":"2018-03-27T07:29:33.000Z","volume":6000,"label":" ","price":5.93},{"type":"B","date":"2018-03-27T07:29:39.000Z","volume":14000,"label":" ","price":5.93},{"type":"B","date":"2018-03-27T07:31:19.000Z","volume":2000,"label":" ","price":5.9},{"type":"B","date":"2018-03-27T07:32:36.000Z","volume":16000,"label":" ","price":5.9},{"type":"B","date":"2018-03-27T07:32:44.000Z","volume":2000,"label":" ","price":5.9},{"type":"A","date":"2018-03-27T07:34:11.000Z","volume":6000,"label":" ","price":5.9},{"type":"A","date":"2018-03-27T07:34:33.000Z","volume":2000,"label":" ","price":5.9},{"type":"B","date":"2018-03-27T07:39:58.000Z","volume":2000,"label":" ","price":5.93},{"type":"B","date":"2018-03-27T07:40:20.000Z","volume":4000,"label":" ","price":5.9},{"type":"B","date":"2018-03-27T07:40:20.000Z","volume":16000,"label":" ","price":5.89},{"type":"B","date":"2018-03-27T07:40:20.000Z","volume":2000,"label":" ","price":5.88},{"type":"B","date":"2018-03-27T07:40:20.000Z","volume":8000,"label":" ","price":5.86},{"type":"B","date":"2018-03-27T07:40:20.000Z","volume":4000,"label":" ","price":5.85},{"type":"B","date":"2018-03-27T07:40:20.000Z","volume":2000,"label":" ","price":5.84},{"type":"B","date":"2018-03-27T07:40:20.000Z","volume":2000,"label":" ","price":5.83},{"type":"A","date":"2018-03-27T07:41:37.000Z","volume":2000,"label":" ","price":5.92},{"type":"A","date":"2018-03-27T07:41:39.000Z","volume":2000,"label":" ","price":5.93},{"type":"A","date":"2018-03-27T07:41:39.000Z","volume":8000,"label":" ","price":5.94},{"type":"B","date":"2018-03-27T07:43:18.000Z","volume":2000,"label":" ","price":5.92},{"type":"B","date":"2018-03-27T07:43:18.000Z","volume":14000,"label":" ","price":5.91},{"type":"B","date":"2018-03-27T07:45:06.000Z","volume":100000,"label":" ","price":5.91},{"type":"B","date":"2018-03-27T07:46:12.000Z","volume":6000,"label":" ","price":5.91},{"type":"B","date":"2018-03-27T07:46:43.000Z","volume":10000,"label":" ","price":5.91},{"type":"B","date":"2018-03-27T07:50:45.000Z","volume":6000,"label":" ","price":5.91},{"type":"B","date":"2018-03-27T07:54:41.000Z","volume":6000,"label":" ","price":5.91},{"type":"B","date":"2018-03-27T07:56:52.000Z","volume":4000,"label":" ","price":5.91},{"type":"B","date":"2018-03-27T07:57:11.000Z","volume":10000,"label":" ","price":5.91},{"type":"B","date":"2018-03-27T07:59:35.000Z","volume":8000,"label":" ","price":5.88}]