[{"type":"B","date":"2018-04-11T01:30:00.000Z","volume":176000,"label":" ","price":0.55},{"type":"A","date":"2018-04-11T01:30:27.000Z","volume":64000,"label":" ","price":0.55},{"type":"A","date":"2018-04-11T01:33:56.000Z","volume":48000,"label":" ","price":0.55},{"type":"A","date":"2018-04-11T01:35:48.000Z","volume":48000,"label":" ","price":0.55},{"type":"A","date":"2018-04-11T01:37:33.000Z","volume":56000,"label":" ","price":0.55},{"type":"A","date":"2018-04-11T01:46:01.000Z","volume":72000,"label":" ","price":0.55},{"type":"A","date":"2018-04-11T01:54:20.000Z","volume":112000,"label":" ","price":0.55},{"type":"A","date":"2018-04-11T01:54:34.000Z","volume":208000,"label":" ","price":0.55},{"type":"A","date":"2018-04-11T02:08:50.000Z","volume":56000,"label":" ","price":0.55},{"type":"A","date":"2018-04-11T02:10:35.000Z","volume":72000,"label":" ","price":0.55},{"type":"A","date":"2018-04-11T02:11:57.000Z","volume":8000,"label":" ","price":0.55},{"type":"A","date":"2018-04-11T02:12:05.000Z","volume":80000,"label":" ","price":0.55},{"type":"A","date":"2018-04-11T02:16:11.000Z","volume":40000,"label":" ","price":0.55},{"type":"A","date":"2018-04-11T02:20:57.000Z","volume":72000,"label":" ","price":0.55},{"type":"A","date":"2018-04-11T02:21:10.000Z","volume":176000,"label":" ","price":0.55},{"type":"A","date":"2018-04-11T02:23:16.000Z","volume":88000,"label":" ","price":0.55},{"type":"A","date":"2018-04-11T02:25:22.000Z","volume":40000,"label":" ","price":0.55},{"type":"A","date":"2018-04-11T02:27:54.000Z","volume":48000,"label":" ","price":0.55},{"type":"A","date":"2018-04-11T02:31:32.000Z","volume":32000,"label":" ","price":0.55},{"type":"A","date":"2018-04-11T02:39:03.000Z","volume":56000,"label":" ","price":0.55},{"type":"A","date":"2018-04-11T02:42:07.000Z","volume":224000,"label":" ","price":0.55},{"type":"A","date":"2018-04-11T02:42:11.000Z","volume":8000,"label":" ","price":0.56},{"type":"B","date":"2018-04-11T02:42:58.000Z","volume":216000,"label":" ","price":0.55},{"type":"A","date":"2018-04-11T02:44:01.000Z","volume":40000,"label":" ","price":0.55},{"type":"A","date":"2018-04-11T02:44:03.000Z","volume":48000,"label":" ","price":0.55},{"type":"A","date":"2018-04-11T02:44:20.000Z","volume":144000,"label":" ","price":0.55},{"type":"A","date":"2018-04-11T02:44:38.000Z","volume":152000,"label":" ","price":0.55},{"type":"A","date":"2018-04-11T02:44:57.000Z","volume":8000,"label":" ","price":0.56},{"type":"B","date":"2018-04-11T02:46:00.000Z","volume":208000,"label":" ","price":0.55},{"type":"A","date":"2018-04-11T02:46:11.000Z","volume":80000,"label":" ","price":0.55},{"type":"A","date":"2018-04-11T02:46:22.000Z","volume":80000,"label":" ","price":0.55},{"type":"A","date":"2018-04-11T02:46:23.000Z","volume":184000,"label":" ","price":0.55},{"type":"A","date":"2018-04-11T02:46:33.000Z","volume":200000,"label":" ","price":0.55},{"type":"A","date":"2018-04-11T02:46:41.000Z","volume":48000,"label":" ","price":0.55},{"type":"A","date":"2018-04-11T02:47:00.000Z","volume":120000,"label":" ","price":0.55},{"type":"A","date":"2018-04-11T02:47:06.000Z","volume":32000,"label":" ","price":0.55},{"type":"A","date":"2018-04-11T02:47:16.000Z","volume":80000,"label":" ","price":0.55},{"type":"A","date":"2018-04-11T02:47:25.000Z","volume":160000,"label":" ","price":0.55},{"type":"A","date":"2018-04-11T02:47:31.000Z","volume":88000,"label":" ","price":0.55},{"type":"A","date":"2018-04-11T02:48:17.000Z","volume":48000,"label":" ","price":0.55},{"type":"A","date":"2018-04-11T02:51:20.000Z","volume":32000,"label":" ","price":0.55},{"type":"A","date":"2018-04-11T02:53:32.000Z","volume":16000,"label":" ","price":0.55},{"type":"A","date":"2018-04-11T02:56:13.000Z","volume":104000,"label":" ","price":0.55},{"type":"A","date":"2018-04-11T02:58:59.000Z","volume":40000,"label":" ","price":0.55},{"type":"A","date":"2018-04-11T03:03:15.000Z","volume":272000,"label":" ","price":0.55},{"type":"A","date":"2018-04-11T03:03:40.000Z","volume":72000,"label":" ","price":0.55},{"type":"A","date":"2018-04-11T03:03:54.000Z","volume":112000,"label":" ","price":0.55},{"type":"A","date":"2018-04-11T03:04:25.000Z","volume":64000,"label":" ","price":0.55},{"type":"A","date":"2018-04-11T03:04:37.000Z","volume":48000,"label":" ","price":0.55},{"type":"A","date":"2018-04-11T03:04:57.000Z","volume":32000,"label":" ","price":0.55},{"type":"A","date":"2018-04-11T03:05:19.000Z","volume":40000,"label":" ","price":0.55},{"type":"A","date":"2018-04-11T03:05:41.000Z","volume":32000,"label":" ","price":0.55},{"type":"A","date":"2018-04-11T03:06:05.000Z","volume":88000,"label":" ","price":0.55},{"type":"A","date":"2018-04-11T03:06:37.000Z","volume":248000,"label":" ","price":0.55},{"type":"B","date":"2018-04-11T03:07:53.000Z","volume":152000,"label":" ","price":0.55},{"type":"A","date":"2018-04-11T03:09:20.000Z","volume":48000,"label":" ","price":0.55},{"type":"A","date":"2018-04-11T03:09:27.000Z","volume":80000,"label":" ","price":0.55},{"type":"A","date":"2018-04-11T03:09:32.000Z","volume":32000,"label":" ","price":0.55},{"type":"A","date":"2018-04-11T03:10:01.000Z","volume":72000,"label":" ","price":0.55},{"type":"A","date":"2018-04-11T03:10:11.000Z","volume":96000,"label":" ","price":0.55},{"type":"A","date":"2018-04-11T03:10:22.000Z","volume":48000,"label":" ","price":0.55},{"type":"A","date":"2018-04-11T03:12:08.000Z","volume":104000,"label":" ","price":0.55},{"type":"A","date":"2018-04-11T03:12:11.000Z","volume":48000,"label":" ","price":0.55},{"type":"B","date":"2018-04-11T03:12:17.000Z","volume":104000,"label":" ","price":0.55},{"type":"A","date":"2018-04-11T03:12:34.000Z","volume":80000,"label":" ","price":0.55},{"type":"A","date":"2018-04-11T03:12:49.000Z","volume":48000,"label":" ","price":0.55},{"type":"A","date":"2018-04-11T03:13:16.000Z","volume":88000,"label":" ","price":0.55},{"type":"A","date":"2018-04-11T03:14:06.000Z","volume":64000,"label":" ","price":0.55},{"type":"A","date":"2018-04-11T03:15:09.000Z","volume":96000,"label":" ","price":0.55},{"type":"A","date":"2018-04-11T03:16:11.000Z","volume":48000,"label":" ","price":0.55},{"type":"A","date":"2018-04-11T03:17:25.000Z","volume":64000,"label":" ","price":0.55},{"type":"A","date":"2018-04-11T03:17:56.000Z","volume":56000,"label":" ","price":0.55},{"type":"A","date":"2018-04-11T03:18:13.000Z","volume":80000,"label":" ","price":0.55},{"type":"A","date":"2018-04-11T03:18:28.000Z","volume":40000,"label":" ","price":0.55},{"type":"A","date":"2018-04-11T03:19:03.000Z","volume":48000,"label":" ","price":0.55},{"type":"A","date":"2018-04-11T03:20:39.000Z","volume":200000,"label":" ","price":0.55},{"type":"A","date":"2018-04-11T03:21:16.000Z","volume":88000,"label":" ","price":0.55},{"type":"A","date":"2018-04-11T03:21:30.000Z","volume":32000,"label":" ","price":0.55},{"type":"A","date":"2018-04-11T03:21:43.000Z","volume":16000,"label":" ","price":0.55},{"type":"A","date":"2018-04-11T03:22:03.000Z","volume":56000,"label":" ","price":0.55},{"type":"A","date":"2018-04-11T03:22:28.000Z","volume":64000,"label":" ","price":0.55},{"type":"A","date":"2018-04-11T03:23:24.000Z","volume":96000,"label":" ","price":0.55},{"type":"A","date":"2018-04-11T03:23:35.000Z","volume":88000,"label":" ","price":0.55},{"type":"A","date":"2018-04-11T03:24:22.000Z","volume":72000,"label":" ","price":0.55},{"type":"A","date":"2018-04-11T03:24:28.000Z","volume":64000,"label":" ","price":0.55},{"type":"A","date":"2018-04-11T03:25:02.000Z","volume":40000,"label":" ","price":0.55},{"type":"A","date":"2018-04-11T03:25:12.000Z","volume":56000,"label":" ","price":0.55},{"type":"A","date":"2018-04-11T03:28:28.000Z","volume":80000,"label":" ","price":0.55},{"type":"A","date":"2018-04-11T03:29:04.000Z","volume":96000,"label":" ","price":0.55},{"type":"A","date":"2018-04-11T03:29:20.000Z","volume":64000,"label":" ","price":0.55},{"type":"A","date":"2018-04-11T03:30:02.000Z","volume":48000,"label":" ","price":0.55},{"type":"A","date":"2018-04-11T03:30:09.000Z","volume":80000,"label":" ","price":0.55},{"type":"A","date":"2018-04-11T03:37:00.000Z","volume":8000,"label":" ","price":0.55},{"type":"A","date":"2018-04-11T03:50:02.000Z","volume":40000,"label":" ","price":0.55},{"type":"A","date":"2018-04-11T03:54:25.000Z","volume":32000,"label":" ","price":0.55},{"type":"A","date":"2018-04-11T03:57:41.000Z","volume":24000,"label":" ","price":0.55},{"type":"A","date":"2018-04-11T03:58:15.000Z","volume":40000,"label":" ","price":0.55},{"type":"A","date":"2018-04-11T03:59:54.000Z","volume":80000,"label":" ","price":0.55},{"type":"B","date":"2018-04-11T05:06:33.000Z","volume":48000,"label":" ","price":0.55},{"type":"A","date":"2018-04-11T05:27:21.000Z","volume":112000,"label":" ","price":0.55},{"type":"A","date":"2018-04-11T05:27:26.000Z","volume":72000,"label":" ","price":0.55},{"type":"A","date":"2018-04-11T05:27:36.000Z","volume":200000,"label":" ","price":0.55},{"type":"A","date":"2018-04-11T05:27:43.000Z","volume":48000,"label":" ","price":0.55},{"type":"A","date":"2018-04-11T05:27:53.000Z","volume":56000,"label":" ","price":0.55},{"type":"A","date":"2018-04-11T05:28:02.000Z","volume":112000,"label":" ","price":0.55},{"type":"A","date":"2018-04-11T05:29:14.000Z","volume":96000,"label":" ","price":0.55},{"type":"A","date":"2018-04-11T05:30:05.000Z","volume":224000,"label":" ","price":0.55},{"type":"A","date":"2018-04-11T05:31:12.000Z","volume":80000,"label":" ","price":0.55},{"type":"A","date":"2018-04-11T05:31:20.000Z","volume":72000,"label":" ","price":0.55},{"type":"A","date":"2018-04-11T05:31:41.000Z","volume":128000,"label":" ","price":0.55},{"type":"A","date":"2018-04-11T05:32:57.000Z","volume":48000,"label":" ","price":0.55},{"type":"A","date":"2018-04-11T05:33:20.000Z","volume":200000,"label":" ","price":0.55},{"type":"A","date":"2018-04-11T05:33:25.000Z","volume":8000,"label":" ","price":0.55},{"type":"A","date":"2018-04-11T05:34:48.000Z","volume":72000,"label":" ","price":0.55},{"type":"A","date":"2018-04-11T05:36:36.000Z","volume":120000,"label":" ","price":0.55},{"type":"A","date":"2018-04-11T05:40:42.000Z","volume":40000,"label":" ","price":0.55},{"type":"A","date":"2018-04-11T05:53:33.000Z","volume":16000,"label":" ","price":0.55},{"type":"A","date":"2018-04-11T06:01:50.000Z","volume":40000,"label":" ","price":0.55},{"type":"A","date":"2018-04-11T06:20:17.000Z","volume":88000,"label":" ","price":0.55},{"type":"A","date":"2018-04-11T06:33:07.000Z","volume":152000,"label":" ","price":0.55},{"type":"A","date":"2018-04-11T06:41:38.000Z","volume":24000,"label":" ","price":0.55},{"type":"A","date":"2018-04-11T06:54:47.000Z","volume":8000,"label":" ","price":0.55},{"type":"A","date":"2018-04-11T07:06:25.000Z","volume":8000,"label":" ","price":0.55},{"type":"A","date":"2018-04-11T07:19:22.000Z","volume":8000,"label":" ","price":0.55},{"type":"A","date":"2018-04-11T07:45:01.000Z","volume":8000,"label":" ","price":0.55}]