[{"type":"B","date":"2018-03-23T01:30:47.000Z","volume":900,"label":" ","price":29.4},{"type":"A","date":"2018-03-23T02:02:57.000Z","volume":600,"label":" ","price":30.1},{"type":"B","date":"2018-03-23T02:06:51.000Z","volume":2400,"label":" ","price":29.9},{"type":"B","date":"2018-03-23T02:07:28.000Z","volume":3600,"label":" ","price":29.95},{"type":"B","date":"2018-03-23T02:32:11.000Z","volume":600,"label":" ","price":29.95},{"type":"A","date":"2018-03-23T03:58:47.000Z","volume":2400,"label":" ","price":30.25},{"type":"A","date":"2018-03-23T03:58:47.000Z","volume":600,"label":" ","price":30.3},{"type":"B","date":"2018-03-23T05:00:00.000Z","volume":300,"label":" ","price":29.95},{"type":"B","date":"2018-03-23T05:00:00.000Z","volume":300,"label":" ","price":29.9},{"type":"B","date":"2018-03-23T05:00:00.000Z","volume":600,"label":" ","price":29.9},{"type":"B","date":"2018-03-23T05:00:00.000Z","volume":300,"label":" ","price":29.9},{"type":"B","date":"2018-03-23T05:27:30.000Z","volume":300,"label":" ","price":29.55},{"type":"A","date":"2018-03-23T05:28:47.000Z","volume":300,"label":" ","price":29.55},{"type":"B","date":"2018-03-23T05:39:00.000Z","volume":900,"label":" ","price":29.5},{"type":"A","date":"2018-03-23T05:48:37.000Z","volume":600,"label":" ","price":29.6},{"type":"B","date":"2018-03-23T05:55:27.000Z","volume":4800,"label":" ","price":29.5},{"type":"B","date":"2018-03-23T05:56:45.000Z","volume":8400,"label":" ","price":29.5},{"type":"A","date":"2018-03-23T06:31:59.000Z","volume":600,"label":" ","price":29.55},{"type":"A","date":"2018-03-23T06:37:00.000Z","volume":1200,"label":" ","price":29.55},{"type":"B","date":"2018-03-23T07:18:34.000Z","volume":300,"label":" ","price":29.6},{"type":"B","date":"2018-03-23T07:29:59.000Z","volume":600,"label":" ","price":29.6},{"type":"A","date":"2018-03-23T07:34:52.000Z","volume":1200,"label":" ","price":29.65},{"type":"A","date":"2018-03-23T07:34:52.000Z","volume":600,"label":" ","price":29.65},{"type":"A","date":"2018-03-23T07:35:47.000Z","volume":1800,"label":" ","price":29.7},{"type":"A","date":"2018-03-23T07:36:11.000Z","volume":600,"label":" ","price":29.7},{"type":"A","date":"2018-03-23T07:37:04.000Z","volume":1200,"label":" ","price":29.65},{"type":"A","date":"2018-03-23T07:50:56.000Z","volume":300,"label":" ","price":29.55},{"type":"B","date":"2018-03-23T07:55:29.000Z","volume":600,"label":" ","price":29.5}]