[{"type":"U","date":"2018-04-11T01:20:00.000Z","volume":27500,"label":"U","price":5.22},{"type":"A","date":"2018-04-11T01:30:07.000Z","volume":12000,"label":"Y","price":5.22},{"type":"A","date":"2018-04-11T01:30:07.000Z","volume":40000,"label":" ","price":5.22},{"type":"A","date":"2018-04-11T01:30:07.000Z","volume":66500,"label":" ","price":5.23},{"type":"A","date":"2018-04-11T01:30:07.000Z","volume":1000,"label":" ","price":5.24},{"type":"A","date":"2018-04-11T01:30:10.000Z","volume":2000,"label":" ","price":5.24},{"type":"A","date":"2018-04-11T01:30:10.000Z","volume":500,"label":" ","price":5.24},{"type":"B","date":"2018-04-11T01:30:13.000Z","volume":14500,"label":" ","price":5.23},{"type":"A","date":"2018-04-11T01:30:26.000Z","volume":24000,"label":" ","price":5.24},{"type":"A","date":"2018-04-11T01:30:26.000Z","volume":500,"label":" ","price":5.24},{"type":"B","date":"2018-04-11T01:30:27.000Z","volume":2000,"label":" ","price":5.23},{"type":"A","date":"2018-04-11T01:30:31.000Z","volume":100000,"label":" ","price":5.24},{"type":"B","date":"2018-04-11T01:30:31.000Z","volume":12000,"label":" ","price":5.23},{"type":"B","date":"2018-04-11T01:31:34.000Z","volume":10000,"label":" ","price":5.23},{"type":"B","date":"2018-04-11T01:32:08.000Z","volume":3500,"label":" ","price":5.23},{"type":"A","date":"2018-04-11T01:32:49.000Z","volume":10000,"label":" ","price":5.24},{"type":"A","date":"2018-04-11T01:33:10.000Z","volume":20000,"label":" ","price":5.24},{"type":"B","date":"2018-04-11T01:33:11.000Z","volume":4000,"label":" ","price":5.23},{"type":"A","date":"2018-04-11T01:34:00.000Z","volume":10000,"label":" ","price":5.24},{"type":"A","date":"2018-04-11T01:34:02.000Z","volume":10000,"label":" ","price":5.24},{"type":"B","date":"2018-04-11T01:34:17.000Z","volume":334000,"label":" ","price":5.23},{"type":"B","date":"2018-04-11T01:34:17.000Z","volume":35500,"label":" ","price":5.23},{"type":"B","date":"2018-04-11T01:34:17.000Z","volume":1500,"label":" ","price":5.23},{"type":"B","date":"2018-04-11T01:34:17.000Z","volume":12000,"label":" ","price":5.22},{"type":"B","date":"2018-04-11T01:34:17.000Z","volume":12000,"label":" ","price":5.21},{"type":"B","date":"2018-04-11T01:34:17.000Z","volume":8000,"label":" ","price":5.2},{"type":"B","date":"2018-04-11T01:34:17.000Z","volume":38000,"label":" ","price":5.2},{"type":"B","date":"2018-04-11T01:34:18.000Z","volume":4000,"label":" ","price":5.19},{"type":"B","date":"2018-04-11T01:34:18.000Z","volume":2000,"label":" ","price":5.19},{"type":"A","date":"2018-04-11T01:34:18.000Z","volume":5500,"label":" ","price":5.21},{"type":"B","date":"2018-04-11T01:34:31.000Z","volume":1500,"label":" ","price":5.19},{"type":"A","date":"2018-04-11T01:34:45.000Z","volume":500,"label":"Y","price":5.2},{"type":"A","date":"2018-04-11T01:34:54.000Z","volume":1000,"label":" ","price":5.2},{"type":"B","date":"2018-04-11T01:34:57.000Z","volume":25000,"label":" ","price":5.19},{"type":"A","date":"2018-04-11T01:35:01.000Z","volume":4000,"label":" ","price":5.2},{"type":"A","date":"2018-04-11T01:35:14.000Z","volume":500,"label":" ","price":5.2},{"type":"A","date":"2018-04-11T01:35:30.000Z","volume":500,"label":" ","price":5.2},{"type":"A","date":"2018-04-11T01:35:30.000Z","volume":6000,"label":"Y","price":5.2},{"type":"A","date":"2018-04-11T01:35:30.000Z","volume":68000,"label":" ","price":5.2},{"type":"B","date":"2018-04-11T01:35:31.000Z","volume":3000,"label":"Y","price":5.19},{"type":"A","date":"2018-04-11T01:35:41.000Z","volume":500,"label":"Y","price":5.2},{"type":"A","date":"2018-04-11T01:35:41.000Z","volume":45000,"label":" ","price":5.2},{"type":"A","date":"2018-04-11T01:35:46.000Z","volume":2000,"label":" ","price":5.2},{"type":"A","date":"2018-04-11T01:36:03.000Z","volume":2000,"label":" ","price":5.2},{"type":"A","date":"2018-04-11T01:36:09.000Z","volume":86500,"label":" ","price":5.2},{"type":"A","date":"2018-04-11T01:36:12.000Z","volume":500,"label":"Y","price":5.2},{"type":"A","date":"2018-04-11T01:36:31.000Z","volume":500,"label":"Y","price":5.2},{"type":"A","date":"2018-04-11T01:36:52.000Z","volume":10000,"label":" ","price":5.2},{"type":"A","date":"2018-04-11T01:37:04.000Z","volume":500,"label":"Y","price":5.2},{"type":"A","date":"2018-04-11T01:37:12.000Z","volume":500,"label":" ","price":5.2},{"type":"A","date":"2018-04-11T01:37:14.000Z","volume":10000,"label":" ","price":5.2},{"type":"A","date":"2018-04-11T01:37:19.000Z","volume":500,"label":"Y","price":5.2},{"type":"A","date":"2018-04-11T01:37:29.000Z","volume":1000,"label":" ","price":5.2},{"type":"B","date":"2018-04-11T01:37:35.000Z","volume":12000,"label":" ","price":5.19},{"type":"B","date":"2018-04-11T01:37:43.000Z","volume":36500,"label":" ","price":5.19},{"type":"A","date":"2018-04-11T01:37:52.000Z","volume":500,"label":"Y","price":5.2},{"type":"A","date":"2018-04-11T01:38:03.000Z","volume":10000,"label":" ","price":5.2},{"type":"A","date":"2018-04-11T01:38:09.000Z","volume":500,"label":"Y","price":5.2},{"type":"A","date":"2018-04-11T01:38:21.000Z","volume":10000,"label":" ","price":5.2},{"type":"A","date":"2018-04-11T01:38:40.000Z","volume":500,"label":"Y","price":5.2},{"type":"A","date":"2018-04-11T01:38:57.000Z","volume":500,"label":"Y","price":5.2},{"type":"B","date":"2018-04-11T01:39:11.000Z","volume":7000,"label":" ","price":5.19},{"type":"A","date":"2018-04-11T01:39:11.000Z","volume":500,"label":"Y","price":5.2},{"type":"A","date":"2018-04-11T01:39:29.000Z","volume":500,"label":"Y","price":5.2},{"type":"A","date":"2018-04-11T01:39:45.000Z","volume":500,"label":"Y","price":5.2},{"type":"B","date":"2018-04-11T01:39:56.000Z","volume":28000,"label":" ","price":5.19},{"type":"B","date":"2018-04-11T01:39:56.000Z","volume":23000,"label":" ","price":5.19},{"type":"U","date":"2018-04-11T01:40:27.000Z","volume":9000,"label":" ","price":5.19},{"type":"B","date":"2018-04-11T01:40:35.000Z","volume":11500,"label":" ","price":5.19},{"type":"A","date":"2018-04-11T01:40:38.000Z","volume":10000,"label":" ","price":5.19},{"type":"A","date":"2018-04-11T01:41:16.000Z","volume":500,"label":" ","price":5.19},{"type":"A","date":"2018-04-11T01:41:35.000Z","volume":500,"label":" ","price":5.19},{"type":"A","date":"2018-04-11T01:41:53.000Z","volume":500,"label":" ","price":5.19},{"type":"A","date":"2018-04-11T01:42:10.000Z","volume":500,"label":" ","price":5.19},{"type":"A","date":"2018-04-11T01:42:14.000Z","volume":38000,"label":" ","price":5.19},{"type":"A","date":"2018-04-11T01:42:18.000Z","volume":500,"label":"Y","price":5.19},{"type":"A","date":"2018-04-11T01:42:22.000Z","volume":24000,"label":" ","price":5.19},{"type":"A","date":"2018-04-11T01:42:22.000Z","volume":200000,"label":" ","price":5.19},{"type":"A","date":"2018-04-11T01:42:22.000Z","volume":500,"label":"Y","price":5.19},{"type":"A","date":"2018-04-11T01:42:23.000Z","volume":38000,"label":" ","price":5.19},{"type":"A","date":"2018-04-11T01:42:24.000Z","volume":24000,"label":" ","price":5.19},{"type":"A","date":"2018-04-11T01:42:24.000Z","volume":38000,"label":" ","price":5.19},{"type":"A","date":"2018-04-11T01:42:25.000Z","volume":24000,"label":" ","price":5.19},{"type":"A","date":"2018-04-11T01:42:25.000Z","volume":38000,"label":" ","price":5.19},{"type":"A","date":"2018-04-11T01:42:40.000Z","volume":5000,"label":" ","price":5.19},{"type":"A","date":"2018-04-11T01:42:46.000Z","volume":500,"label":" ","price":5.19},{"type":"A","date":"2018-04-11T01:42:48.000Z","volume":4500,"label":" ","price":5.19},{"type":"A","date":"2018-04-11T01:42:55.000Z","volume":12000,"label":" ","price":5.19},{"type":"B","date":"2018-04-11T01:43:09.000Z","volume":63500,"label":"Y","price":5.18},{"type":"B","date":"2018-04-11T01:43:09.000Z","volume":180500,"label":" ","price":5.18},{"type":"A","date":"2018-04-11T01:43:13.000Z","volume":5000,"label":" ","price":5.18},{"type":"B","date":"2018-04-11T01:43:34.000Z","volume":11000,"label":"Y","price":5.17},{"type":"B","date":"2018-04-11T01:43:34.000Z","volume":68500,"label":" ","price":5.17},{"type":"A","date":"2018-04-11T01:43:40.000Z","volume":100000,"label":" ","price":5.17},{"type":"A","date":"2018-04-11T01:43:40.000Z","volume":126000,"label":" ","price":5.17},{"type":"A","date":"2018-04-11T01:43:59.000Z","volume":51000,"label":"Y","price":5.18},{"type":"A","date":"2018-04-11T01:43:59.000Z","volume":182500,"label":" ","price":5.18},{"type":"A","date":"2018-04-11T01:43:59.000Z","volume":12000,"label":" ","price":5.18},{"type":"B","date":"2018-04-11T01:44:17.000Z","volume":2000,"label":"Y","price":5.17},{"type":"B","date":"2018-04-11T01:44:17.000Z","volume":167500,"label":" ","price":5.17},{"type":"B","date":"2018-04-11T01:44:17.000Z","volume":19500,"label":" ","price":5.17},{"type":"B","date":"2018-04-11T01:44:17.000Z","volume":19500,"label":" ","price":5.17},{"type":"A","date":"2018-04-11T01:44:21.000Z","volume":10000,"label":" ","price":5.17},{"type":"A","date":"2018-04-11T01:44:29.000Z","volume":10000,"label":" ","price":5.17},{"type":"A","date":"2018-04-11T01:44:55.000Z","volume":21000,"label":"Y","price":5.17},{"type":"A","date":"2018-04-11T01:44:56.000Z","volume":1000,"label":"Y","price":5.17},{"type":"B","date":"2018-04-11T01:45:02.000Z","volume":4500,"label":" ","price":5.16},{"type":"A","date":"2018-04-11T01:45:15.000Z","volume":2000,"label":" ","price":5.17},{"type":"B","date":"2018-04-11T01:45:55.000Z","volume":9000,"label":" ","price":5.16},{"type":"A","date":"2018-04-11T01:46:48.000Z","volume":7000,"label":"Y","price":5.17},{"type":"B","date":"2018-04-11T01:46:53.000Z","volume":4000,"label":" ","price":5.16},{"type":"A","date":"2018-04-11T01:46:58.000Z","volume":20000,"label":" ","price":5.17},{"type":"A","date":"2018-04-11T01:47:00.000Z","volume":10000,"label":" ","price":5.17},{"type":"A","date":"2018-04-11T01:47:00.000Z","volume":38000,"label":" ","price":5.17},{"type":"B","date":"2018-04-11T01:47:01.000Z","volume":4500,"label":" ","price":5.16},{"type":"B","date":"2018-04-11T01:47:02.000Z","volume":10500,"label":" ","price":5.16},{"type":"A","date":"2018-04-11T01:47:03.000Z","volume":385000,"label":" ","price":5.17},{"type":"A","date":"2018-04-11T01:47:04.000Z","volume":24000,"label":" ","price":5.18},{"type":"A","date":"2018-04-11T01:47:04.000Z","volume":38000,"label":" ","price":5.18},{"type":"A","date":"2018-04-11T01:47:04.000Z","volume":38000,"label":" ","price":5.18},{"type":"A","date":"2018-04-11T01:47:05.000Z","volume":24000,"label":" ","price":5.18},{"type":"A","date":"2018-04-11T01:47:05.000Z","volume":38000,"label":" ","price":5.18},{"type":"B","date":"2018-04-11T01:47:05.000Z","volume":2000,"label":" ","price":5.17},{"type":"B","date":"2018-04-11T01:47:19.000Z","volume":3500,"label":" ","price":5.17},{"type":"B","date":"2018-04-11T01:47:53.000Z","volume":10000,"label":" ","price":5.17},{"type":"A","date":"2018-04-11T01:47:56.000Z","volume":117500,"label":" ","price":5.18},{"type":"A","date":"2018-04-11T01:48:12.000Z","volume":213000,"label":" ","price":5.19},{"type":"A","date":"2018-04-11T01:48:12.000Z","volume":131000,"label":" ","price":5.2},{"type":"A","date":"2018-04-11T01:48:12.000Z","volume":156000,"label":" ","price":5.2},{"type":"A","date":"2018-04-11T01:48:12.000Z","volume":1500,"label":" ","price":5.19},{"type":"B","date":"2018-04-11T01:48:13.000Z","volume":2000,"label":" ","price":5.19},{"type":"B","date":"2018-04-11T01:48:13.000Z","volume":3500,"label":" ","price":5.19},{"type":"B","date":"2018-04-11T01:48:14.000Z","volume":35000,"label":" ","price":5.18},{"type":"A","date":"2018-04-11T01:48:22.000Z","volume":66500,"label":" ","price":5.19},{"type":"A","date":"2018-04-11T01:48:22.000Z","volume":133500,"label":" ","price":5.19},{"type":"B","date":"2018-04-11T01:48:27.000Z","volume":20000,"label":" ","price":5.18},{"type":"A","date":"2018-04-11T01:48:27.000Z","volume":500,"label":" ","price":5.19},{"type":"B","date":"2018-04-11T01:48:28.000Z","volume":31500,"label":" ","price":5.18},{"type":"A","date":"2018-04-11T01:48:28.000Z","volume":290000,"label":" ","price":5.19},{"type":"A","date":"2018-04-11T01:48:28.000Z","volume":10000,"label":" ","price":5.19},{"type":"B","date":"2018-04-11T01:48:32.000Z","volume":17000,"label":" ","price":5.18},{"type":"A","date":"2018-04-11T01:48:35.000Z","volume":122000,"label":" ","price":5.18},{"type":"A","date":"2018-04-11T01:48:35.000Z","volume":8000,"label":" ","price":5.19},{"type":"A","date":"2018-04-11T01:49:02.000Z","volume":24000,"label":" ","price":5.2},{"type":"A","date":"2018-04-11T01:49:15.000Z","volume":10000,"label":" ","price":5.2},{"type":"A","date":"2018-04-11T01:49:24.000Z","volume":17000,"label":" ","price":5.2},{"type":"A","date":"2018-04-11T01:49:24.000Z","volume":38000,"label":" ","price":5.2},{"type":"B","date":"2018-04-11T01:50:21.000Z","volume":371000,"label":" ","price":5.19},{"type":"B","date":"2018-04-11T01:50:31.000Z","volume":144000,"label":" ","price":5.18},{"type":"B","date":"2018-04-11T01:50:31.000Z","volume":247500,"label":" ","price":5.18},{"type":"B","date":"2018-04-11T01:50:42.000Z","volume":119000,"label":" ","price":5.18},{"type":"A","date":"2018-04-11T01:51:01.000Z","volume":10000,"label":" ","price":5.18},{"type":"A","date":"2018-04-11T01:51:01.000Z","volume":20000,"label":" ","price":5.18},{"type":"B","date":"2018-04-11T01:51:26.000Z","volume":10000,"label":" ","price":5.18},{"type":"B","date":"2018-04-11T01:51:50.000Z","volume":40000,"label":" ","price":5.18},{"type":"B","date":"2018-04-11T01:51:51.000Z","volume":1500,"label":" ","price":5.18},{"type":"B","date":"2018-04-11T01:51:51.000Z","volume":5000,"label":" ","price":5.18},{"type":"B","date":"2018-04-11T01:51:52.000Z","volume":8000,"label":" ","price":5.17},{"type":"A","date":"2018-04-11T01:52:03.000Z","volume":10500,"label":" ","price":5.18},{"type":"B","date":"2018-04-11T01:52:46.000Z","volume":4000,"label":" ","price":5.18},{"type":"B","date":"2018-04-11T01:52:47.000Z","volume":6000,"label":"Y","price":5.18},{"type":"A","date":"2018-04-11T01:53:54.000Z","volume":1000,"label":" ","price":5.19},{"type":"B","date":"2018-04-11T01:54:21.000Z","volume":4000,"label":" ","price":5.18},{"type":"A","date":"2018-04-11T01:55:09.000Z","volume":10000,"label":" ","price":5.19},{"type":"A","date":"2018-04-11T01:58:18.000Z","volume":500,"label":" ","price":5.19},{"type":"A","date":"2018-04-11T01:58:45.000Z","volume":500,"label":" ","price":5.19},{"type":"A","date":"2018-04-11T01:59:19.000Z","volume":29500,"label":" ","price":5.19},{"type":"A","date":"2018-04-11T01:59:54.000Z","volume":2000,"label":" ","price":5.19},{"type":"A","date":"2018-04-11T01:59:59.000Z","volume":5000,"label":" ","price":5.19},{"type":"A","date":"2018-04-11T02:00:00.000Z","volume":1000,"label":" ","price":5.19},{"type":"B","date":"2018-04-11T02:00:00.000Z","volume":54000,"label":" ","price":5.18},{"type":"A","date":"2018-04-11T02:00:06.000Z","volume":32500,"label":" ","price":5.19},{"type":"B","date":"2018-04-11T02:01:00.000Z","volume":462000,"label":" ","price":5.18},{"type":"B","date":"2018-04-11T02:01:00.000Z","volume":157500,"label":" ","price":5.17},{"type":"B","date":"2018-04-11T02:01:00.000Z","volume":213000,"label":" ","price":5.17},{"type":"A","date":"2018-04-11T02:01:02.000Z","volume":1500,"label":" ","price":5.17},{"type":"A","date":"2018-04-11T02:01:03.000Z","volume":36500,"label":" ","price":5.17},{"type":"A","date":"2018-04-11T02:01:03.000Z","volume":45000,"label":" ","price":5.18},{"type":"U","date":"2018-04-11T02:01:03.000Z","volume":21000,"label":" ","price":5.17},{"type":"U","date":"2018-04-11T02:01:03.000Z","volume":10500,"label":" ","price":5.17},{"type":"B","date":"2018-04-11T02:01:06.000Z","volume":2500,"label":" ","price":5.17},{"type":"B","date":"2018-04-11T02:01:06.000Z","volume":500,"label":" ","price":5.17},{"type":"B","date":"2018-04-11T02:01:06.000Z","volume":500,"label":" ","price":5.17},{"type":"B","date":"2018-04-11T02:01:31.000Z","volume":30000,"label":" ","price":5.16},{"type":"A","date":"2018-04-11T02:01:34.000Z","volume":1000,"label":" ","price":5.17},{"type":"A","date":"2018-04-11T02:02:06.000Z","volume":24000,"label":" ","price":5.17},{"type":"A","date":"2018-04-11T02:02:06.000Z","volume":35500,"label":" ","price":5.17},{"type":"A","date":"2018-04-11T02:04:04.000Z","volume":500,"label":" ","price":5.18},{"type":"A","date":"2018-04-11T02:04:04.000Z","volume":500,"label":" ","price":5.18},{"type":"A","date":"2018-04-11T02:04:14.000Z","volume":30000,"label":" ","price":5.18},{"type":"B","date":"2018-04-11T02:06:04.000Z","volume":2000,"label":" ","price":5.18},{"type":"A","date":"2018-04-11T02:07:02.000Z","volume":5500,"label":"Y","price":5.19},{"type":"A","date":"2018-04-11T02:07:02.000Z","volume":64500,"label":" ","price":5.19},{"type":"A","date":"2018-04-11T02:07:23.000Z","volume":5500,"label":" ","price":5.19},{"type":"A","date":"2018-04-11T02:08:49.000Z","volume":4000,"label":" ","price":5.19},{"type":"B","date":"2018-04-11T02:08:50.000Z","volume":3000,"label":" ","price":5.18},{"type":"A","date":"2018-04-11T02:09:46.000Z","volume":500,"label":" ","price":5.19},{"type":"A","date":"2018-04-11T02:10:01.000Z","volume":5000,"label":" ","price":5.19},{"type":"A","date":"2018-04-11T02:10:01.000Z","volume":1000,"label":" ","price":5.19},{"type":"A","date":"2018-04-11T02:10:02.000Z","volume":2000,"label":"Y","price":5.19},{"type":"A","date":"2018-04-11T02:10:02.000Z","volume":2500,"label":" ","price":5.19},{"type":"A","date":"2018-04-11T02:10:03.000Z","volume":1000,"label":" ","price":5.19},{"type":"A","date":"2018-04-11T02:10:22.000Z","volume":2000,"label":" ","price":5.19},{"type":"A","date":"2018-04-11T02:10:24.000Z","volume":500,"label":" ","price":5.19},{"type":"A","date":"2018-04-11T02:10:45.000Z","volume":500,"label":" ","price":5.19},{"type":"A","date":"2018-04-11T02:11:21.000Z","volume":10000,"label":" ","price":5.19},{"type":"A","date":"2018-04-11T02:11:21.000Z","volume":500,"label":" ","price":5.19},{"type":"A","date":"2018-04-11T02:11:21.000Z","volume":6000,"label":" ","price":5.19},{"type":"A","date":"2018-04-11T02:12:01.000Z","volume":1000,"label":" ","price":5.19},{"type":"A","date":"2018-04-11T02:13:26.000Z","volume":500,"label":" ","price":5.19},{"type":"B","date":"2018-04-11T02:14:00.000Z","volume":8000,"label":" ","price":5.18},{"type":"A","date":"2018-04-11T02:14:00.000Z","volume":3000,"label":" ","price":5.19},{"type":"A","date":"2018-04-11T02:15:19.000Z","volume":2000,"label":"Y","price":5.19},{"type":"A","date":"2018-04-11T02:15:19.000Z","volume":1500,"label":" ","price":5.19},{"type":"B","date":"2018-04-11T02:16:06.000Z","volume":49500,"label":" ","price":5.18},{"type":"B","date":"2018-04-11T02:16:06.000Z","volume":500,"label":" ","price":5.18},{"type":"A","date":"2018-04-11T02:16:07.000Z","volume":500,"label":" ","price":5.18},{"type":"A","date":"2018-04-11T02:16:08.000Z","volume":500,"label":" ","price":5.18},{"type":"A","date":"2018-04-11T02:16:10.000Z","volume":18000,"label":" ","price":5.18},{"type":"A","date":"2018-04-11T02:16:10.000Z","volume":1000,"label":"Y","price":5.19},{"type":"A","date":"2018-04-11T02:16:10.000Z","volume":3500,"label":" ","price":5.19},{"type":"A","date":"2018-04-11T02:16:17.000Z","volume":33000,"label":" ","price":5.19},{"type":"A","date":"2018-04-11T02:16:17.000Z","volume":1000,"label":"Y","price":5.2},{"type":"A","date":"2018-04-11T02:16:17.000Z","volume":11000,"label":" ","price":5.2},{"type":"A","date":"2018-04-11T02:16:43.000Z","volume":1000,"label":" ","price":5.19},{"type":"A","date":"2018-04-11T02:18:29.000Z","volume":70000,"label":" ","price":5.2},{"type":"A","date":"2018-04-11T02:18:29.000Z","volume":172500,"label":" ","price":5.2},{"type":"A","date":"2018-04-11T02:18:29.000Z","volume":90500,"label":" ","price":5.2},{"type":"A","date":"2018-04-11T02:18:30.000Z","volume":100000,"label":" ","price":5.2},{"type":"A","date":"2018-04-11T02:18:31.000Z","volume":42000,"label":" ","price":5.2},{"type":"A","date":"2018-04-11T02:18:49.000Z","volume":70000,"label":" ","price":5.2},{"type":"A","date":"2018-04-11T02:18:51.000Z","volume":7500,"label":" ","price":5.2},{"type":"A","date":"2018-04-11T02:19:00.000Z","volume":500,"label":" ","price":5.2},{"type":"A","date":"2018-04-11T02:21:25.000Z","volume":8000,"label":" ","price":5.2},{"type":"A","date":"2018-04-11T02:22:22.000Z","volume":66000,"label":" ","price":5.2},{"type":"A","date":"2018-04-11T02:22:22.000Z","volume":12500,"label":" ","price":5.2},{"type":"A","date":"2018-04-11T02:22:23.000Z","volume":1000,"label":" ","price":5.2},{"type":"A","date":"2018-04-11T02:22:24.000Z","volume":500,"label":" ","price":5.2},{"type":"A","date":"2018-04-11T02:22:31.000Z","volume":2000,"label":" ","price":5.2},{"type":"A","date":"2018-04-11T02:22:52.000Z","volume":500,"label":" ","price":5.2},{"type":"A","date":"2018-04-11T02:22:55.000Z","volume":8000,"label":" ","price":5.2},{"type":"A","date":"2018-04-11T02:23:06.000Z","volume":500,"label":" ","price":5.2},{"type":"A","date":"2018-04-11T02:23:06.000Z","volume":500,"label":" ","price":5.2},{"type":"A","date":"2018-04-11T02:23:21.000Z","volume":500,"label":" ","price":5.2},{"type":"A","date":"2018-04-11T02:23:33.000Z","volume":500,"label":" ","price":5.2},{"type":"A","date":"2018-04-11T02:23:35.000Z","volume":500,"label":" ","price":5.2},{"type":"A","date":"2018-04-11T02:24:13.000Z","volume":500,"label":" ","price":5.2},{"type":"A","date":"2018-04-11T02:25:45.000Z","volume":500,"label":" ","price":5.2},{"type":"A","date":"2018-04-11T02:25:45.000Z","volume":500,"label":" ","price":5.2},{"type":"A","date":"2018-04-11T02:25:46.000Z","volume":20000,"label":" ","price":5.2},{"type":"A","date":"2018-04-11T02:25:46.000Z","volume":1000,"label":" ","price":5.2},{"type":"A","date":"2018-04-11T02:25:48.000Z","volume":500,"label":" ","price":5.2},{"type":"A","date":"2018-04-11T02:26:01.000Z","volume":6500,"label":" ","price":5.2},{"type":"A","date":"2018-04-11T02:26:01.000Z","volume":500,"label":" ","price":5.2},{"type":"A","date":"2018-04-11T02:26:01.000Z","volume":29000,"label":" ","price":5.2},{"type":"A","date":"2018-04-11T02:26:03.000Z","volume":500,"label":" ","price":5.21},{"type":"A","date":"2018-04-11T02:26:33.000Z","volume":500,"label":" ","price":5.21},{"type":"U","date":"2018-04-11T02:26:56.000Z","volume":260,"label":"D","price":5.21},{"type":"A","date":"2018-04-11T02:26:57.000Z","volume":500,"label":" ","price":5.21},{"type":"B","date":"2018-04-11T02:27:00.000Z","volume":500,"label":" ","price":5.2},{"type":"B","date":"2018-04-11T02:27:20.000Z","volume":6000,"label":" ","price":5.2},{"type":"B","date":"2018-04-11T02:27:22.000Z","volume":3000,"label":" ","price":5.2},{"type":"A","date":"2018-04-11T02:30:20.000Z","volume":20000,"label":" ","price":5.21},{"type":"B","date":"2018-04-11T02:30:22.000Z","volume":10000,"label":" ","price":5.2},{"type":"A","date":"2018-04-11T02:31:28.000Z","volume":1500,"label":" ","price":5.21},{"type":"B","date":"2018-04-11T02:31:30.000Z","volume":1000,"label":" ","price":5.2},{"type":"A","date":"2018-04-11T02:31:53.000Z","volume":10000,"label":" ","price":5.21},{"type":"B","date":"2018-04-11T02:31:55.000Z","volume":4500,"label":" ","price":5.2},{"type":"A","date":"2018-04-11T02:32:26.000Z","volume":500,"label":" ","price":5.21},{"type":"A","date":"2018-04-11T02:32:43.000Z","volume":10000,"label":" ","price":5.21},{"type":"A","date":"2018-04-11T02:32:43.000Z","volume":200000,"label":" ","price":5.21},{"type":"A","date":"2018-04-11T02:34:22.000Z","volume":50000,"label":" ","price":5.21},{"type":"B","date":"2018-04-11T02:34:24.000Z","volume":22000,"label":" ","price":5.2},{"type":"A","date":"2018-04-11T02:34:46.000Z","volume":10000,"label":" ","price":5.21},{"type":"B","date":"2018-04-11T02:34:48.000Z","volume":4500,"label":" ","price":5.2},{"type":"A","date":"2018-04-11T02:34:51.000Z","volume":1000,"label":" ","price":5.21},{"type":"B","date":"2018-04-11T02:34:53.000Z","volume":500,"label":" ","price":5.2},{"type":"B","date":"2018-04-11T02:35:07.000Z","volume":4000,"label":" ","price":5.2},{"type":"B","date":"2018-04-11T02:35:09.000Z","volume":2000,"label":" ","price":5.2},{"type":"A","date":"2018-04-11T02:36:37.000Z","volume":8000,"label":" ","price":5.21},{"type":"B","date":"2018-04-11T02:36:39.000Z","volume":4000,"label":" ","price":5.2},{"type":"A","date":"2018-04-11T02:37:20.000Z","volume":500,"label":" ","price":5.21},{"type":"A","date":"2018-04-11T02:37:21.000Z","volume":20000,"label":" ","price":5.21},{"type":"B","date":"2018-04-11T02:37:23.000Z","volume":1500,"label":" ","price":5.2},{"type":"A","date":"2018-04-11T02:38:00.000Z","volume":500,"label":" ","price":5.21},{"type":"B","date":"2018-04-11T02:38:07.000Z","volume":1000,"label":" ","price":5.2},{"type":"B","date":"2018-04-11T02:38:24.000Z","volume":20000,"label":" ","price":5.2},{"type":"B","date":"2018-04-11T02:38:26.000Z","volume":9500,"label":" ","price":5.2},{"type":"A","date":"2018-04-11T02:40:47.000Z","volume":500,"label":" ","price":5.21},{"type":"B","date":"2018-04-11T02:42:55.000Z","volume":50000,"label":" ","price":5.2},{"type":"B","date":"2018-04-11T02:42:58.000Z","volume":24000,"label":" ","price":5.2},{"type":"B","date":"2018-04-11T02:43:35.000Z","volume":30000,"label":" ","price":5.2},{"type":"B","date":"2018-04-11T02:43:37.000Z","volume":15000,"label":" ","price":5.2},{"type":"B","date":"2018-04-11T02:43:39.000Z","volume":10000,"label":" ","price":5.2},{"type":"B","date":"2018-04-11T02:43:41.000Z","volume":5000,"label":" ","price":5.2},{"type":"A","date":"2018-04-11T02:43:45.000Z","volume":11000,"label":" ","price":5.21},{"type":"A","date":"2018-04-11T02:44:01.000Z","volume":500,"label":"Y","price":5.21},{"type":"A","date":"2018-04-11T02:44:01.000Z","volume":23500,"label":" ","price":5.21},{"type":"A","date":"2018-04-11T02:44:01.000Z","volume":2000,"label":" ","price":5.21},{"type":"A","date":"2018-04-11T02:44:06.000Z","volume":500,"label":" ","price":5.21},{"type":"A","date":"2018-04-11T02:44:23.000Z","volume":144000,"label":" ","price":5.21},{"type":"A","date":"2018-04-11T02:44:23.000Z","volume":24000,"label":" ","price":5.21},{"type":"A","date":"2018-04-11T02:44:23.000Z","volume":24000,"label":" ","price":5.21},{"type":"A","date":"2018-04-11T02:44:23.000Z","volume":24000,"label":" ","price":5.21},{"type":"A","date":"2018-04-11T02:44:23.000Z","volume":24000,"label":" ","price":5.21},{"type":"A","date":"2018-04-11T02:44:23.000Z","volume":39500,"label":" ","price":5.21},{"type":"A","date":"2018-04-11T02:44:24.000Z","volume":500,"label":" ","price":5.21},{"type":"A","date":"2018-04-11T02:44:24.000Z","volume":24000,"label":" ","price":5.21},{"type":"A","date":"2018-04-11T02:44:24.000Z","volume":3000,"label":" ","price":5.21},{"type":"A","date":"2018-04-11T02:44:24.000Z","volume":24000,"label":" ","price":5.21},{"type":"A","date":"2018-04-11T02:44:24.000Z","volume":24000,"label":" ","price":5.21},{"type":"A","date":"2018-04-11T02:44:24.000Z","volume":24000,"label":" ","price":5.21},{"type":"B","date":"2018-04-11T02:44:26.000Z","volume":28500,"label":" ","price":5.2},{"type":"A","date":"2018-04-11T02:44:27.000Z","volume":500,"label":" ","price":5.21},{"type":"A","date":"2018-04-11T02:44:27.000Z","volume":28500,"label":" ","price":5.21},{"type":"B","date":"2018-04-11T02:44:27.000Z","volume":49000,"label":" ","price":5.2},{"type":"B","date":"2018-04-11T02:44:29.000Z","volume":6000,"label":" ","price":5.2},{"type":"A","date":"2018-04-11T02:44:46.000Z","volume":500,"label":" ","price":5.21},{"type":"A","date":"2018-04-11T02:44:46.000Z","volume":500,"label":" ","price":5.21},{"type":"B","date":"2018-04-11T02:44:49.000Z","volume":500,"label":" ","price":5.2},{"type":"A","date":"2018-04-11T02:45:28.000Z","volume":1000,"label":" ","price":5.21},{"type":"A","date":"2018-04-11T02:45:30.000Z","volume":3000,"label":" ","price":5.21},{"type":"B","date":"2018-04-11T02:45:30.000Z","volume":2000,"label":" ","price":5.2},{"type":"A","date":"2018-04-11T02:45:52.000Z","volume":500,"label":" ","price":5.21},{"type":"B","date":"2018-04-11T02:45:52.000Z","volume":500,"label":" ","price":5.2},{"type":"A","date":"2018-04-11T02:47:53.000Z","volume":500,"label":" ","price":5.21},{"type":"A","date":"2018-04-11T02:48:37.000Z","volume":15000,"label":" ","price":5.21},{"type":"B","date":"2018-04-11T02:48:40.000Z","volume":5000,"label":" ","price":5.2},{"type":"B","date":"2018-04-11T02:49:41.000Z","volume":350000,"label":" ","price":5.2},{"type":"B","date":"2018-04-11T02:49:43.000Z","volume":2500,"label":" ","price":5.2},{"type":"B","date":"2018-04-11T02:49:43.000Z","volume":37000,"label":" ","price":5.2},{"type":"B","date":"2018-04-11T02:49:44.000Z","volume":117000,"label":" ","price":5.2},{"type":"B","date":"2018-04-11T02:49:45.000Z","volume":1000,"label":" ","price":5.2},{"type":"B","date":"2018-04-11T02:49:46.000Z","volume":12000,"label":" ","price":5.2},{"type":"B","date":"2018-04-11T02:50:02.000Z","volume":325000,"label":" ","price":5.2},{"type":"A","date":"2018-04-11T02:50:05.000Z","volume":7000,"label":" ","price":5.2},{"type":"A","date":"2018-04-11T02:50:45.000Z","volume":40000,"label":" ","price":5.2},{"type":"A","date":"2018-04-11T02:50:46.000Z","volume":500,"label":" ","price":5.2},{"type":"B","date":"2018-04-11T02:51:09.000Z","volume":500,"label":" ","price":5.19},{"type":"A","date":"2018-04-11T02:51:13.000Z","volume":10000,"label":" ","price":5.2},{"type":"A","date":"2018-04-11T02:51:46.000Z","volume":30000,"label":" ","price":5.2},{"type":"A","date":"2018-04-11T02:51:46.000Z","volume":65500,"label":" ","price":5.2},{"type":"A","date":"2018-04-11T02:51:46.000Z","volume":20000,"label":" ","price":5.2},{"type":"B","date":"2018-04-11T02:51:46.000Z","volume":500,"label":" ","price":5.2},{"type":"U","date":"2018-04-11T02:52:29.000Z","volume":10000,"label":" ","price":5.2},{"type":"U","date":"2018-04-11T02:52:30.000Z","volume":1000,"label":" ","price":5.2},{"type":"A","date":"2018-04-11T02:52:55.000Z","volume":20000,"label":" ","price":5.2},{"type":"A","date":"2018-04-11T02:52:55.000Z","volume":32500,"label":" ","price":5.2},{"type":"B","date":"2018-04-11T02:52:55.000Z","volume":11500,"label":" ","price":5.2},{"type":"B","date":"2018-04-11T02:52:56.000Z","volume":4000,"label":" ","price":5.2},{"type":"B","date":"2018-04-11T02:52:56.000Z","volume":2000,"label":" ","price":5.2},{"type":"A","date":"2018-04-11T02:53:00.000Z","volume":3000,"label":" ","price":5.2},{"type":"A","date":"2018-04-11T02:53:01.000Z","volume":4000,"label":" ","price":5.2},{"type":"A","date":"2018-04-11T02:53:01.000Z","volume":1000,"label":" ","price":5.2},{"type":"A","date":"2018-04-11T02:53:52.000Z","volume":10000,"label":" ","price":5.2},{"type":"A","date":"2018-04-11T02:53:52.000Z","volume":1000,"label":" ","price":5.2},{"type":"A","date":"2018-04-11T02:54:22.000Z","volume":6000,"label":" ","price":5.2},{"type":"A","date":"2018-04-11T02:54:33.000Z","volume":20000,"label":" ","price":5.2},{"type":"A","date":"2018-04-11T02:55:00.000Z","volume":4500,"label":" ","price":5.2},{"type":"A","date":"2018-04-11T02:55:46.000Z","volume":500,"label":" ","price":5.2},{"type":"A","date":"2018-04-11T02:56:22.000Z","volume":500,"label":" ","price":5.2},{"type":"A","date":"2018-04-11T02:57:46.000Z","volume":38000,"label":" ","price":5.2},{"type":"A","date":"2018-04-11T02:58:00.000Z","volume":7000,"label":" ","price":5.2},{"type":"A","date":"2018-04-11T02:58:36.000Z","volume":500,"label":" ","price":5.2},{"type":"A","date":"2018-04-11T02:58:37.000Z","volume":500,"label":" ","price":5.2},{"type":"A","date":"2018-04-11T02:59:50.000Z","volume":500,"label":" ","price":5.2},{"type":"A","date":"2018-04-11T03:00:06.000Z","volume":1000,"label":" ","price":5.2},{"type":"A","date":"2018-04-11T03:00:08.000Z","volume":500,"label":"Y","price":5.2},{"type":"A","date":"2018-04-11T03:00:08.000Z","volume":46000,"label":" ","price":5.2},{"type":"A","date":"2018-04-11T03:00:09.000Z","volume":2000,"label":" ","price":5.2},{"type":"U","date":"2018-04-11T03:00:11.000Z","volume":500,"label":" ","price":5.2},{"type":"B","date":"2018-04-11T03:01:41.000Z","volume":14000,"label":" ","price":5.2},{"type":"B","date":"2018-04-11T03:01:41.000Z","volume":14000,"label":" ","price":5.2},{"type":"A","date":"2018-04-11T03:02:26.000Z","volume":500,"label":" ","price":5.2},{"type":"A","date":"2018-04-11T03:03:41.000Z","volume":29000,"label":" ","price":5.2},{"type":"A","date":"2018-04-11T03:03:41.000Z","volume":271000,"label":" ","price":5.21},{"type":"B","date":"2018-04-11T03:03:44.000Z","volume":16000,"label":" ","price":5.2},{"type":"A","date":"2018-04-11T03:03:44.000Z","volume":16500,"label":" ","price":5.2},{"type":"A","date":"2018-04-11T03:03:44.000Z","volume":58500,"label":" ","price":5.2},{"type":"B","date":"2018-04-11T03:04:09.000Z","volume":1500,"label":" ","price":5.2},{"type":"B","date":"2018-04-11T03:04:11.000Z","volume":500,"label":" ","price":5.2},{"type":"B","date":"2018-04-11T03:04:18.000Z","volume":3500,"label":" ","price":5.2},{"type":"A","date":"2018-04-11T03:04:20.000Z","volume":24500,"label":" ","price":5.2},{"type":"A","date":"2018-04-11T03:04:48.000Z","volume":10000,"label":" ","price":5.21},{"type":"B","date":"2018-04-11T03:04:50.000Z","volume":3500,"label":" ","price":5.2},{"type":"A","date":"2018-04-11T03:06:09.000Z","volume":3000,"label":" ","price":5.21},{"type":"A","date":"2018-04-11T03:06:09.000Z","volume":500,"label":" ","price":5.21},{"type":"B","date":"2018-04-11T03:06:11.000Z","volume":1000,"label":" ","price":5.2},{"type":"A","date":"2018-04-11T03:06:41.000Z","volume":500,"label":" ","price":5.21},{"type":"A","date":"2018-04-11T03:06:44.000Z","volume":500,"label":" ","price":5.21},{"type":"A","date":"2018-04-11T03:06:52.000Z","volume":500,"label":" ","price":5.21},{"type":"B","date":"2018-04-11T03:06:55.000Z","volume":500,"label":" ","price":5.2},{"type":"U","date":"2018-04-11T03:07:15.000Z","volume":191,"label":"D","price":5.21},{"type":"A","date":"2018-04-11T03:07:21.000Z","volume":500,"label":" ","price":5.21},{"type":"A","date":"2018-04-11T03:07:21.000Z","volume":500,"label":" ","price":5.21},{"type":"A","date":"2018-04-11T03:07:29.000Z","volume":3500,"label":" ","price":5.21},{"type":"B","date":"2018-04-11T03:07:31.000Z","volume":1500,"label":" ","price":5.2},{"type":"A","date":"2018-04-11T03:08:17.000Z","volume":96000,"label":" ","price":5.21},{"type":"A","date":"2018-04-11T03:08:43.000Z","volume":9000,"label":" ","price":5.22},{"type":"U","date":"2018-04-11T03:08:44.000Z","volume":2500,"label":" ","price":5.21},{"type":"A","date":"2018-04-11T03:08:44.000Z","volume":12500,"label":" ","price":5.22},{"type":"B","date":"2018-04-11T03:08:47.000Z","volume":6000,"label":" ","price":5.21},{"type":"B","date":"2018-04-11T03:09:36.000Z","volume":6000,"label":" ","price":5.21},{"type":"B","date":"2018-04-11T03:09:38.000Z","volume":3000,"label":" ","price":5.21},{"type":"A","date":"2018-04-11T03:10:06.000Z","volume":10000,"label":" ","price":5.22},{"type":"B","date":"2018-04-11T03:10:09.000Z","volume":5000,"label":" ","price":5.21},{"type":"A","date":"2018-04-11T03:11:07.000Z","volume":50000,"label":" ","price":5.22},{"type":"A","date":"2018-04-11T03:11:07.000Z","volume":173500,"label":" ","price":5.22},{"type":"A","date":"2018-04-11T03:12:23.000Z","volume":5000,"label":" ","price":5.22},{"type":"A","date":"2018-04-11T03:12:26.000Z","volume":291500,"label":" ","price":5.22},{"type":"A","date":"2018-04-11T03:12:26.000Z","volume":8500,"label":" ","price":5.22},{"type":"A","date":"2018-04-11T03:12:26.000Z","volume":500,"label":" ","price":5.22},{"type":"A","date":"2018-04-11T03:12:27.000Z","volume":24000,"label":" ","price":5.22},{"type":"A","date":"2018-04-11T03:12:27.000Z","volume":24000,"label":" ","price":5.22},{"type":"A","date":"2018-04-11T03:12:27.000Z","volume":11500,"label":" ","price":5.22},{"type":"A","date":"2018-04-11T03:12:27.000Z","volume":11500,"label":" ","price":5.22},{"type":"B","date":"2018-04-11T03:12:52.000Z","volume":21500,"label":" ","price":5.22},{"type":"B","date":"2018-04-11T03:12:52.000Z","volume":28500,"label":" ","price":5.21},{"type":"A","date":"2018-04-11T03:12:54.000Z","volume":4000,"label":" ","price":5.22},{"type":"A","date":"2018-04-11T03:12:54.000Z","volume":17000,"label":" ","price":5.22},{"type":"A","date":"2018-04-11T03:13:08.000Z","volume":500,"label":" ","price":5.22},{"type":"A","date":"2018-04-11T03:13:18.000Z","volume":42000,"label":" ","price":5.22},{"type":"B","date":"2018-04-11T03:13:19.000Z","volume":5000,"label":" ","price":5.22},{"type":"A","date":"2018-04-11T03:13:19.000Z","volume":2500,"label":" ","price":5.22},{"type":"B","date":"2018-04-11T03:13:21.000Z","volume":3500,"label":" ","price":5.21},{"type":"A","date":"2018-04-11T03:13:32.000Z","volume":2000,"label":" ","price":5.22},{"type":"B","date":"2018-04-11T03:13:34.000Z","volume":1000,"label":" ","price":5.21},{"type":"A","date":"2018-04-11T03:13:36.000Z","volume":500,"label":" ","price":5.22},{"type":"A","date":"2018-04-11T03:13:41.000Z","volume":7000,"label":" ","price":5.22},{"type":"B","date":"2018-04-11T03:13:43.000Z","volume":4000,"label":" ","price":5.21},{"type":"A","date":"2018-04-11T03:13:46.000Z","volume":500,"label":" ","price":5.22},{"type":"A","date":"2018-04-11T03:13:46.000Z","volume":9000,"label":" ","price":5.22},{"type":"A","date":"2018-04-11T03:13:46.000Z","volume":1000,"label":" ","price":5.22},{"type":"B","date":"2018-04-11T03:13:48.000Z","volume":2000,"label":" ","price":5.21},{"type":"A","date":"2018-04-11T03:13:53.000Z","volume":2000,"label":" ","price":5.22},{"type":"A","date":"2018-04-11T03:14:15.000Z","volume":1500,"label":" ","price":5.22},{"type":"A","date":"2018-04-11T03:14:15.000Z","volume":500,"label":" ","price":5.22},{"type":"B","date":"2018-04-11T03:14:15.000Z","volume":500,"label":" ","price":5.22},{"type":"A","date":"2018-04-11T03:17:05.000Z","volume":2000,"label":" ","price":5.23},{"type":"B","date":"2018-04-11T03:17:05.000Z","volume":1000,"label":" ","price":5.22},{"type":"B","date":"2018-04-11T03:17:28.000Z","volume":20000,"label":" ","price":5.22},{"type":"B","date":"2018-04-11T03:17:30.000Z","volume":13500,"label":" ","price":5.22},{"type":"A","date":"2018-04-11T03:17:58.000Z","volume":50000,"label":" ","price":5.23},{"type":"B","date":"2018-04-11T03:18:00.000Z","volume":7500,"label":" ","price":5.22},{"type":"A","date":"2018-04-11T03:18:42.000Z","volume":5000,"label":" ","price":5.23},{"type":"B","date":"2018-04-11T03:18:44.000Z","volume":3500,"label":" ","price":5.22},{"type":"A","date":"2018-04-11T03:19:59.000Z","volume":14500,"label":" ","price":5.23},{"type":"B","date":"2018-04-11T03:20:01.000Z","volume":9500,"label":" ","price":5.22},{"type":"B","date":"2018-04-11T03:20:52.000Z","volume":10000,"label":" ","price":5.22},{"type":"B","date":"2018-04-11T03:20:54.000Z","volume":7000,"label":" ","price":5.22},{"type":"A","date":"2018-04-11T03:21:11.000Z","volume":500,"label":" ","price":5.23},{"type":"A","date":"2018-04-11T03:22:39.000Z","volume":1000,"label":" ","price":5.23},{"type":"B","date":"2018-04-11T03:22:42.000Z","volume":1000,"label":" ","price":5.22},{"type":"A","date":"2018-04-11T03:24:32.000Z","volume":500,"label":" ","price":5.23},{"type":"A","date":"2018-04-11T03:25:59.000Z","volume":4000,"label":" ","price":5.23},{"type":"B","date":"2018-04-11T03:26:02.000Z","volume":3000,"label":" ","price":5.22},{"type":"A","date":"2018-04-11T03:26:05.000Z","volume":10000,"label":" ","price":5.23},{"type":"B","date":"2018-04-11T03:26:08.000Z","volume":6500,"label":" ","price":5.22},{"type":"A","date":"2018-04-11T03:26:09.000Z","volume":1000,"label":" ","price":5.23},{"type":"B","date":"2018-04-11T03:26:11.000Z","volume":500,"label":" ","price":5.22},{"type":"B","date":"2018-04-11T03:28:28.000Z","volume":500,"label":" ","price":5.22},{"type":"B","date":"2018-04-11T03:28:30.000Z","volume":500,"label":" ","price":5.22},{"type":"A","date":"2018-04-11T03:28:33.000Z","volume":20000,"label":" ","price":5.23},{"type":"A","date":"2018-04-11T03:28:41.000Z","volume":24000,"label":" ","price":5.23},{"type":"A","date":"2018-04-11T03:28:47.000Z","volume":42500,"label":"Y","price":5.23},{"type":"A","date":"2018-04-11T03:28:47.000Z","volume":53000,"label":" ","price":5.23},{"type":"A","date":"2018-04-11T03:28:47.000Z","volume":9500,"label":" ","price":5.23},{"type":"B","date":"2018-04-11T03:29:06.000Z","volume":4500,"label":" ","price":5.23},{"type":"B","date":"2018-04-11T03:29:30.000Z","volume":500,"label":" ","price":5.23},{"type":"B","date":"2018-04-11T03:29:45.000Z","volume":1000,"label":" ","price":5.23},{"type":"A","date":"2018-04-11T03:30:29.000Z","volume":11500,"label":" ","price":5.24},{"type":"B","date":"2018-04-11T03:30:31.000Z","volume":500,"label":" ","price":5.23},{"type":"B","date":"2018-04-11T03:31:33.000Z","volume":500,"label":" ","price":5.23},{"type":"B","date":"2018-04-11T03:32:34.000Z","volume":500,"label":" ","price":5.23},{"type":"A","date":"2018-04-11T03:33:29.000Z","volume":3000,"label":" ","price":5.24},{"type":"B","date":"2018-04-11T03:33:31.000Z","volume":3000,"label":" ","price":5.23},{"type":"B","date":"2018-04-11T03:33:37.000Z","volume":500,"label":" ","price":5.23},{"type":"B","date":"2018-04-11T03:33:41.000Z","volume":10000,"label":" ","price":5.23},{"type":"B","date":"2018-04-11T03:33:43.000Z","volume":8500,"label":" ","price":5.23},{"type":"B","date":"2018-04-11T03:34:39.000Z","volume":500,"label":" ","price":5.23},{"type":"B","date":"2018-04-11T03:35:42.000Z","volume":500,"label":" ","price":5.23},{"type":"B","date":"2018-04-11T03:35:44.000Z","volume":1000,"label":" ","price":5.23},{"type":"B","date":"2018-04-11T03:36:26.000Z","volume":2000,"label":" ","price":5.23},{"type":"B","date":"2018-04-11T03:36:28.000Z","volume":1500,"label":" ","price":5.23},{"type":"B","date":"2018-04-11T03:36:33.000Z","volume":20000,"label":" ","price":5.23},{"type":"B","date":"2018-04-11T03:36:35.000Z","volume":16500,"label":" ","price":5.23},{"type":"B","date":"2018-04-11T03:36:43.000Z","volume":500,"label":" ","price":5.23},{"type":"A","date":"2018-04-11T03:36:45.000Z","volume":1500,"label":" ","price":5.24},{"type":"B","date":"2018-04-11T03:36:47.000Z","volume":1500,"label":" ","price":5.23},{"type":"B","date":"2018-04-11T03:36:50.000Z","volume":20000,"label":" ","price":5.23},{"type":"B","date":"2018-04-11T03:36:52.000Z","volume":16500,"label":" ","price":5.23},{"type":"B","date":"2018-04-11T03:36:53.000Z","volume":2500,"label":" ","price":5.23},{"type":"B","date":"2018-04-11T03:36:55.000Z","volume":2000,"label":" ","price":5.22},{"type":"A","date":"2018-04-11T03:36:55.000Z","volume":1000,"label":"Y","price":5.23},{"type":"A","date":"2018-04-11T03:36:55.000Z","volume":1500,"label":" ","price":5.23},{"type":"B","date":"2018-04-11T03:36:57.000Z","volume":2000,"label":" ","price":5.22},{"type":"A","date":"2018-04-11T03:37:31.000Z","volume":50000,"label":" ","price":5.23},{"type":"A","date":"2018-04-11T03:37:31.000Z","volume":14000,"label":" ","price":5.23},{"type":"A","date":"2018-04-11T03:37:33.000Z","volume":500,"label":" ","price":5.24},{"type":"B","date":"2018-04-11T03:37:35.000Z","volume":1000,"label":" ","price":5.23},{"type":"B","date":"2018-04-11T03:37:45.000Z","volume":500,"label":" ","price":5.23},{"type":"A","date":"2018-04-11T03:38:44.000Z","volume":2500,"label":" ","price":5.24},{"type":"B","date":"2018-04-11T03:38:46.000Z","volume":2500,"label":" ","price":5.23},{"type":"B","date":"2018-04-11T03:38:46.000Z","volume":500,"label":" ","price":5.23},{"type":"B","date":"2018-04-11T03:39:48.000Z","volume":500,"label":" ","price":5.23},{"type":"B","date":"2018-04-11T03:39:50.000Z","volume":500,"label":" ","price":5.23},{"type":"B","date":"2018-04-11T03:40:49.000Z","volume":500,"label":" ","price":5.23},{"type":"B","date":"2018-04-11T03:40:51.000Z","volume":500,"label":" ","price":5.23},{"type":"B","date":"2018-04-11T03:41:17.000Z","volume":30000,"label":" ","price":5.23},{"type":"B","date":"2018-04-11T03:41:20.000Z","volume":24500,"label":" ","price":5.23},{"type":"B","date":"2018-04-11T03:41:37.000Z","volume":4500,"label":" ","price":5.23},{"type":"B","date":"2018-04-11T03:41:39.000Z","volume":3500,"label":" ","price":5.23},{"type":"B","date":"2018-04-11T03:41:50.000Z","volume":500,"label":" ","price":5.23},{"type":"B","date":"2018-04-11T03:41:53.000Z","volume":500,"label":" ","price":5.23},{"type":"B","date":"2018-04-11T03:42:23.000Z","volume":500,"label":" ","price":5.23},{"type":"B","date":"2018-04-11T03:42:25.000Z","volume":500,"label":" ","price":5.23},{"type":"B","date":"2018-04-11T03:42:53.000Z","volume":500,"label":" ","price":5.23},{"type":"B","date":"2018-04-11T03:43:55.000Z","volume":500,"label":" ","price":5.23},{"type":"B","date":"2018-04-11T03:43:57.000Z","volume":1000,"label":" ","price":5.23},{"type":"B","date":"2018-04-11T03:44:18.000Z","volume":60000,"label":" ","price":5.23},{"type":"B","date":"2018-04-11T03:44:18.000Z","volume":26500,"label":" ","price":5.23},{"type":"B","date":"2018-04-11T03:44:18.000Z","volume":45000,"label":" ","price":5.23},{"type":"B","date":"2018-04-11T03:44:21.000Z","volume":107500,"label":" ","price":5.22},{"type":"B","date":"2018-04-11T03:44:55.000Z","volume":500,"label":"Y","price":5.22},{"type":"B","date":"2018-04-11T03:45:57.000Z","volume":500,"label":"Y","price":5.22},{"type":"A","date":"2018-04-11T03:45:58.000Z","volume":25000,"label":" ","price":5.23},{"type":"B","date":"2018-04-11T03:45:59.000Z","volume":1000,"label":" ","price":5.22},{"type":"B","date":"2018-04-11T03:46:00.000Z","volume":2000,"label":" ","price":5.22},{"type":"A","date":"2018-04-11T03:46:00.000Z","volume":13000,"label":" ","price":5.23},{"type":"B","date":"2018-04-11T03:46:00.000Z","volume":14000,"label":" ","price":5.23},{"type":"B","date":"2018-04-11T03:46:00.000Z","volume":7500,"label":" ","price":5.23},{"type":"B","date":"2018-04-11T03:46:03.000Z","volume":12000,"label":" ","price":5.22},{"type":"B","date":"2018-04-11T03:46:04.000Z","volume":6500,"label":" ","price":5.22},{"type":"B","date":"2018-04-11T03:46:08.000Z","volume":9500,"label":" ","price":5.23},{"type":"B","date":"2018-04-11T03:46:10.000Z","volume":7500,"label":" ","price":5.22},{"type":"A","date":"2018-04-11T03:46:18.000Z","volume":2500,"label":" ","price":5.23},{"type":"A","date":"2018-04-11T03:46:18.000Z","volume":500,"label":" ","price":5.23},{"type":"B","date":"2018-04-11T03:46:18.000Z","volume":9500,"label":" ","price":5.23},{"type":"B","date":"2018-04-11T03:46:19.000Z","volume":3500,"label":" ","price":5.23},{"type":"B","date":"2018-04-11T03:46:19.000Z","volume":1500,"label":" ","price":5.23},{"type":"B","date":"2018-04-11T03:46:21.000Z","volume":500,"label":" ","price":5.22},{"type":"B","date":"2018-04-11T03:46:22.000Z","volume":12000,"label":" ","price":5.22},{"type":"A","date":"2018-04-11T03:46:46.000Z","volume":8000,"label":" ","price":5.24},{"type":"B","date":"2018-04-11T03:46:46.000Z","volume":9500,"label":" ","price":5.23},{"type":"B","date":"2018-04-11T03:46:46.000Z","volume":5000,"label":" ","price":5.23},{"type":"B","date":"2018-04-11T03:46:49.000Z","volume":18500,"label":" ","price":5.22},{"type":"A","date":"2018-04-11T03:46:50.000Z","volume":10000,"label":" ","price":5.23},{"type":"B","date":"2018-04-11T03:46:51.000Z","volume":9500,"label":" ","price":5.23},{"type":"B","date":"2018-04-11T03:46:52.000Z","volume":3500,"label":" ","price":5.23},{"type":"B","date":"2018-04-11T03:46:52.000Z","volume":1500,"label":" ","price":5.23},{"type":"B","date":"2018-04-11T03:46:54.000Z","volume":8000,"label":" ","price":5.22},{"type":"B","date":"2018-04-11T03:46:55.000Z","volume":12000,"label":" ","price":5.22},{"type":"B","date":"2018-04-11T03:46:58.000Z","volume":500,"label":" ","price":5.22},{"type":"B","date":"2018-04-11T03:47:04.000Z","volume":6500,"label":" ","price":5.23},{"type":"B","date":"2018-04-11T03:47:05.000Z","volume":2500,"label":" ","price":5.23},{"type":"B","date":"2018-04-11T03:47:05.000Z","volume":1000,"label":" ","price":5.23},{"type":"A","date":"2018-04-11T03:47:08.000Z","volume":2000,"label":" ","price":5.23},{"type":"B","date":"2018-04-11T03:47:08.000Z","volume":4500,"label":" ","price":5.22},{"type":"B","date":"2018-04-11T03:47:10.000Z","volume":2000,"label":" ","price":5.22},{"type":"A","date":"2018-04-11T03:47:25.000Z","volume":9000,"label":" ","price":5.23},{"type":"B","date":"2018-04-11T03:47:27.000Z","volume":5500,"label":" ","price":5.22},{"type":"B","date":"2018-04-11T03:47:59.000Z","volume":500,"label":" ","price":5.22},{"type":"B","date":"2018-04-11T03:48:02.000Z","volume":500,"label":" ","price":5.22},{"type":"B","date":"2018-04-11T03:48:05.000Z","volume":8000,"label":" ","price":5.22},{"type":"B","date":"2018-04-11T03:48:07.000Z","volume":6500,"label":" ","price":5.22},{"type":"A","date":"2018-04-11T03:48:14.000Z","volume":10000,"label":" ","price":5.23},{"type":"B","date":"2018-04-11T03:48:17.000Z","volume":8500,"label":" ","price":5.22},{"type":"A","date":"2018-04-11T03:48:28.000Z","volume":8000,"label":" ","price":5.23},{"type":"B","date":"2018-04-11T03:48:28.000Z","volume":24500,"label":" ","price":5.23},{"type":"B","date":"2018-04-11T03:48:28.000Z","volume":8500,"label":" ","price":5.23},{"type":"B","date":"2018-04-11T03:48:28.000Z","volume":4500,"label":" ","price":5.23},{"type":"A","date":"2018-04-11T03:48:30.000Z","volume":9500,"label":" ","price":5.23},{"type":"B","date":"2018-04-11T03:48:31.000Z","volume":11500,"label":" ","price":5.22},{"type":"B","date":"2018-04-11T03:48:34.000Z","volume":9500,"label":" ","price":5.22},{"type":"B","date":"2018-04-11T03:49:02.000Z","volume":500,"label":" ","price":5.22},{"type":"B","date":"2018-04-11T03:49:04.000Z","volume":500,"label":" ","price":5.22},{"type":"A","date":"2018-04-11T03:49:39.000Z","volume":36500,"label":" ","price":5.23},{"type":"B","date":"2018-04-11T03:49:39.000Z","volume":41500,"label":" ","price":5.23},{"type":"B","date":"2018-04-11T03:49:40.000Z","volume":14500,"label":" ","price":5.23},{"type":"B","date":"2018-04-11T03:49:40.000Z","volume":7500,"label":" ","price":5.23},{"type":"A","date":"2018-04-11T03:49:41.000Z","volume":1000,"label":" ","price":5.23},{"type":"B","date":"2018-04-11T03:49:43.000Z","volume":52000,"label":" ","price":5.22},{"type":"B","date":"2018-04-11T03:49:43.000Z","volume":500,"label":" ","price":5.22},{"type":"A","date":"2018-04-11T03:49:53.000Z","volume":10000,"label":" ","price":5.23},{"type":"B","date":"2018-04-11T03:49:55.000Z","volume":6500,"label":" ","price":5.22},{"type":"B","date":"2018-04-11T03:50:04.000Z","volume":500,"label":" ","price":5.22},{"type":"B","date":"2018-04-11T03:50:16.000Z","volume":2000,"label":" ","price":5.22},{"type":"B","date":"2018-04-11T03:50:18.000Z","volume":2000,"label":" ","price":5.22},{"type":"A","date":"2018-04-11T03:50:18.000Z","volume":36000,"label":" ","price":5.23},{"type":"A","date":"2018-04-11T03:51:01.000Z","volume":5000,"label":" ","price":5.24},{"type":"A","date":"2018-04-11T03:51:01.000Z","volume":1500,"label":"Y","price":5.24},{"type":"A","date":"2018-04-11T03:51:01.000Z","volume":57000,"label":" ","price":5.24},{"type":"A","date":"2018-04-11T03:51:01.000Z","volume":20000,"label":" ","price":5.24},{"type":"A","date":"2018-04-11T03:51:01.000Z","volume":51500,"label":" ","price":5.24},{"type":"B","date":"2018-04-11T03:51:05.000Z","volume":500,"label":"Y","price":5.23},{"type":"B","date":"2018-04-11T03:51:12.000Z","volume":10000,"label":" ","price":5.24},{"type":"A","date":"2018-04-11T03:51:12.000Z","volume":500,"label":" ","price":5.25},{"type":"B","date":"2018-04-11T03:51:13.000Z","volume":8000,"label":" ","price":5.24},{"type":"A","date":"2018-04-11T03:51:14.000Z","volume":12000,"label":" ","price":5.24},{"type":"A","date":"2018-04-11T03:51:32.000Z","volume":4000,"label":" ","price":5.24},{"type":"B","date":"2018-04-11T03:51:42.000Z","volume":34000,"label":" ","price":5.24},{"type":"B","date":"2018-04-11T03:51:45.000Z","volume":500,"label":" ","price":5.24},{"type":"B","date":"2018-04-11T03:51:46.000Z","volume":27500,"label":" ","price":5.23},{"type":"B","date":"2018-04-11T03:52:06.000Z","volume":500,"label":"Y","price":5.23},{"type":"A","date":"2018-04-11T03:52:09.000Z","volume":500,"label":" ","price":5.24},{"type":"B","date":"2018-04-11T03:53:08.000Z","volume":500,"label":" ","price":5.24},{"type":"B","date":"2018-04-11T03:53:10.000Z","volume":500,"label":" ","price":5.24},{"type":"A","date":"2018-04-11T03:53:13.000Z","volume":6000,"label":" ","price":5.25},{"type":"B","date":"2018-04-11T03:53:15.000Z","volume":5000,"label":" ","price":5.24},{"type":"B","date":"2018-04-11T03:54:09.000Z","volume":500,"label":" ","price":5.24},{"type":"A","date":"2018-04-11T03:54:10.000Z","volume":1000,"label":" ","price":5.25},{"type":"U","date":"2018-04-11T03:54:11.000Z","volume":76,"label":"D","price":5.25},{"type":"B","date":"2018-04-11T03:54:12.000Z","volume":1000,"label":" ","price":5.24},{"type":"B","date":"2018-04-11T03:55:11.000Z","volume":500,"label":" ","price":5.24},{"type":"B","date":"2018-04-11T03:55:14.000Z","volume":500,"label":" ","price":5.24},{"type":"A","date":"2018-04-11T03:55:23.000Z","volume":166500,"label":" ","price":5.25},{"type":"B","date":"2018-04-11T03:55:25.000Z","volume":3500,"label":" ","price":5.25},{"type":"B","date":"2018-04-11T03:55:25.000Z","volume":39000,"label":" ","price":5.25},{"type":"A","date":"2018-04-11T03:55:27.000Z","volume":4500,"label":" ","price":5.25},{"type":"B","date":"2018-04-11T03:55:29.000Z","volume":23000,"label":" ","price":5.24},{"type":"B","date":"2018-04-11T03:55:32.000Z","volume":4500,"label":" ","price":5.24},{"type":"B","date":"2018-04-11T03:55:45.000Z","volume":13000,"label":" ","price":5.24},{"type":"B","date":"2018-04-11T03:55:48.000Z","volume":10500,"label":" ","price":5.24},{"type":"U","date":"2018-04-11T03:55:58.000Z","volume":1000,"label":" ","price":5.25},{"type":"B","date":"2018-04-11T03:56:01.000Z","volume":1000,"label":" ","price":5.24},{"type":"U","date":"2018-04-11T03:56:09.000Z","volume":10000,"label":" ","price":5.25},{"type":"B","date":"2018-04-11T03:56:12.000Z","volume":8000,"label":" ","price":5.24},{"type":"B","date":"2018-04-11T03:56:13.000Z","volume":500,"label":" ","price":5.24},{"type":"B","date":"2018-04-11T03:56:16.000Z","volume":500,"label":" ","price":5.24},{"type":"A","date":"2018-04-11T03:56:40.000Z","volume":2000,"label":" ","price":5.26},{"type":"B","date":"2018-04-11T03:56:42.000Z","volume":1500,"label":" ","price":5.24},{"type":"A","date":"2018-04-11T03:56:42.000Z","volume":500,"label":" ","price":5.25},{"type":"B","date":"2018-04-11T03:56:45.000Z","volume":500,"label":" ","price":5.24},{"type":"A","date":"2018-04-11T03:57:05.000Z","volume":5000,"label":"Y","price":5.26},{"type":"A","date":"2018-04-11T03:57:05.000Z","volume":4000,"label":" ","price":5.26},{"type":"B","date":"2018-04-11T03:57:08.000Z","volume":7500,"label":" ","price":5.24},{"type":"B","date":"2018-04-11T03:57:14.000Z","volume":500,"label":" ","price":5.24},{"type":"A","date":"2018-04-11T03:57:22.000Z","volume":10000,"label":" ","price":5.26},{"type":"B","date":"2018-04-11T03:57:25.000Z","volume":8500,"label":" ","price":5.24},{"type":"A","date":"2018-04-11T03:58:03.000Z","volume":500,"label":" ","price":5.25},{"type":"B","date":"2018-04-11T03:58:05.000Z","volume":500,"label":" ","price":5.24},{"type":"B","date":"2018-04-11T03:58:15.000Z","volume":500,"label":" ","price":5.24},{"type":"A","date":"2018-04-11T03:58:23.000Z","volume":28000,"label":" ","price":5.25},{"type":"A","date":"2018-04-11T03:58:23.000Z","volume":12000,"label":" ","price":5.25},{"type":"B","date":"2018-04-11T03:58:25.000Z","volume":10500,"label":" ","price":5.24},{"type":"A","date":"2018-04-11T03:58:29.000Z","volume":10000,"label":" ","price":5.25},{"type":"B","date":"2018-04-11T03:58:32.000Z","volume":4500,"label":" ","price":5.24},{"type":"B","date":"2018-04-11T03:59:16.000Z","volume":500,"label":"Y","price":5.24},{"type":"B","date":"2018-04-11T05:00:00.000Z","volume":20000,"label":" ","price":5.24},{"type":"A","date":"2018-04-11T05:00:02.000Z","volume":8500,"label":" ","price":5.25},{"type":"B","date":"2018-04-11T05:00:02.000Z","volume":10500,"label":" ","price":5.24},{"type":"B","date":"2018-04-11T05:00:03.000Z","volume":14500,"label":" ","price":5.24},{"type":"B","date":"2018-04-11T05:00:03.000Z","volume":13500,"label":" ","price":5.24},{"type":"A","date":"2018-04-11T05:00:04.000Z","volume":500,"label":" ","price":5.24},{"type":"A","date":"2018-04-11T05:00:04.000Z","volume":10000,"label":" ","price":5.24},{"type":"A","date":"2018-04-11T05:00:05.000Z","volume":500,"label":" ","price":5.24},{"type":"A","date":"2018-04-11T05:00:05.000Z","volume":500,"label":" ","price":5.24},{"type":"A","date":"2018-04-11T05:00:05.000Z","volume":1000,"label":" ","price":5.24},{"type":"A","date":"2018-04-11T05:00:06.000Z","volume":1500,"label":" ","price":5.24},{"type":"A","date":"2018-04-11T05:00:06.000Z","volume":1000,"label":" ","price":5.24},{"type":"B","date":"2018-04-11T05:00:06.000Z","volume":2500,"label":" ","price":5.24},{"type":"B","date":"2018-04-11T05:00:08.000Z","volume":2000,"label":" ","price":5.23},{"type":"A","date":"2018-04-11T05:00:13.000Z","volume":10000,"label":" ","price":5.24},{"type":"B","date":"2018-04-11T05:00:13.000Z","volume":1500,"label":" ","price":5.23},{"type":"B","date":"2018-04-11T05:00:15.000Z","volume":5500,"label":" ","price":5.23},{"type":"A","date":"2018-04-11T05:00:22.000Z","volume":10000,"label":" ","price":5.24},{"type":"B","date":"2018-04-11T05:00:24.000Z","volume":3000,"label":" ","price":5.23},{"type":"B","date":"2018-04-11T05:01:06.000Z","volume":500,"label":" ","price":5.23},{"type":"A","date":"2018-04-11T05:01:14.000Z","volume":1000,"label":" ","price":5.24},{"type":"B","date":"2018-04-11T05:01:15.000Z","volume":500,"label":"Y","price":5.23},{"type":"B","date":"2018-04-11T05:01:15.000Z","volume":5000,"label":" ","price":5.23},{"type":"B","date":"2018-04-11T05:01:18.000Z","volume":2000,"label":" ","price":5.22},{"type":"A","date":"2018-04-11T05:02:07.000Z","volume":10500,"label":" ","price":5.23},{"type":"B","date":"2018-04-11T05:02:09.000Z","volume":500,"label":" ","price":5.22},{"type":"A","date":"2018-04-11T05:03:07.000Z","volume":83500,"label":" ","price":5.23},{"type":"B","date":"2018-04-11T05:03:09.000Z","volume":1000,"label":" ","price":5.22},{"type":"B","date":"2018-04-11T05:03:12.000Z","volume":500,"label":" ","price":5.22},{"type":"A","date":"2018-04-11T05:03:37.000Z","volume":85000,"label":" ","price":5.23},{"type":"A","date":"2018-04-11T05:03:37.000Z","volume":53000,"label":" ","price":5.23},{"type":"B","date":"2018-04-11T05:03:37.000Z","volume":41000,"label":" ","price":5.23},{"type":"B","date":"2018-04-11T05:03:40.000Z","volume":22500,"label":" ","price":5.23},{"type":"B","date":"2018-04-11T05:03:41.000Z","volume":4000,"label":" ","price":5.22},{"type":"B","date":"2018-04-11T05:03:44.000Z","volume":22500,"label":" ","price":5.22},{"type":"B","date":"2018-04-11T05:04:14.000Z","volume":500,"label":" ","price":5.23},{"type":"B","date":"2018-04-11T05:05:18.000Z","volume":500,"label":" ","price":5.23},{"type":"A","date":"2018-04-11T05:05:59.000Z","volume":87000,"label":" ","price":5.24},{"type":"A","date":"2018-04-11T05:05:59.000Z","volume":500,"label":" ","price":5.24},{"type":"B","date":"2018-04-11T05:06:04.000Z","volume":43500,"label":" ","price":5.23},{"type":"A","date":"2018-04-11T05:06:09.000Z","volume":95000,"label":" ","price":5.24},{"type":"A","date":"2018-04-11T05:06:09.000Z","volume":97000,"label":" ","price":5.24},{"type":"A","date":"2018-04-11T05:06:10.000Z","volume":500,"label":"Y","price":5.25},{"type":"A","date":"2018-04-11T05:06:10.000Z","volume":52500,"label":" ","price":5.25},{"type":"A","date":"2018-04-11T05:06:10.000Z","volume":7000,"label":" ","price":5.25},{"type":"A","date":"2018-04-11T05:06:12.000Z","volume":1500,"label":" ","price":5.26},{"type":"B","date":"2018-04-11T05:06:17.000Z","volume":23000,"label":" ","price":5.25},{"type":"A","date":"2018-04-11T05:06:17.000Z","volume":1500,"label":" ","price":5.25},{"type":"B","date":"2018-04-11T05:06:17.000Z","volume":1000,"label":" ","price":5.24},{"type":"B","date":"2018-04-11T05:06:22.000Z","volume":12000,"label":" ","price":5.24},{"type":"B","date":"2018-04-11T05:07:21.000Z","volume":500,"label":" ","price":5.24},{"type":"A","date":"2018-04-11T05:07:33.000Z","volume":4500,"label":" ","price":5.25},{"type":"B","date":"2018-04-11T05:07:39.000Z","volume":2500,"label":" ","price":5.24},{"type":"A","date":"2018-04-11T05:08:10.000Z","volume":220000,"label":" ","price":5.25},{"type":"B","date":"2018-04-11T05:08:15.000Z","volume":5000,"label":" ","price":5.25},{"type":"B","date":"2018-04-11T05:08:23.000Z","volume":500,"label":" ","price":5.25},{"type":"B","date":"2018-04-11T05:09:02.000Z","volume":11000,"label":" ","price":5.25},{"type":"B","date":"2018-04-11T05:09:08.000Z","volume":6000,"label":" ","price":5.25},{"type":"B","date":"2018-04-11T05:09:25.000Z","volume":500,"label":" ","price":5.25},{"type":"B","date":"2018-04-11T05:10:27.000Z","volume":500,"label":" ","price":5.25},{"type":"B","date":"2018-04-11T05:10:39.000Z","volume":27000,"label":"Y","price":5.25},{"type":"B","date":"2018-04-11T05:10:39.000Z","volume":18000,"label":" ","price":5.25},{"type":"B","date":"2018-04-11T05:10:44.000Z","volume":22500,"label":" ","price":5.25},{"type":"B","date":"2018-04-11T05:10:49.000Z","volume":30000,"label":" ","price":5.25},{"type":"B","date":"2018-04-11T05:10:55.000Z","volume":15000,"label":" ","price":5.25},{"type":"B","date":"2018-04-11T05:10:56.000Z","volume":5500,"label":"Y","price":5.25},{"type":"B","date":"2018-04-11T05:10:56.000Z","volume":11000,"label":" ","price":5.25},{"type":"B","date":"2018-04-11T05:11:02.000Z","volume":8000,"label":" ","price":5.24},{"type":"A","date":"2018-04-11T05:11:13.000Z","volume":500,"label":" ","price":5.25},{"type":"A","date":"2018-04-11T05:11:27.000Z","volume":10000,"label":" ","price":5.25},{"type":"B","date":"2018-04-11T05:11:28.000Z","volume":500,"label":" ","price":5.24},{"type":"B","date":"2018-04-11T05:11:32.000Z","volume":5500,"label":" ","price":5.24},{"type":"A","date":"2018-04-11T05:11:40.000Z","volume":1000,"label":" ","price":5.25},{"type":"A","date":"2018-04-11T05:11:59.000Z","volume":10000,"label":" ","price":5.25},{"type":"A","date":"2018-04-11T05:12:14.000Z","volume":5000,"label":" ","price":5.25},{"type":"A","date":"2018-04-11T05:12:28.000Z","volume":2000,"label":" ","price":5.25},{"type":"A","date":"2018-04-11T05:12:28.000Z","volume":50000,"label":" ","price":5.25},{"type":"B","date":"2018-04-11T05:12:30.000Z","volume":500,"label":" ","price":5.24},{"type":"A","date":"2018-04-11T05:12:33.000Z","volume":10000,"label":" ","price":5.25},{"type":"B","date":"2018-04-11T05:12:34.000Z","volume":5500,"label":" ","price":5.24},{"type":"A","date":"2018-04-11T05:12:36.000Z","volume":10000,"label":" ","price":5.25},{"type":"A","date":"2018-04-11T05:12:36.000Z","volume":2000,"label":" ","price":5.25},{"type":"A","date":"2018-04-11T05:12:39.000Z","volume":1000,"label":" ","price":5.25},{"type":"B","date":"2018-04-11T05:12:41.000Z","volume":6000,"label":" ","price":5.24},{"type":"B","date":"2018-04-11T05:12:45.000Z","volume":500,"label":" ","price":5.24},{"type":"A","date":"2018-04-11T05:12:49.000Z","volume":5000,"label":" ","price":5.25},{"type":"A","date":"2018-04-11T05:12:51.000Z","volume":500,"label":" ","price":5.25},{"type":"B","date":"2018-04-11T05:12:55.000Z","volume":3000,"label":" ","price":5.24},{"type":"B","date":"2018-04-11T05:12:59.000Z","volume":20000,"label":" ","price":5.24},{"type":"B","date":"2018-04-11T05:13:04.000Z","volume":9500,"label":" ","price":5.24},{"type":"A","date":"2018-04-11T05:13:09.000Z","volume":9000,"label":" ","price":5.25},{"type":"A","date":"2018-04-11T05:13:09.000Z","volume":1000,"label":" ","price":5.25},{"type":"A","date":"2018-04-11T05:13:13.000Z","volume":1500,"label":" ","price":5.25},{"type":"B","date":"2018-04-11T05:13:18.000Z","volume":500,"label":" ","price":5.25},{"type":"B","date":"2018-04-11T05:13:28.000Z","volume":8500,"label":" ","price":5.25},{"type":"B","date":"2018-04-11T05:13:28.000Z","volume":1000,"label":" ","price":5.25},{"type":"B","date":"2018-04-11T05:13:34.000Z","volume":9500,"label":" ","price":5.24},{"type":"A","date":"2018-04-11T05:13:43.000Z","volume":12500,"label":" ","price":5.25},{"type":"A","date":"2018-04-11T05:13:43.000Z","volume":17500,"label":" ","price":5.26},{"type":"B","date":"2018-04-11T05:13:48.000Z","volume":12000,"label":" ","price":5.25},{"type":"A","date":"2018-04-11T05:14:03.000Z","volume":10000,"label":" ","price":5.25},{"type":"A","date":"2018-04-11T05:14:03.000Z","volume":500,"label":" ","price":5.25},{"type":"B","date":"2018-04-11T05:14:10.000Z","volume":500,"label":" ","price":5.24},{"type":"A","date":"2018-04-11T05:14:27.000Z","volume":10000,"label":" ","price":5.26},{"type":"B","date":"2018-04-11T05:14:32.000Z","volume":500,"label":" ","price":5.25},{"type":"B","date":"2018-04-11T05:14:33.000Z","volume":10000,"label":" ","price":5.25},{"type":"B","date":"2018-04-11T05:14:37.000Z","volume":500,"label":" ","price":5.25},{"type":"B","date":"2018-04-11T05:14:52.000Z","volume":1000,"label":" ","price":5.25},{"type":"A","date":"2018-04-11T05:14:53.000Z","volume":2000,"label":" ","price":5.26},{"type":"B","date":"2018-04-11T05:14:57.000Z","volume":1000,"label":" ","price":5.25},{"type":"B","date":"2018-04-11T05:14:58.000Z","volume":2000,"label":" ","price":5.25},{"type":"A","date":"2018-04-11T05:15:02.000Z","volume":258500,"label":" ","price":5.26},{"type":"A","date":"2018-04-11T05:15:02.000Z","volume":41500,"label":" ","price":5.26},{"type":"A","date":"2018-04-11T05:15:03.000Z","volume":500,"label":" ","price":5.27},{"type":"B","date":"2018-04-11T05:15:04.000Z","volume":5000,"label":" ","price":5.26},{"type":"A","date":"2018-04-11T05:15:08.000Z","volume":1000,"label":" ","price":5.26},{"type":"B","date":"2018-04-11T05:15:10.000Z","volume":26500,"label":" ","price":5.25},{"type":"B","date":"2018-04-11T05:15:11.000Z","volume":6000,"label":" ","price":5.25},{"type":"B","date":"2018-04-11T05:15:33.000Z","volume":500,"label":" ","price":5.25},{"type":"B","date":"2018-04-11T05:15:34.000Z","volume":500,"label":" ","price":5.25},{"type":"A","date":"2018-04-11T05:15:58.000Z","volume":8500,"label":" ","price":5.26},{"type":"B","date":"2018-04-11T05:16:04.000Z","volume":8500,"label":" ","price":5.25},{"type":"B","date":"2018-04-11T05:16:36.000Z","volume":500,"label":" ","price":5.25},{"type":"B","date":"2018-04-11T05:16:41.000Z","volume":500,"label":" ","price":5.25},{"type":"A","date":"2018-04-11T05:17:12.000Z","volume":5000,"label":" ","price":5.26},{"type":"A","date":"2018-04-11T05:17:19.000Z","volume":20000,"label":" ","price":5.26},{"type":"A","date":"2018-04-11T05:17:19.000Z","volume":3500,"label":" ","price":5.26},{"type":"B","date":"2018-04-11T05:17:24.000Z","volume":19500,"label":" ","price":5.25},{"type":"B","date":"2018-04-11T05:17:36.000Z","volume":500,"label":" ","price":5.25},{"type":"B","date":"2018-04-11T05:17:41.000Z","volume":500,"label":" ","price":5.25},{"type":"B","date":"2018-04-11T05:18:06.000Z","volume":1000,"label":"Y","price":5.25},{"type":"B","date":"2018-04-11T05:18:06.000Z","volume":33000,"label":" ","price":5.25},{"type":"B","date":"2018-04-11T05:18:12.000Z","volume":34000,"label":" ","price":5.25},{"type":"B","date":"2018-04-11T05:18:12.000Z","volume":5500,"label":" ","price":5.25},{"type":"B","date":"2018-04-11T05:18:18.000Z","volume":5500,"label":" ","price":5.24},{"type":"A","date":"2018-04-11T05:18:19.000Z","volume":500,"label":" ","price":5.25},{"type":"A","date":"2018-04-11T05:18:21.000Z","volume":2500,"label":" ","price":5.26},{"type":"B","date":"2018-04-11T05:18:24.000Z","volume":500,"label":" ","price":5.24},{"type":"B","date":"2018-04-11T05:18:26.000Z","volume":2500,"label":" ","price":5.24},{"type":"B","date":"2018-04-11T05:18:39.000Z","volume":500,"label":" ","price":5.24},{"type":"B","date":"2018-04-11T05:18:44.000Z","volume":500,"label":" ","price":5.24},{"type":"A","date":"2018-04-11T05:19:01.000Z","volume":500,"label":" ","price":5.25},{"type":"B","date":"2018-04-11T05:19:06.000Z","volume":500,"label":" ","price":5.24},{"type":"A","date":"2018-04-11T05:19:07.000Z","volume":8500,"label":" ","price":5.25},{"type":"B","date":"2018-04-11T05:19:12.000Z","volume":500,"label":" ","price":5.25},{"type":"A","date":"2018-04-11T05:19:31.000Z","volume":11000,"label":" ","price":5.26},{"type":"B","date":"2018-04-11T05:19:35.000Z","volume":13500,"label":" ","price":5.25},{"type":"B","date":"2018-04-11T05:19:36.000Z","volume":11000,"label":" ","price":5.25},{"type":"B","date":"2018-04-11T05:19:40.000Z","volume":13500,"label":" ","price":5.24},{"type":"A","date":"2018-04-11T05:19:48.000Z","volume":6000,"label":" ","price":5.25},{"type":"B","date":"2018-04-11T05:19:53.000Z","volume":2000,"label":" ","price":5.24},{"type":"B","date":"2018-04-11T05:20:42.000Z","volume":500,"label":" ","price":5.24},{"type":"B","date":"2018-04-11T05:20:47.000Z","volume":500,"label":" ","price":5.24},{"type":"B","date":"2018-04-11T05:21:43.000Z","volume":500,"label":" ","price":5.24},{"type":"B","date":"2018-04-11T05:21:48.000Z","volume":500,"label":" ","price":5.24},{"type":"B","date":"2018-04-11T05:22:44.000Z","volume":500,"label":" ","price":5.24},{"type":"B","date":"2018-04-11T05:22:49.000Z","volume":500,"label":" ","price":5.24},{"type":"A","date":"2018-04-11T05:23:17.000Z","volume":6500,"label":" ","price":5.25},{"type":"B","date":"2018-04-11T05:23:22.000Z","volume":2500,"label":" ","price":5.24},{"type":"A","date":"2018-04-11T05:23:22.000Z","volume":500,"label":" ","price":5.25},{"type":"B","date":"2018-04-11T05:23:24.000Z","volume":9000,"label":" ","price":5.24},{"type":"B","date":"2018-04-11T05:23:27.000Z","volume":500,"label":" ","price":5.24},{"type":"B","date":"2018-04-11T05:23:29.000Z","volume":9000,"label":" ","price":5.24},{"type":"B","date":"2018-04-11T05:23:45.000Z","volume":500,"label":" ","price":5.24},{"type":"A","date":"2018-04-11T05:23:50.000Z","volume":3000,"label":" ","price":5.25},{"type":"B","date":"2018-04-11T05:23:50.000Z","volume":1000,"label":" ","price":5.24},{"type":"B","date":"2018-04-11T05:23:52.000Z","volume":1000,"label":" ","price":5.24},{"type":"B","date":"2018-04-11T05:23:53.000Z","volume":12000,"label":" ","price":5.24},{"type":"B","date":"2018-04-11T05:24:13.000Z","volume":5000,"label":" ","price":5.24},{"type":"B","date":"2018-04-11T05:24:14.000Z","volume":20000,"label":" ","price":5.24},{"type":"B","date":"2018-04-11T05:24:35.000Z","volume":39000,"label":" ","price":5.24},{"type":"B","date":"2018-04-11T05:24:37.000Z","volume":116000,"label":" ","price":5.23},{"type":"B","date":"2018-04-11T05:24:37.000Z","volume":22500,"label":" ","price":5.23},{"type":"A","date":"2018-04-11T05:24:37.000Z","volume":17500,"label":" ","price":5.23},{"type":"A","date":"2018-04-11T05:24:40.000Z","volume":34000,"label":" ","price":5.24},{"type":"B","date":"2018-04-11T05:24:41.000Z","volume":11500,"label":" ","price":5.24},{"type":"B","date":"2018-04-11T05:24:43.000Z","volume":27000,"label":" ","price":5.24},{"type":"B","date":"2018-04-11T05:24:47.000Z","volume":500,"label":" ","price":5.23},{"type":"A","date":"2018-04-11T05:24:58.000Z","volume":50000,"label":" ","price":5.24},{"type":"A","date":"2018-04-11T05:24:58.000Z","volume":24000,"label":" ","price":5.24},{"type":"A","date":"2018-04-11T05:24:58.000Z","volume":32500,"label":" ","price":5.24},{"type":"B","date":"2018-04-11T05:25:00.000Z","volume":27500,"label":" ","price":5.24},{"type":"B","date":"2018-04-11T05:25:00.000Z","volume":500,"label":" ","price":5.24},{"type":"B","date":"2018-04-11T05:25:49.000Z","volume":500,"label":" ","price":5.24},{"type":"A","date":"2018-04-11T05:26:42.000Z","volume":5000,"label":" ","price":5.25},{"type":"B","date":"2018-04-11T05:26:50.000Z","volume":500,"label":" ","price":5.24},{"type":"B","date":"2018-04-11T05:27:05.000Z","volume":31000,"label":" ","price":5.24},{"type":"A","date":"2018-04-11T05:27:29.000Z","volume":44500,"label":" ","price":5.24},{"type":"B","date":"2018-04-11T05:27:51.000Z","volume":500,"label":" ","price":5.23},{"type":"B","date":"2018-04-11T05:28:13.000Z","volume":5000,"label":" ","price":5.23},{"type":"A","date":"2018-04-11T05:28:26.000Z","volume":500,"label":" ","price":5.24},{"type":"B","date":"2018-04-11T05:28:52.000Z","volume":500,"label":" ","price":5.24},{"type":"A","date":"2018-04-11T05:29:20.000Z","volume":10000,"label":" ","price":5.25},{"type":"A","date":"2018-04-11T05:29:48.000Z","volume":500,"label":"Y","price":5.25},{"type":"B","date":"2018-04-11T05:29:53.000Z","volume":500,"label":" ","price":5.24},{"type":"A","date":"2018-04-11T05:30:10.000Z","volume":10000,"label":" ","price":5.25},{"type":"A","date":"2018-04-11T05:30:21.000Z","volume":4000,"label":" ","price":5.25},{"type":"B","date":"2018-04-11T05:30:56.000Z","volume":500,"label":" ","price":5.24},{"type":"A","date":"2018-04-11T05:31:12.000Z","volume":500,"label":" ","price":5.25},{"type":"A","date":"2018-04-11T05:31:30.000Z","volume":500,"label":" ","price":5.25},{"type":"B","date":"2018-04-11T05:31:57.000Z","volume":500,"label":" ","price":5.24},{"type":"B","date":"2018-04-11T05:32:27.000Z","volume":3000,"label":" ","price":5.24},{"type":"B","date":"2018-04-11T05:32:59.000Z","volume":500,"label":" ","price":5.24},{"type":"B","date":"2018-04-11T05:34:00.000Z","volume":500,"label":" ","price":5.24},{"type":"B","date":"2018-04-11T05:34:19.000Z","volume":6000,"label":" ","price":5.24},{"type":"B","date":"2018-04-11T05:35:02.000Z","volume":500,"label":" ","price":5.24},{"type":"B","date":"2018-04-11T05:36:03.000Z","volume":500,"label":" ","price":5.24},{"type":"A","date":"2018-04-11T05:36:53.000Z","volume":3500,"label":" ","price":5.25},{"type":"A","date":"2018-04-11T05:36:58.000Z","volume":500,"label":" ","price":5.25},{"type":"B","date":"2018-04-11T05:37:06.000Z","volume":500,"label":" ","price":5.24},{"type":"B","date":"2018-04-11T05:37:23.000Z","volume":29500,"label":" ","price":5.24},{"type":"A","date":"2018-04-11T05:37:30.000Z","volume":57500,"label":" ","price":5.24},{"type":"A","date":"2018-04-11T05:37:34.000Z","volume":5000,"label":" ","price":5.25},{"type":"B","date":"2018-04-11T05:38:07.000Z","volume":500,"label":" ","price":5.24},{"type":"A","date":"2018-04-11T05:38:08.000Z","volume":8000,"label":" ","price":5.25},{"type":"B","date":"2018-04-11T05:39:08.000Z","volume":500,"label":" ","price":5.24},{"type":"B","date":"2018-04-11T05:40:09.000Z","volume":500,"label":" ","price":5.24},{"type":"A","date":"2018-04-11T05:40:14.000Z","volume":24000,"label":" ","price":5.25},{"type":"B","date":"2018-04-11T05:40:53.000Z","volume":28000,"label":" ","price":5.25},{"type":"A","date":"2018-04-11T05:40:56.000Z","volume":5500,"label":"Y","price":5.25},{"type":"A","date":"2018-04-11T05:40:56.000Z","volume":10500,"label":" ","price":5.25},{"type":"A","date":"2018-04-11T05:41:03.000Z","volume":500,"label":" ","price":5.25},{"type":"B","date":"2018-04-11T05:41:11.000Z","volume":500,"label":" ","price":5.24},{"type":"A","date":"2018-04-11T05:41:48.000Z","volume":5000,"label":" ","price":5.25},{"type":"A","date":"2018-04-11T05:41:54.000Z","volume":18500,"label":" ","price":5.25},{"type":"B","date":"2018-04-11T05:42:12.000Z","volume":500,"label":" ","price":5.24},{"type":"B","date":"2018-04-11T05:42:38.000Z","volume":500,"label":" ","price":5.24},{"type":"B","date":"2018-04-11T05:43:14.000Z","volume":500,"label":" ","price":5.24},{"type":"B","date":"2018-04-11T05:43:39.000Z","volume":500,"label":" ","price":5.24},{"type":"B","date":"2018-04-11T05:44:09.000Z","volume":500,"label":" ","price":5.25},{"type":"B","date":"2018-04-11T05:44:16.000Z","volume":500,"label":" ","price":5.25},{"type":"B","date":"2018-04-11T05:45:11.000Z","volume":500,"label":" ","price":5.25},{"type":"B","date":"2018-04-11T05:45:17.000Z","volume":500,"label":" ","price":5.25},{"type":"A","date":"2018-04-11T05:45:31.000Z","volume":5000,"label":" ","price":5.26},{"type":"B","date":"2018-04-11T05:45:40.000Z","volume":500,"label":" ","price":5.25},{"type":"B","date":"2018-04-11T05:46:10.000Z","volume":500,"label":" ","price":5.25},{"type":"B","date":"2018-04-11T05:46:19.000Z","volume":500,"label":" ","price":5.25},{"type":"B","date":"2018-04-11T05:46:20.000Z","volume":1000,"label":" ","price":5.25},{"type":"B","date":"2018-04-11T05:46:27.000Z","volume":2000,"label":" ","price":5.25},{"type":"A","date":"2018-04-11T05:46:43.000Z","volume":20000,"label":" ","price":5.26},{"type":"B","date":"2018-04-11T05:47:10.000Z","volume":500,"label":" ","price":5.25},{"type":"B","date":"2018-04-11T05:47:20.000Z","volume":500,"label":" ","price":5.25},{"type":"B","date":"2018-04-11T05:47:31.000Z","volume":4000,"label":" ","price":5.25},{"type":"B","date":"2018-04-11T05:47:40.000Z","volume":500,"label":" ","price":5.25},{"type":"B","date":"2018-04-11T05:48:21.000Z","volume":500,"label":" ","price":5.25},{"type":"B","date":"2018-04-11T05:48:40.000Z","volume":500,"label":" ","price":5.25},{"type":"A","date":"2018-04-11T05:48:43.000Z","volume":80000,"label":" ","price":5.26},{"type":"B","date":"2018-04-11T05:49:10.000Z","volume":500,"label":" ","price":5.25},{"type":"A","date":"2018-04-11T05:49:14.000Z","volume":500,"label":" ","price":5.26},{"type":"B","date":"2018-04-11T05:49:22.000Z","volume":500,"label":" ","price":5.25},{"type":"A","date":"2018-04-11T05:49:24.000Z","volume":500,"label":" ","price":5.26},{"type":"A","date":"2018-04-11T05:50:07.000Z","volume":1000,"label":" ","price":5.26},{"type":"B","date":"2018-04-11T05:50:11.000Z","volume":500,"label":" ","price":5.25},{"type":"B","date":"2018-04-11T05:50:23.000Z","volume":500,"label":" ","price":5.25},{"type":"B","date":"2018-04-11T05:50:23.000Z","volume":26000,"label":" ","price":5.25},{"type":"B","date":"2018-04-11T05:50:41.000Z","volume":500,"label":" ","price":5.24},{"type":"A","date":"2018-04-11T05:50:45.000Z","volume":10000,"label":" ","price":5.26},{"type":"B","date":"2018-04-11T05:51:21.000Z","volume":1000,"label":" ","price":5.25},{"type":"B","date":"2018-04-11T05:51:25.000Z","volume":500,"label":" ","price":5.25},{"type":"B","date":"2018-04-11T05:51:42.000Z","volume":500,"label":" ","price":5.25},{"type":"B","date":"2018-04-11T05:52:01.000Z","volume":4500,"label":" ","price":5.25},{"type":"B","date":"2018-04-11T05:52:02.000Z","volume":4000,"label":" ","price":5.25},{"type":"B","date":"2018-04-11T05:52:02.000Z","volume":500,"label":" ","price":5.25},{"type":"B","date":"2018-04-11T05:52:12.000Z","volume":500,"label":" ","price":5.24},{"type":"B","date":"2018-04-11T05:52:26.000Z","volume":500,"label":" ","price":5.24},{"type":"B","date":"2018-04-11T05:53:12.000Z","volume":500,"label":" ","price":5.24},{"type":"B","date":"2018-04-11T05:53:27.000Z","volume":500,"label":" ","price":5.24},{"type":"B","date":"2018-04-11T05:53:42.000Z","volume":500,"label":" ","price":5.24},{"type":"B","date":"2018-04-11T05:54:12.000Z","volume":500,"label":" ","price":5.24},{"type":"A","date":"2018-04-11T05:54:21.000Z","volume":50000,"label":" ","price":5.25},{"type":"B","date":"2018-04-11T05:54:28.000Z","volume":500,"label":" ","price":5.24},{"type":"A","date":"2018-04-11T05:54:30.000Z","volume":500,"label":" ","price":5.25},{"type":"A","date":"2018-04-11T05:54:48.000Z","volume":1000,"label":" ","price":5.25},{"type":"A","date":"2018-04-11T05:54:52.000Z","volume":5000,"label":" ","price":5.25},{"type":"A","date":"2018-04-11T05:54:55.000Z","volume":5000,"label":" ","price":5.25},{"type":"A","date":"2018-04-11T05:55:03.000Z","volume":500,"label":" ","price":5.25},{"type":"B","date":"2018-04-11T05:55:12.000Z","volume":500,"label":" ","price":5.24},{"type":"B","date":"2018-04-11T05:55:30.000Z","volume":500,"label":" ","price":5.24},{"type":"B","date":"2018-04-11T05:55:42.000Z","volume":500,"label":" ","price":5.24},{"type":"B","date":"2018-04-11T05:56:31.000Z","volume":500,"label":" ","price":5.24},{"type":"B","date":"2018-04-11T05:56:42.000Z","volume":500,"label":" ","price":5.24},{"type":"B","date":"2018-04-11T05:57:13.000Z","volume":500,"label":" ","price":5.24},{"type":"A","date":"2018-04-11T05:57:29.000Z","volume":500,"label":" ","price":5.25},{"type":"B","date":"2018-04-11T05:57:33.000Z","volume":500,"label":" ","price":5.24},{"type":"A","date":"2018-04-11T05:57:41.000Z","volume":32500,"label":" ","price":5.25},{"type":"B","date":"2018-04-11T05:58:23.000Z","volume":500,"label":" ","price":5.24},{"type":"B","date":"2018-04-11T05:58:34.000Z","volume":500,"label":" ","price":5.24},{"type":"A","date":"2018-04-11T05:58:41.000Z","volume":500,"label":" ","price":5.25},{"type":"A","date":"2018-04-11T05:59:16.000Z","volume":11000,"label":" ","price":5.25},{"type":"B","date":"2018-04-11T05:59:18.000Z","volume":7000,"label":" ","price":5.25},{"type":"B","date":"2018-04-11T05:59:18.000Z","volume":3500,"label":" ","price":5.25},{"type":"B","date":"2018-04-11T05:59:36.000Z","volume":500,"label":" ","price":5.24},{"type":"B","date":"2018-04-11T06:00:25.000Z","volume":500,"label":" ","price":5.24},{"type":"A","date":"2018-04-11T06:00:30.000Z","volume":1500,"label":"Y","price":5.25},{"type":"A","date":"2018-04-11T06:00:30.000Z","volume":4500,"label":" ","price":5.25},{"type":"B","date":"2018-04-11T06:00:37.000Z","volume":500,"label":" ","price":5.24},{"type":"A","date":"2018-04-11T06:00:45.000Z","volume":2000,"label":" ","price":5.25},{"type":"A","date":"2018-04-11T06:01:24.000Z","volume":500,"label":" ","price":5.25},{"type":"A","date":"2018-04-11T06:01:33.000Z","volume":10000,"label":" ","price":5.25},{"type":"B","date":"2018-04-11T06:01:38.000Z","volume":500,"label":" ","price":5.24},{"type":"B","date":"2018-04-11T06:01:56.000Z","volume":500,"label":" ","price":5.24},{"type":"A","date":"2018-04-11T06:02:01.000Z","volume":1000,"label":" ","price":5.25},{"type":"A","date":"2018-04-11T06:02:34.000Z","volume":1000,"label":" ","price":5.25},{"type":"B","date":"2018-04-11T06:02:40.000Z","volume":500,"label":" ","price":5.24},{"type":"A","date":"2018-04-11T06:03:09.000Z","volume":3000,"label":" ","price":5.25},{"type":"A","date":"2018-04-11T06:03:14.000Z","volume":500,"label":" ","price":5.25},{"type":"B","date":"2018-04-11T06:03:41.000Z","volume":500,"label":" ","price":5.24},{"type":"A","date":"2018-04-11T06:03:51.000Z","volume":1000,"label":" ","price":5.25},{"type":"B","date":"2018-04-11T06:03:57.000Z","volume":500,"label":" ","price":5.24},{"type":"A","date":"2018-04-11T06:04:03.000Z","volume":500,"label":" ","price":5.25},{"type":"B","date":"2018-04-11T06:04:17.000Z","volume":10000,"label":" ","price":5.24},{"type":"B","date":"2018-04-11T06:04:42.000Z","volume":500,"label":" ","price":5.24},{"type":"A","date":"2018-04-11T06:04:58.000Z","volume":1000,"label":" ","price":5.25},{"type":"B","date":"2018-04-11T06:05:28.000Z","volume":500,"label":" ","price":5.24},{"type":"A","date":"2018-04-11T06:05:29.000Z","volume":5000,"label":" ","price":5.25},{"type":"A","date":"2018-04-11T06:05:30.000Z","volume":500,"label":" ","price":5.25},{"type":"B","date":"2018-04-11T06:05:43.000Z","volume":500,"label":" ","price":5.24},{"type":"A","date":"2018-04-11T06:06:15.000Z","volume":500,"label":" ","price":5.25},{"type":"B","date":"2018-04-11T06:06:45.000Z","volume":500,"label":" ","price":5.24},{"type":"A","date":"2018-04-11T06:07:08.000Z","volume":500,"label":" ","price":5.25},{"type":"A","date":"2018-04-11T06:07:21.000Z","volume":1000,"label":" ","price":5.25},{"type":"B","date":"2018-04-11T06:07:29.000Z","volume":500,"label":" ","price":5.24},{"type":"B","date":"2018-04-11T06:07:46.000Z","volume":500,"label":" ","price":5.24},{"type":"A","date":"2018-04-11T06:08:44.000Z","volume":10000,"label":"Y","price":5.25},{"type":"A","date":"2018-04-11T06:08:44.000Z","volume":37500,"label":" ","price":5.25},{"type":"B","date":"2018-04-11T06:08:48.000Z","volume":500,"label":"Y","price":5.25},{"type":"B","date":"2018-04-11T06:09:01.000Z","volume":500,"label":"Y","price":5.25},{"type":"B","date":"2018-04-11T06:09:14.000Z","volume":66000,"label":" ","price":5.25},{"type":"B","date":"2018-04-11T06:09:50.000Z","volume":500,"label":" ","price":5.24},{"type":"B","date":"2018-04-11T06:10:02.000Z","volume":10000,"label":" ","price":5.24},{"type":"A","date":"2018-04-11T06:10:28.000Z","volume":65500,"label":" ","price":5.25},{"type":"B","date":"2018-04-11T06:10:32.000Z","volume":4000,"label":" ","price":5.25},{"type":"B","date":"2018-04-11T06:10:51.000Z","volume":500,"label":" ","price":5.25},{"type":"B","date":"2018-04-11T06:11:02.000Z","volume":500,"label":" ","price":5.25},{"type":"B","date":"2018-04-11T06:11:22.000Z","volume":51000,"label":" ","price":5.25},{"type":"B","date":"2018-04-11T06:11:52.000Z","volume":500,"label":" ","price":5.25},{"type":"B","date":"2018-04-11T06:12:32.000Z","volume":500,"label":" ","price":5.25},{"type":"B","date":"2018-04-11T06:12:40.000Z","volume":119500,"label":" ","price":5.25},{"type":"B","date":"2018-04-11T06:12:53.000Z","volume":500,"label":" ","price":5.24},{"type":"A","date":"2018-04-11T06:12:59.000Z","volume":93000,"label":" ","price":5.25},{"type":"A","date":"2018-04-11T06:12:59.000Z","volume":7000,"label":" ","price":5.25},{"type":"A","date":"2018-04-11T06:13:12.000Z","volume":8000,"label":" ","price":5.25},{"type":"A","date":"2018-04-11T06:13:21.000Z","volume":500,"label":" ","price":5.25},{"type":"A","date":"2018-04-11T06:13:31.000Z","volume":15500,"label":"Y","price":5.25},{"type":"A","date":"2018-04-11T06:13:31.000Z","volume":1000,"label":" ","price":5.25},{"type":"A","date":"2018-04-11T06:13:33.000Z","volume":1000,"label":" ","price":5.26},{"type":"A","date":"2018-04-11T06:13:48.000Z","volume":1000,"label":" ","price":5.26},{"type":"B","date":"2018-04-11T06:13:54.000Z","volume":500,"label":"Y","price":5.25},{"type":"B","date":"2018-04-11T06:14:17.000Z","volume":10000,"label":"Y","price":5.25},{"type":"B","date":"2018-04-11T06:14:18.000Z","volume":100000,"label":" ","price":5.25},{"type":"B","date":"2018-04-11T06:14:18.000Z","volume":1000,"label":" ","price":5.25},{"type":"A","date":"2018-04-11T06:14:32.000Z","volume":500,"label":" ","price":5.25},{"type":"B","date":"2018-04-11T06:14:33.000Z","volume":500,"label":" ","price":5.24},{"type":"B","date":"2018-04-11T06:14:57.000Z","volume":500,"label":" ","price":5.24},{"type":"B","date":"2018-04-11T06:15:02.000Z","volume":5000,"label":" ","price":5.24},{"type":"A","date":"2018-04-11T06:15:45.000Z","volume":500,"label":" ","price":5.25},{"type":"B","date":"2018-04-11T06:15:58.000Z","volume":500,"label":" ","price":5.24},{"type":"B","date":"2018-04-11T06:16:03.000Z","volume":500,"label":" ","price":5.24},{"type":"B","date":"2018-04-11T06:16:42.000Z","volume":5000,"label":" ","price":5.24},{"type":"B","date":"2018-04-11T06:17:00.000Z","volume":500,"label":" ","price":5.24},{"type":"B","date":"2018-04-11T06:17:12.000Z","volume":10000,"label":" ","price":5.24},{"type":"B","date":"2018-04-11T06:17:30.000Z","volume":3000,"label":" ","price":5.24},{"type":"B","date":"2018-04-11T06:18:02.000Z","volume":500,"label":" ","price":5.24},{"type":"B","date":"2018-04-11T06:18:05.000Z","volume":500,"label":" ","price":5.24},{"type":"A","date":"2018-04-11T06:18:18.000Z","volume":6000,"label":" ","price":5.25},{"type":"B","date":"2018-04-11T06:19:03.000Z","volume":500,"label":" ","price":5.24},{"type":"B","date":"2018-04-11T06:19:35.000Z","volume":500,"label":" ","price":5.24},{"type":"A","date":"2018-04-11T06:19:56.000Z","volume":4000,"label":" ","price":5.25},{"type":"B","date":"2018-04-11T06:20:04.000Z","volume":500,"label":" ","price":5.24},{"type":"A","date":"2018-04-11T06:20:28.000Z","volume":500,"label":" ","price":5.25},{"type":"A","date":"2018-04-11T06:20:47.000Z","volume":50000,"label":" ","price":5.25},{"type":"A","date":"2018-04-11T06:20:47.000Z","volume":24000,"label":" ","price":5.25},{"type":"A","date":"2018-04-11T06:20:48.000Z","volume":500,"label":" ","price":5.25},{"type":"A","date":"2018-04-11T06:20:50.000Z","volume":1000,"label":" ","price":5.25},{"type":"A","date":"2018-04-11T06:20:50.000Z","volume":500,"label":" ","price":5.25},{"type":"A","date":"2018-04-11T06:20:52.000Z","volume":1000,"label":" ","price":5.25},{"type":"B","date":"2018-04-11T06:21:06.000Z","volume":500,"label":" ","price":5.24},{"type":"A","date":"2018-04-11T06:21:35.000Z","volume":500,"label":" ","price":5.25},{"type":"A","date":"2018-04-11T06:21:35.000Z","volume":4000,"label":"Y","price":5.25},{"type":"A","date":"2018-04-11T06:21:35.000Z","volume":1000,"label":" ","price":5.25},{"type":"B","date":"2018-04-11T06:21:36.000Z","volume":500,"label":" ","price":5.24},{"type":"A","date":"2018-04-11T06:21:50.000Z","volume":9000,"label":" ","price":5.25},{"type":"B","date":"2018-04-11T06:21:52.000Z","volume":1000,"label":" ","price":5.25},{"type":"B","date":"2018-04-11T06:21:59.000Z","volume":1000,"label":" ","price":5.25},{"type":"B","date":"2018-04-11T06:22:08.000Z","volume":500,"label":" ","price":5.25},{"type":"B","date":"2018-04-11T06:22:23.000Z","volume":500,"label":" ","price":5.25},{"type":"B","date":"2018-04-11T06:22:32.000Z","volume":4500,"label":" ","price":5.25},{"type":"B","date":"2018-04-11T06:22:36.000Z","volume":1000,"label":" ","price":5.25},{"type":"B","date":"2018-04-11T06:23:07.000Z","volume":500,"label":" ","price":5.24},{"type":"B","date":"2018-04-11T06:23:09.000Z","volume":500,"label":" ","price":5.24},{"type":"A","date":"2018-04-11T06:23:23.000Z","volume":10000,"label":" ","price":5.25},{"type":"A","date":"2018-04-11T06:23:25.000Z","volume":500,"label":" ","price":5.25},{"type":"B","date":"2018-04-11T06:24:11.000Z","volume":500,"label":" ","price":5.24},{"type":"B","date":"2018-04-11T06:25:09.000Z","volume":500,"label":" ","price":5.24},{"type":"B","date":"2018-04-11T06:25:12.000Z","volume":500,"label":" ","price":5.24},{"type":"A","date":"2018-04-11T06:25:36.000Z","volume":500,"label":" ","price":5.25},{"type":"B","date":"2018-04-11T06:26:13.000Z","volume":500,"label":" ","price":5.24},{"type":"A","date":"2018-04-11T06:26:22.000Z","volume":500,"label":" ","price":5.25},{"type":"B","date":"2018-04-11T06:26:39.000Z","volume":500,"label":" ","price":5.24},{"type":"B","date":"2018-04-11T06:27:14.000Z","volume":500,"label":" ","price":5.24},{"type":"B","date":"2018-04-11T06:27:29.000Z","volume":5000,"label":" ","price":5.24},{"type":"B","date":"2018-04-11T06:28:10.000Z","volume":500,"label":" ","price":5.24},{"type":"B","date":"2018-04-11T06:28:17.000Z","volume":500,"label":" ","price":5.24},{"type":"A","date":"2018-04-11T06:28:54.000Z","volume":2000,"label":" ","price":5.25},{"type":"B","date":"2018-04-11T06:29:18.000Z","volume":500,"label":" ","price":5.24},{"type":"A","date":"2018-04-11T06:29:47.000Z","volume":1000,"label":" ","price":5.25},{"type":"B","date":"2018-04-11T06:30:12.000Z","volume":500,"label":" ","price":5.24},{"type":"B","date":"2018-04-11T06:30:20.000Z","volume":500,"label":" ","price":5.24},{"type":"A","date":"2018-04-11T06:30:23.000Z","volume":4000,"label":" ","price":5.25},{"type":"A","date":"2018-04-11T06:30:24.000Z","volume":500,"label":" ","price":5.25},{"type":"B","date":"2018-04-11T06:30:27.000Z","volume":5000,"label":" ","price":5.24},{"type":"A","date":"2018-04-11T06:31:02.000Z","volume":500,"label":" ","price":5.25},{"type":"B","date":"2018-04-11T06:31:21.000Z","volume":500,"label":" ","price":5.24},{"type":"A","date":"2018-04-11T06:31:35.000Z","volume":500,"label":" ","price":5.25},{"type":"B","date":"2018-04-11T06:31:38.000Z","volume":500,"label":" ","price":5.24},{"type":"B","date":"2018-04-11T06:31:42.000Z","volume":500,"label":" ","price":5.24},{"type":"A","date":"2018-04-11T06:31:45.000Z","volume":500,"label":" ","price":5.25},{"type":"A","date":"2018-04-11T06:31:50.000Z","volume":8000,"label":" ","price":5.25},{"type":"B","date":"2018-04-11T06:32:14.000Z","volume":1000,"label":" ","price":5.24},{"type":"A","date":"2018-04-11T06:33:02.000Z","volume":500,"label":" ","price":5.25},{"type":"B","date":"2018-04-11T06:33:16.000Z","volume":1000,"label":" ","price":5.24},{"type":"B","date":"2018-04-11T06:33:43.000Z","volume":500,"label":" ","price":5.24},{"type":"A","date":"2018-04-11T06:33:46.000Z","volume":500,"label":" ","price":5.25},{"type":"A","date":"2018-04-11T06:33:48.000Z","volume":1000,"label":" ","price":5.25},{"type":"A","date":"2018-04-11T06:33:51.000Z","volume":1000,"label":" ","price":5.25},{"type":"A","date":"2018-04-11T06:34:04.000Z","volume":500,"label":" ","price":5.25},{"type":"B","date":"2018-04-11T06:34:21.000Z","volume":1000,"label":" ","price":5.24},{"type":"B","date":"2018-04-11T06:35:14.000Z","volume":500,"label":" ","price":5.24},{"type":"B","date":"2018-04-11T06:35:22.000Z","volume":1000,"label":" ","price":5.24},{"type":"A","date":"2018-04-11T06:36:07.000Z","volume":10000,"label":" ","price":5.25},{"type":"B","date":"2018-04-11T06:36:24.000Z","volume":1000,"label":" ","price":5.24},{"type":"B","date":"2018-04-11T06:36:26.000Z","volume":20000,"label":" ","price":5.24},{"type":"B","date":"2018-04-11T06:37:00.000Z","volume":10000,"label":" ","price":5.24},{"type":"A","date":"2018-04-11T06:37:01.000Z","volume":500,"label":" ","price":5.25},{"type":"B","date":"2018-04-11T06:37:16.000Z","volume":500,"label":" ","price":5.24},{"type":"B","date":"2018-04-11T06:37:25.000Z","volume":1000,"label":" ","price":5.24},{"type":"A","date":"2018-04-11T06:37:42.000Z","volume":55500,"label":" ","price":5.25},{"type":"A","date":"2018-04-11T06:37:52.000Z","volume":1000,"label":" ","price":5.25},{"type":"A","date":"2018-04-11T06:37:52.000Z","volume":6000,"label":" ","price":5.25},{"type":"A","date":"2018-04-11T06:38:13.000Z","volume":3000,"label":" ","price":5.25},{"type":"B","date":"2018-04-11T06:38:22.000Z","volume":1500,"label":"Y","price":5.25},{"type":"B","date":"2018-04-11T06:38:28.000Z","volume":1000,"label":" ","price":5.25},{"type":"B","date":"2018-04-11T06:38:47.000Z","volume":500,"label":" ","price":5.25},{"type":"B","date":"2018-04-11T06:39:00.000Z","volume":7500,"label":" ","price":5.25},{"type":"A","date":"2018-04-11T06:39:00.000Z","volume":500,"label":" ","price":5.25},{"type":"A","date":"2018-04-11T06:39:26.000Z","volume":500,"label":" ","price":5.25},{"type":"B","date":"2018-04-11T06:39:29.000Z","volume":1000,"label":" ","price":5.24},{"type":"A","date":"2018-04-11T06:39:40.000Z","volume":10000,"label":" ","price":5.25},{"type":"A","date":"2018-04-11T06:39:45.000Z","volume":3000,"label":" ","price":5.25},{"type":"B","date":"2018-04-11T06:40:32.000Z","volume":1000,"label":" ","price":5.24},{"type":"A","date":"2018-04-11T06:40:46.000Z","volume":14500,"label":" ","price":5.25},{"type":"B","date":"2018-04-11T06:40:48.000Z","volume":500,"label":" ","price":5.24},{"type":"A","date":"2018-04-11T06:41:23.000Z","volume":500,"label":"Y","price":5.25},{"type":"B","date":"2018-04-11T06:41:33.000Z","volume":1000,"label":" ","price":5.24},{"type":"A","date":"2018-04-11T06:41:44.000Z","volume":7000,"label":" ","price":5.25},{"type":"B","date":"2018-04-11T06:42:03.000Z","volume":5000,"label":" ","price":5.25},{"type":"B","date":"2018-04-11T06:42:18.000Z","volume":500,"label":" ","price":5.25},{"type":"B","date":"2018-04-11T06:42:35.000Z","volume":1000,"label":" ","price":5.25},{"type":"B","date":"2018-04-11T06:42:53.000Z","volume":1000,"label":" ","price":5.25},{"type":"B","date":"2018-04-11T06:43:07.000Z","volume":24500,"label":" ","price":5.25},{"type":"A","date":"2018-04-11T06:43:16.000Z","volume":500,"label":" ","price":5.25},{"type":"B","date":"2018-04-11T06:43:36.000Z","volume":1000,"label":" ","price":5.24},{"type":"A","date":"2018-04-11T06:43:46.000Z","volume":11500,"label":" ","price":5.25},{"type":"B","date":"2018-04-11T06:44:20.000Z","volume":500,"label":" ","price":5.24},{"type":"B","date":"2018-04-11T06:44:38.000Z","volume":1000,"label":"Y","price":5.25},{"type":"B","date":"2018-04-11T06:45:39.000Z","volume":1000,"label":"Y","price":5.25},{"type":"B","date":"2018-04-11T06:45:50.000Z","volume":500,"label":"Y","price":5.25},{"type":"B","date":"2018-04-11T06:46:32.000Z","volume":110000,"label":" ","price":5.25},{"type":"B","date":"2018-04-11T06:46:40.000Z","volume":1000,"label":"Y","price":5.25},{"type":"B","date":"2018-04-11T06:47:43.000Z","volume":1000,"label":"Y","price":5.25},{"type":"B","date":"2018-04-11T06:47:51.000Z","volume":500,"label":"Y","price":5.25},{"type":"B","date":"2018-04-11T06:48:44.000Z","volume":1000,"label":"Y","price":5.25},{"type":"B","date":"2018-04-11T06:49:22.000Z","volume":500,"label":"Y","price":5.25},{"type":"B","date":"2018-04-11T06:49:33.000Z","volume":2000,"label":" ","price":5.25},{"type":"B","date":"2018-04-11T06:49:45.000Z","volume":1000,"label":"Y","price":5.25},{"type":"A","date":"2018-04-11T06:50:21.000Z","volume":8500,"label":" ","price":5.26},{"type":"B","date":"2018-04-11T06:50:46.000Z","volume":1000,"label":"Y","price":5.25},{"type":"B","date":"2018-04-11T06:51:12.000Z","volume":2000,"label":"Y","price":5.25},{"type":"B","date":"2018-04-11T06:51:23.000Z","volume":500,"label":"Y","price":5.25},{"type":"B","date":"2018-04-11T06:52:13.000Z","volume":2000,"label":"Y","price":5.25},{"type":"B","date":"2018-04-11T06:52:54.000Z","volume":500,"label":"Y","price":5.25},{"type":"B","date":"2018-04-11T06:53:14.000Z","volume":2000,"label":"Y","price":5.25},{"type":"B","date":"2018-04-11T06:54:16.000Z","volume":2000,"label":"Y","price":5.25},{"type":"B","date":"2018-04-11T06:54:55.000Z","volume":500,"label":"Y","price":5.25},{"type":"B","date":"2018-04-11T06:55:17.000Z","volume":2000,"label":"Y","price":5.25},{"type":"A","date":"2018-04-11T06:55:45.000Z","volume":500,"label":" ","price":5.26},{"type":"B","date":"2018-04-11T06:56:17.000Z","volume":2000,"label":"Y","price":5.25},{"type":"B","date":"2018-04-11T06:56:27.000Z","volume":500,"label":"Y","price":5.25},{"type":"B","date":"2018-04-11T06:56:30.000Z","volume":3500,"label":" ","price":5.25},{"type":"B","date":"2018-04-11T06:56:30.000Z","volume":500,"label":" ","price":5.25},{"type":"A","date":"2018-04-11T06:56:40.000Z","volume":4000,"label":" ","price":5.26},{"type":"B","date":"2018-04-11T06:57:18.000Z","volume":2000,"label":"Y","price":5.25},{"type":"B","date":"2018-04-11T06:58:27.000Z","volume":500,"label":"Y","price":5.25},{"type":"B","date":"2018-04-11T06:58:45.000Z","volume":10000,"label":" ","price":5.25},{"type":"A","date":"2018-04-11T06:58:47.000Z","volume":500,"label":" ","price":5.26},{"type":"B","date":"2018-04-11T06:59:00.000Z","volume":500,"label":" ","price":5.25},{"type":"A","date":"2018-04-11T06:59:39.000Z","volume":1500,"label":" ","price":5.26},{"type":"B","date":"2018-04-11T06:59:58.000Z","volume":500,"label":"Y","price":5.25},{"type":"B","date":"2018-04-11T07:00:00.000Z","volume":3000,"label":" ","price":5.25},{"type":"B","date":"2018-04-11T07:01:00.000Z","volume":500,"label":" ","price":5.25},{"type":"A","date":"2018-04-11T07:01:11.000Z","volume":500,"label":" ","price":5.26},{"type":"B","date":"2018-04-11T07:02:00.000Z","volume":500,"label":"Y","price":5.25},{"type":"B","date":"2018-04-11T07:02:14.000Z","volume":5000,"label":" ","price":5.25},{"type":"B","date":"2018-04-11T07:03:00.000Z","volume":3000,"label":" ","price":5.25},{"type":"B","date":"2018-04-11T07:03:13.000Z","volume":10000,"label":" ","price":5.25},{"type":"B","date":"2018-04-11T07:03:30.000Z","volume":500,"label":" ","price":5.25},{"type":"B","date":"2018-04-11T07:03:31.000Z","volume":500,"label":"Y","price":5.25},{"type":"A","date":"2018-04-11T07:04:00.000Z","volume":500,"label":" ","price":5.26},{"type":"A","date":"2018-04-11T07:04:03.000Z","volume":500,"label":" ","price":5.26},{"type":"A","date":"2018-04-11T07:04:10.000Z","volume":500,"label":" ","price":5.26},{"type":"A","date":"2018-04-11T07:04:33.000Z","volume":1500,"label":" ","price":5.26},{"type":"A","date":"2018-04-11T07:04:33.000Z","volume":1000,"label":" ","price":5.26},{"type":"A","date":"2018-04-11T07:04:35.000Z","volume":1500,"label":" ","price":5.26},{"type":"B","date":"2018-04-11T07:04:59.000Z","volume":2500,"label":" ","price":5.25},{"type":"A","date":"2018-04-11T07:05:11.000Z","volume":4000,"label":" ","price":5.26},{"type":"B","date":"2018-04-11T07:05:12.000Z","volume":2500,"label":" ","price":5.25}