[{"type":"U","date":"2018-03-27T01:20:00.000Z","volume":19000,"label":"U","price":9},{"type":"B","date":"2018-03-27T01:30:03.000Z","volume":500,"label":" ","price":8.95},{"type":"B","date":"2018-03-27T01:30:04.000Z","volume":5000,"label":" ","price":8.92},{"type":"A","date":"2018-03-27T01:30:05.000Z","volume":1000,"label":" ","price":8.95},{"type":"A","date":"2018-03-27T01:30:05.000Z","volume":1000,"label":" ","price":8.95},{"type":"A","date":"2018-03-27T01:30:06.000Z","volume":500,"label":" ","price":8.95},{"type":"B","date":"2018-03-27T01:30:07.000Z","volume":500,"label":" ","price":8.92},{"type":"A","date":"2018-03-27T01:30:08.000Z","volume":500,"label":" ","price":8.95},{"type":"B","date":"2018-03-27T01:30:27.000Z","volume":1500,"label":" ","price":8.93},{"type":"B","date":"2018-03-27T01:30:27.000Z","volume":2500,"label":" ","price":8.92},{"type":"B","date":"2018-03-27T01:30:27.000Z","volume":500,"label":" ","price":8.92},{"type":"B","date":"2018-03-27T01:30:27.000Z","volume":1500,"label":" ","price":8.92},{"type":"B","date":"2018-03-27T01:30:28.000Z","volume":1000,"label":" ","price":8.92},{"type":"B","date":"2018-03-27T01:30:29.000Z","volume":500,"label":" ","price":8.92},{"type":"A","date":"2018-03-27T01:30:29.000Z","volume":500,"label":" ","price":8.93},{"type":"B","date":"2018-03-27T01:30:29.000Z","volume":500,"label":" ","price":8.92},{"type":"B","date":"2018-03-27T01:30:29.000Z","volume":500,"label":" ","price":8.92},{"type":"A","date":"2018-03-27T01:30:30.000Z","volume":5000,"label":" ","price":8.93},{"type":"B","date":"2018-03-27T01:30:30.000Z","volume":2500,"label":" ","price":8.92},{"type":"B","date":"2018-03-27T01:30:30.000Z","volume":1000,"label":" ","price":8.92},{"type":"B","date":"2018-03-27T01:30:31.000Z","volume":3500,"label":" ","price":8.92},{"type":"B","date":"2018-03-27T01:30:31.000Z","volume":500,"label":" ","price":8.92},{"type":"B","date":"2018-03-27T01:30:31.000Z","volume":1000,"label":" ","price":8.92},{"type":"A","date":"2018-03-27T01:30:32.000Z","volume":500,"label":" ","price":8.93},{"type":"B","date":"2018-03-27T01:30:32.000Z","volume":2000,"label":" ","price":8.92},{"type":"B","date":"2018-03-27T01:30:34.000Z","volume":1500,"label":" ","price":8.92},{"type":"A","date":"2018-03-27T01:30:34.000Z","volume":500,"label":" ","price":8.92},{"type":"B","date":"2018-03-27T01:30:48.000Z","volume":2500,"label":" ","price":8.92},{"type":"B","date":"2018-03-27T01:30:49.000Z","volume":1000,"label":" ","price":8.92},{"type":"A","date":"2018-03-27T01:30:55.000Z","volume":7000,"label":" ","price":8.93},{"type":"B","date":"2018-03-27T01:30:55.000Z","volume":1000,"label":" ","price":8.92},{"type":"B","date":"2018-03-27T01:30:55.000Z","volume":1000,"label":" ","price":8.92},{"type":"B","date":"2018-03-27T01:30:56.000Z","volume":500,"label":" ","price":8.92},{"type":"A","date":"2018-03-27T01:30:56.000Z","volume":1000,"label":" ","price":8.92},{"type":"A","date":"2018-03-27T01:31:25.000Z","volume":2500,"label":" ","price":8.92},{"type":"A","date":"2018-03-27T01:31:27.000Z","volume":500,"label":" ","price":8.92},{"type":"A","date":"2018-03-27T01:31:27.000Z","volume":500,"label":" ","price":8.92},{"type":"A","date":"2018-03-27T01:31:33.000Z","volume":500,"label":" ","price":8.92},{"type":"A","date":"2018-03-27T01:32:19.000Z","volume":1000,"label":" ","price":8.92},{"type":"A","date":"2018-03-27T01:32:19.000Z","volume":2000,"label":"Y","price":8.92},{"type":"A","date":"2018-03-27T01:32:19.000Z","volume":17000,"label":" ","price":8.92},{"type":"A","date":"2018-03-27T01:32:20.000Z","volume":1500,"label":" ","price":8.93},{"type":"B","date":"2018-03-27T01:32:20.000Z","volume":1000,"label":" ","price":8.92},{"type":"U","date":"2018-03-27T01:33:09.000Z","volume":3000,"label":" ","price":8.92},{"type":"U","date":"2018-03-27T01:33:09.000Z","volume":1000,"label":" ","price":8.92},{"type":"A","date":"2018-03-27T01:33:38.000Z","volume":26500,"label":" ","price":8.92},{"type":"A","date":"2018-03-27T01:33:38.000Z","volume":7000,"label":" ","price":8.93},{"type":"B","date":"2018-03-27T01:33:40.000Z","volume":1000,"label":" ","price":8.92},{"type":"A","date":"2018-03-27T01:33:57.000Z","volume":20000,"label":" ","price":8.95},{"type":"A","date":"2018-03-27T01:33:57.000Z","volume":17500,"label":" ","price":8.96},{"type":"B","date":"2018-03-27T01:34:01.000Z","volume":2500,"label":" ","price":8.96},{"type":"B","date":"2018-03-27T01:34:01.000Z","volume":2000,"label":" ","price":8.96},{"type":"B","date":"2018-03-27T01:34:01.000Z","volume":2000,"label":" ","price":8.96},{"type":"U","date":"2018-03-27T01:34:02.000Z","volume":4000,"label":"X","price":8.965},{"type":"A","date":"2018-03-27T01:34:10.000Z","volume":4000,"label":" ","price":8.97},{"type":"A","date":"2018-03-27T01:34:10.000Z","volume":16000,"label":" ","price":8.97},{"type":"A","date":"2018-03-27T01:34:10.000Z","volume":7000,"label":"Y","price":8.97},{"type":"A","date":"2018-03-27T01:34:10.000Z","volume":2000,"label":" ","price":8.97},{"type":"A","date":"2018-03-27T01:34:10.000Z","volume":1000,"label":" ","price":8.97},{"type":"B","date":"2018-03-27T01:34:14.000Z","volume":10000,"label":" ","price":8.97},{"type":"B","date":"2018-03-27T01:34:15.000Z","volume":3000,"label":"Y","price":8.97},{"type":"U","date":"2018-03-27T01:34:18.000Z","volume":3000,"label":"X","price":8.975},{"type":"A","date":"2018-03-27T01:34:35.000Z","volume":11500,"label":" ","price":8.98},{"type":"B","date":"2018-03-27T01:34:35.000Z","volume":1000,"label":" ","price":8.98},{"type":"B","date":"2018-03-27T01:34:35.000Z","volume":500,"label":" ","price":8.98},{"type":"A","date":"2018-03-27T01:34:58.000Z","volume":10000,"label":" ","price":8.98},{"type":"B","date":"2018-03-27T01:34:58.000Z","volume":3500,"label":" ","price":8.98},{"type":"B","date":"2018-03-27T01:34:58.000Z","volume":1500,"label":" ","price":8.98},{"type":"U","date":"2018-03-27T01:34:58.000Z","volume":2000,"label":"X","price":8.975},{"type":"B","date":"2018-03-27T01:35:20.000Z","volume":4500,"label":" ","price":8.97},{"type":"A","date":"2018-03-27T01:35:21.000Z","volume":20000,"label":" ","price":8.98},{"type":"B","date":"2018-03-27T01:35:28.000Z","volume":6500,"label":" ","price":8.97},{"type":"U","date":"2018-03-27T01:35:29.000Z","volume":3000,"label":"X","price":8.93},{"type":"A","date":"2018-03-27T01:35:56.000Z","volume":10000,"label":" ","price":8.95},{"type":"A","date":"2018-03-27T01:36:32.000Z","volume":1000,"label":" ","price":8.95},{"type":"B","date":"2018-03-27T01:37:30.000Z","volume":1000,"label":" ","price":8.93},{"type":"B","date":"2018-03-27T01:37:30.000Z","volume":3500,"label":" ","price":8.92},{"type":"B","date":"2018-03-27T01:37:30.000Z","volume":69000,"label":" ","price":8.92},{"type":"B","date":"2018-03-27T01:37:30.000Z","volume":4000,"label":" ","price":8.91},{"type":"B","date":"2018-03-27T01:37:31.000Z","volume":3500,"label":" ","price":8.9},{"type":"A","date":"2018-03-27T01:37:31.000Z","volume":1000,"label":" ","price":8.92},{"type":"A","date":"2018-03-27T01:37:31.000Z","volume":6000,"label":" ","price":8.93},{"type":"U","date":"2018-03-27T01:37:31.000Z","volume":10000,"label":" ","price":8.91},{"type":"B","date":"2018-03-27T01:37:31.000Z","volume":500,"label":" ","price":8.89},{"type":"B","date":"2018-03-27T01:37:31.000Z","volume":8500,"label":" ","price":8.88},{"type":"B","date":"2018-03-27T01:37:31.000Z","volume":1500,"label":" ","price":8.88},{"type":"U","date":"2018-03-27T01:37:36.000Z","volume":3500,"label":" ","price":8.9},{"type":"A","date":"2018-03-27T01:37:36.000Z","volume":11000,"label":" ","price":8.9},{"type":"A","date":"2018-03-27T01:37:37.000Z","volume":14000,"label":" ","price":8.9},{"type":"U","date":"2018-03-27T01:37:38.000Z","volume":4000,"label":"Y","price":8.89},{"type":"U","date":"2018-03-27T01:37:38.000Z","volume":500,"label":" ","price":8.89},{"type":"A","date":"2018-03-27T01:37:40.000Z","volume":2000,"label":" ","price":8.9},{"type":"A","date":"2018-03-27T01:37:42.000Z","volume":10500,"label":" ","price":8.9},{"type":"A","date":"2018-03-27T01:37:43.000Z","volume":1500,"label":" ","price":8.9},{"type":"A","date":"2018-03-27T01:37:45.000Z","volume":14000,"label":" ","price":8.9},{"type":"A","date":"2018-03-27T01:37:45.000Z","volume":2000,"label":" ","price":8.9},{"type":"A","date":"2018-03-27T01:37:48.000Z","volume":5500,"label":" ","price":8.9},{"type":"A","date":"2018-03-27T01:37:49.000Z","volume":18500,"label":" ","price":8.9},{"type":"A","date":"2018-03-27T01:37:50.000Z","volume":13000,"label":" ","price":8.9},{"type":"U","date":"2018-03-27T01:37:50.000Z","volume":9500,"label":"X","price":8.885},{"type":"B","date":"2018-03-27T01:38:06.000Z","volume":500,"label":" ","price":8.88},{"type":"A","date":"2018-03-27T01:38:25.000Z","volume":12500,"label":" ","price":8.88},{"type":"B","date":"2018-03-27T01:38:28.000Z","volume":500,"label":" ","price":8.87},{"type":"A","date":"2018-03-27T01:38:28.000Z","volume":21500,"label":" ","price":8.88},{"type":"A","date":"2018-03-27T01:38:30.000Z","volume":43000,"label":" ","price":8.88},{"type":"A","date":"2018-03-27T01:38:30.000Z","volume":14500,"label":" ","price":8.88},{"type":"A","date":"2018-03-27T01:38:32.000Z","volume":500,"label":" ","price":8.88},{"type":"A","date":"2018-03-27T01:38:33.000Z","volume":5500,"label":" ","price":8.88},{"type":"A","date":"2018-03-27T01:38:36.000Z","volume":3000,"label":" ","price":8.88},{"type":"A","date":"2018-03-27T01:38:37.000Z","volume":14000,"label":" ","price":8.88},{"type":"A","date":"2018-03-27T01:38:54.000Z","volume":5000,"label":" ","price":8.88},{"type":"A","date":"2018-03-27T01:38:55.000Z","volume":500,"label":" ","price":8.88},{"type":"A","date":"2018-03-27T01:39:03.000Z","volume":4500,"label":"Y","price":8.88},{"type":"A","date":"2018-03-27T01:39:03.000Z","volume":14500,"label":" ","price":8.88},{"type":"A","date":"2018-03-27T01:39:03.000Z","volume":500,"label":"Y","price":8.88},{"type":"A","date":"2018-03-27T01:39:03.000Z","volume":5000,"label":" ","price":8.88},{"type":"A","date":"2018-03-27T01:39:49.000Z","volume":3500,"label":" ","price":8.88},{"type":"A","date":"2018-03-27T01:39:52.000Z","volume":2000,"label":" ","price":8.88},{"type":"B","date":"2018-03-27T01:39:53.000Z","volume":500,"label":" ","price":8.86},{"type":"B","date":"2018-03-27T01:40:27.000Z","volume":3500,"label":" ","price":8.86},{"type":"A","date":"2018-03-27T01:40:27.000Z","volume":2000,"label":" ","price":8.86},{"type":"B","date":"2018-03-27T01:40:27.000Z","volume":6500,"label":" ","price":8.86},{"type":"A","date":"2018-03-27T01:40:27.000Z","volume":7500,"label":" ","price":8.86},{"type":"U","date":"2018-03-27T01:40:27.000Z","volume":5500,"label":" ","price":8.86},{"type":"A","date":"2018-03-27T01:40:58.000Z","volume":1000,"label":" ","price":8.88},{"type":"A","date":"2018-03-27T01:41:02.000Z","volume":10000,"label":" ","price":8.88},{"type":"B","date":"2018-03-27T01:41:33.000Z","volume":1500,"label":" ","price":8.86},{"type":"B","date":"2018-03-27T01:41:33.000Z","volume":500,"label":" ","price":8.86},{"type":"B","date":"2018-03-27T01:41:39.000Z","volume":5000,"label":" ","price":8.85},{"type":"A","date":"2018-03-27T01:41:39.000Z","volume":4500,"label":" ","price":8.85},{"type":"A","date":"2018-03-27T01:41:39.000Z","volume":3000,"label":" ","price":8.85},{"type":"A","date":"2018-03-27T01:41:40.000Z","volume":14000,"label":" ","price":8.85},{"type":"A","date":"2018-03-27T01:41:40.000Z","volume":500,"label":" ","price":8.85},{"type":"U","date":"2018-03-27T01:41:40.000Z","volume":5500,"label":" ","price":8.85},{"type":"B","date":"2018-03-27T01:41:45.000Z","volume":500,"label":"Y","price":8.84},{"type":"B","date":"2018-03-27T01:42:11.000Z","volume":3000,"label":" ","price":8.85},{"type":"B","date":"2018-03-27T01:42:11.000Z","volume":2000,"label":" ","price":8.85},{"type":"A","date":"2018-03-27T01:42:28.000Z","volume":2000,"label":" ","price":8.86},{"type":"B","date":"2018-03-27T01:42:28.000Z","volume":3000,"label":" ","price":8.85},{"type":"B","date":"2018-03-27T01:42:29.000Z","volume":3000,"label":" ","price":8.85},{"type":"B","date":"2018-03-27T01:42:34.000Z","volume":2000,"label":" ","price":8.85},{"type":"B","date":"2018-03-27T01:42:53.000Z","volume":7000,"label":" ","price":8.85},{"type":"B","date":"2018-03-27T01:42:53.000Z","volume":3500,"label":" ","price":8.85},{"type":"B","date":"2018-03-27T01:42:53.000Z","volume":4000,"label":" ","price":8.85},{"type":"A","date":"2018-03-27T01:43:02.000Z","volume":5500,"label":"Y","price":8.85},{"type":"A","date":"2018-03-27T01:43:03.000Z","volume":500,"label":"Y","price":8.85},{"type":"A","date":"2018-03-27T01:43:03.000Z","volume":17500,"label":" ","price":8.85},{"type":"A","date":"2018-03-27T01:43:05.000Z","volume":14500,"label":" ","price":8.85},{"type":"A","date":"2018-03-27T01:43:05.000Z","volume":500,"label":" ","price":8.85},{"type":"B","date":"2018-03-27T01:43:05.000Z","volume":1000,"label":" ","price":8.84},{"type":"A","date":"2018-03-27T01:43:43.000Z","volume":19500,"label":" ","price":8.85},{"type":"A","date":"2018-03-27T01:43:45.000Z","volume":26500,"label":" ","price":8.85},{"type":"A","date":"2018-03-27T01:43:45.000Z","volume":500,"label":" ","price":8.85},{"type":"U","date":"2018-03-27T01:43:46.000Z","volume":4500,"label":" ","price":8.85},{"type":"A","date":"2018-03-27T01:43:47.000Z","volume":5000,"label":" ","price":8.85},{"type":"A","date":"2018-03-27T01:43:47.000Z","volume":500,"label":" ","price":8.85},{"type":"A","date":"2018-03-27T01:43:47.000Z","volume":13500,"label":" ","price":8.85},{"type":"U","date":"2018-03-27T01:43:47.000Z","volume":1000,"label":" ","price":8.85},{"type":"A","date":"2018-03-27T01:43:48.000Z","volume":4000,"label":" ","price":8.85},{"type":"A","date":"2018-03-27T01:43:48.000Z","volume":9000,"label":" ","price":8.85},{"type":"A","date":"2018-03-27T01:43:49.000Z","volume":500,"label":" ","price":8.85},{"type":"A","date":"2018-03-27T01:43:50.000Z","volume":2000,"label":" ","price":8.85},{"type":"A","date":"2018-03-27T01:43:50.000Z","volume":500,"label":" ","price":8.85},{"type":"U","date":"2018-03-27T01:44:09.000Z","volume":6000,"label":"X","price":8.845},{"type":"B","date":"2018-03-27T01:45:35.000Z","volume":3500,"label":" ","price":8.85},{"type":"B","date":"2018-03-27T01:45:35.000Z","volume":3500,"label":" ","price":8.85},{"type":"A","date":"2018-03-27T01:45:37.000Z","volume":500,"label":" ","price":8.86},{"type":"U","date":"2018-03-27T01:45:37.000Z","volume":3000,"label":"X","price":8.85},{"type":"B","date":"2018-03-27T01:45:37.000Z","volume":500,"label":" ","price":8.85},{"type":"B","date":"2018-03-27T01:45:40.000Z","volume":1000,"label":" ","price":8.85},{"type":"B","date":"2018-03-27T01:45:40.000Z","volume":3500,"label":" ","price":8.85},{"type":"A","date":"2018-03-27T01:45:40.000Z","volume":1500,"label":" ","price":8.86},{"type":"B","date":"2018-03-27T01:45:41.000Z","volume":1000,"label":" ","price":8.85},{"type":"A","date":"2018-03-27T01:45:56.000Z","volume":1500,"label":" ","price":8.86},{"type":"A","date":"2018-03-27T01:46:43.000Z","volume":10000,"label":" ","price":8.86},{"type":"B","date":"2018-03-27T01:46:45.000Z","volume":2000,"label":" ","price":8.85},{"type":"U","date":"2018-03-27T01:46:45.000Z","volume":1500,"label":"X","price":8.85},{"type":"A","date":"2018-03-27T01:46:45.000Z","volume":500,"label":" ","price":8.85},{"type":"A","date":"2018-03-27T01:46:47.000Z","volume":500,"label":" ","price":8.85},{"type":"A","date":"2018-03-27T01:46:47.000Z","volume":500,"label":" ","price":8.85},{"type":"A","date":"2018-03-27T01:46:47.000Z","volume":2000,"label":" ","price":8.86},{"type":"A","date":"2018-03-27T01:46:47.000Z","volume":500,"label":" ","price":8.86},{"type":"A","date":"2018-03-27T01:46:47.000Z","volume":500,"label":" ","price":8.86},{"type":"A","date":"2018-03-27T01:46:47.000Z","volume":2500,"label":" ","price":8.85},{"type":"A","date":"2018-03-27T01:46:48.000Z","volume":1500,"label":" ","price":8.85},{"type":"A","date":"2018-03-27T01:46:48.000Z","volume":1000,"label":" ","price":8.85},{"type":"B","date":"2018-03-27T01:46:48.000Z","volume":1000,"label":"Y","price":8.84},{"type":"A","date":"2018-03-27T01:46:49.000Z","volume":500,"label":" ","price":8.86},{"type":"U","date":"2018-03-27T01:46:55.000Z","volume":500,"label":" ","price":8.85},{"type":"U","date":"2018-03-27T01:46:55.000Z","volume":500,"label":" ","price":8.85},{"type":"A","date":"2018-03-27T01:46:58.000Z","volume":500,"label":" ","price":8.85},{"type":"A","date":"2018-03-27T01:47:13.000Z","volume":7000,"label":" ","price":8.85},{"type":"B","date":"2018-03-27T01:47:13.000Z","volume":1500,"label":" ","price":8.84},{"type":"B","date":"2018-03-27T01:47:13.000Z","volume":3500,"label":" ","price":8.84},{"type":"B","date":"2018-03-27T01:47:14.000Z","volume":500,"label":" ","price":8.84},{"type":"B","date":"2018-03-27T01:47:15.000Z","volume":3000,"label":" ","price":8.84},{"type":"U","date":"2018-03-27T01:47:15.000Z","volume":6500,"label":"X","price":8.84},{"type":"B","date":"2018-03-27T01:47:15.000Z","volume":2000,"label":" ","price":8.84},{"type":"B","date":"2018-03-27T01:47:16.000Z","volume":500,"label":" ","price":8.84},{"type":"B","date":"2018-03-27T01:47:16.000Z","volume":3000,"label":" ","price":8.84},{"type":"A","date":"2018-03-27T01:47:18.000Z","volume":3500,"label":" ","price":8.85},{"type":"A","date":"2018-03-27T01:47:18.000Z","volume":1000,"label":" ","price":8.85},{"type":"A","date":"2018-03-27T01:48:35.000Z","volume":5000,"label":" ","price":8.85},{"type":"A","date":"2018-03-27T01:48:35.000Z","volume":1500,"label":" ","price":8.85},{"type":"U","date":"2018-03-27T01:48:35.000Z","volume":2000,"label":" ","price":8.84},{"type":"U","date":"2018-03-27T01:48:35.000Z","volume":1500,"label":" ","price":8.84},{"type":"B","date":"2018-03-27T01:48:36.000Z","volume":500,"label":" ","price":8.84},{"type":"A","date":"2018-03-27T01:48:38.000Z","volume":1000,"label":" ","price":8.85},{"type":"A","date":"2018-03-27T01:49:08.000Z","volume":10000,"label":" ","price":8.85},{"type":"A","date":"2018-03-27T01:49:11.000Z","volume":3000,"label":" ","price":8.85},{"type":"A","date":"2018-03-27T01:51:02.000Z","volume":2000,"label":" ","price":8.85},{"type":"A","date":"2018-03-27T01:51:04.000Z","volume":500,"label":" ","price":8.85},{"type":"B","date":"2018-03-27T01:51:04.000Z","volume":500,"label":" ","price":8.84},{"type":"B","date":"2018-03-27T01:51:05.000Z","volume":2000,"label":" ","price":8.84},{"type":"A","date":"2018-03-27T01:51:05.000Z","volume":500,"label":" ","price":8.85},{"type":"A","date":"2018-03-27T01:52:00.000Z","volume":10000,"label":" ","price":8.85},{"type":"B","date":"2018-03-27T01:52:01.000Z","volume":3000,"label":" ","price":8.83},{"type":"B","date":"2018-03-27T01:52:02.000Z","volume":4000,"label":" ","price":8.83},{"type":"B","date":"2018-03-27T01:52:02.000Z","volume":2000,"label":" ","price":8.83},{"type":"B","date":"2018-03-27T01:52:02.000Z","volume":3500,"label":" ","price":8.83},{"type":"B","date":"2018-03-27T01:52:02.000Z","volume":13500,"label":" ","price":8.83},{"type":"U","date":"2018-03-27T01:52:02.000Z","volume":4500,"label":" ","price":8.84},{"type":"U","date":"2018-03-27T01:52:03.000Z","volume":3000,"label":"X","price":8.82},{"type":"B","date":"2018-03-27T01:52:03.000Z","volume":1500,"label":" ","price":8.82},{"type":"A","date":"2018-03-27T01:52:03.000Z","volume":8500,"label":" ","price":8.84},{"type":"B","date":"2018-03-27T01:52:18.000Z","volume":2000,"label":" ","price":8.82},{"type":"A","date":"2018-03-27T01:52:20.000Z","volume":1000,"label":" ","price":8.83},{"type":"B","date":"2018-03-27T01:52:20.000Z","volume":34500,"label":" ","price":8.82},{"type":"A","date":"2018-03-27T01:52:20.000Z","volume":9500,"label":" ","price":8.83},{"type":"B","date":"2018-03-27T01:52:20.000Z","volume":3500,"label":" ","price":8.82},{"type":"B","date":"2018-03-27T01:52:20.000Z","volume":3500,"label":" ","price":8.82},{"type":"A","date":"2018-03-27T01:52:20.000Z","volume":15000,"label":"Y","price":8.83},{"type":"A","date":"2018-03-27T01:52:20.000Z","volume":2000,"label":" ","price":8.83},{"type":"B","date":"2018-03-27T01:52:21.000Z","volume":3000,"label":" ","price":8.82},{"type":"B","date":"2018-03-27T01:52:21.000Z","volume":2500,"label":" ","price":8.82},{"type":"B","date":"2018-03-27T01:52:22.000Z","volume":3500,"label":" ","price":8.82},{"type":"B","date":"2018-03-27T01:52:22.000Z","volume":3500,"label":" ","price":8.82},{"type":"A","date":"2018-03-27T01:52:25.000Z","volume":2000,"label":" ","price":8.83},{"type":"U","date":"2018-03-27T01:52:25.000Z","volume":3000,"label":"X","price":8.825},{"type":"U","date":"2018-03-27T01:52:25.000Z","volume":1500,"label":"X","price":8.83},{"type":"U","date":"2018-03-27T01:52:25.000Z","volume":2500,"label":"X","price":8.83},{"type":"A","date":"2018-03-27T01:52:31.000Z","volume":7000,"label":" ","price":8.83},{"type":"A","date":"2018-03-27T01:52:31.000Z","volume":500,"label":" ","price":8.83},{"type":"A","date":"2018-03-27T01:52:31.000Z","volume":2500,"label":" ","price":8.83},{"type":"A","date":"2018-03-27T01:52:31.000Z","volume":500,"label":" ","price":8.83},{"type":"A","date":"2018-03-27T01:52:31.000Z","volume":500,"label":" ","price":8.83},{"type":"A","date":"2018-03-27T01:52:31.000Z","volume":8500,"label":" ","price":8.83},{"type":"A","date":"2018-03-27T01:52:34.000Z","volume":2000,"label":" ","price":8.83},{"type":"B","date":"2018-03-27T01:52:34.000Z","volume":3500,"label":" ","price":8.82},{"type":"B","date":"2018-03-27T01:52:35.000Z","volume":6000,"label":" ","price":8.82},{"type":"B","date":"2018-03-27T01:52:38.000Z","volume":3500,"label":" ","price":8.82},{"type":"B","date":"2018-03-27T01:52:38.000Z","volume":3500,"label":" ","price":8.82},{"type":"B","date":"2018-03-27T01:52:39.000Z","volume":3000,"label":" ","price":8.82},{"type":"B","date":"2018-03-27T01:52:39.000Z","volume":3500,"label":" ","price":8.82},{"type":"A","date":"2018-03-27T01:52:40.000Z","volume":4500,"label":" ","price":8.83},{"type":"A","date":"2018-03-27T01:52:40.000Z","volume":500,"label":" ","price":8.83},{"type":"B","date":"2018-03-27T01:52:42.000Z","volume":3000,"label":" ","price":8.82},{"type":"B","date":"2018-03-27T01:52:42.000Z","volume":3000,"label":" ","price":8.82},{"type":"B","date":"2018-03-27T01:52:42.000Z","volume":29500,"label":" ","price":8.82},{"type":"B","date":"2018-03-27T01:52:43.000Z","volume":6500,"label":" ","price":8.81},{"type":"U","date":"2018-03-27T01:52:43.000Z","volume":3000,"label":"X","price":8.81},{"type":"B","date":"2018-03-27T01:52:43.000Z","volume":2500,"label":" ","price":8.81},{"type":"A","date":"2018-03-27T01:52:45.000Z","volume":8000,"label":" ","price":8.82},{"type":"B","date":"2018-03-27T01:52:51.000Z","volume":1500,"label":" ","price":8.8},{"type":"A","date":"2018-03-27T01:53:28.000Z","volume":500,"label":" ","price":8.82},{"type":"B","date":"2018-03-27T01:53:28.000Z","volume":3500,"label":" ","price":8.8},{"type":"B","date":"2018-03-27T01:53:28.000Z","volume":3500,"label":" ","price":8.81},{"type":"B","date":"2018-03-27T01:53:28.000Z","volume":3000,"label":" ","price":8.81},{"type":"U","date":"2018-03-27T01:53:29.000Z","volume":7500,"label":"X","price":8.81},{"type":"A","date":"2018-03-27T01:53:29.000Z","volume":2500,"label":" ","price":8.82},{"type":"B","date":"2018-03-27T01:53:29.000Z","volume":3500,"label":" ","price":8.81},{"type":"B","date":"2018-03-27T01:53:29.000Z","volume":3000,"label":" ","price":8.81},{"type":"B","date":"2018-03-27T01:53:30.000Z","volume":3500,"label":" ","price":8.81},{"type":"B","date":"2018-03-27T01:53:30.000Z","volume":3500,"label":" ","price":8.81},{"type":"A","date":"2018-03-27T01:53:31.000Z","volume":2000,"label":" ","price":8.82},{"type":"A","date":"2018-03-27T01:54:00.000Z","volume":2000,"label":" ","price":8.82},{"type":"U","date":"2018-03-27T01:54:00.000Z","volume":3500,"label":" ","price":8.81},{"type":"B","date":"2018-03-27T01:54:00.000Z","volume":2000,"label":" ","price":8.81},{"type":"B","date":"2018-03-27T01:54:00.000Z","volume":2000,"label":" ","price":8.81},{"type":"A","date":"2018-03-27T01:54:01.000Z","volume":2000,"label":" ","price":8.82},{"type":"B","date":"2018-03-27T01:54:03.000Z","volume":3500,"label":" ","price":8.8},{"type":"B","date":"2018-03-27T01:54:03.000Z","volume":3500,"label":" ","price":8.81},{"type":"B","date":"2018-03-27T01:54:03.000Z","volume":3500,"label":" ","price":8.81},{"type":"B","date":"2018-03-27T01:54:04.000Z","volume":3500,"label":" ","price":8.81},{"type":"A","date":"2018-03-27T01:54:05.000Z","volume":2500,"label":" ","price":8.82},{"type":"A","date":"2018-03-27T01:54:05.000Z","volume":500,"label":" ","price":8.82},{"type":"B","date":"2018-03-27T01:54:05.000Z","volume":500,"label":" ","price":8.81},{"type":"A","date":"2018-03-27T01:54:07.000Z","volume":1000,"label":" ","price":8.82},{"type":"B","date":"2018-03-27T01:54:16.000Z","volume":500,"label":" ","price":8.81},{"type":"B","date":"2018-03-27T01:54:16.000Z","volume":4000,"label":" ","price":8.8},{"type":"A","date":"2018-03-27T01:54:17.000Z","volume":1500,"label":" ","price":8.82},{"type":"A","date":"2018-03-27T01:55:48.000Z","volume":2500,"label":" ","price":8.81},{"type":"B","date":"2018-03-27T01:55:48.000Z","volume":3500,"label":" ","price":8.8},{"type":"A","date":"2018-03-27T01:55:50.000Z","volume":1500,"label":" ","price":8.81},{"type":"B","date":"2018-03-27T01:55:53.000Z","volume":1500,"label":" ","price":8.8},{"type":"A","date":"2018-03-27T01:55:53.000Z","volume":8000,"label":"Y","price":8.81},{"type":"A","date":"2018-03-27T01:55:53.000Z","volume":28000,"label":" ","price":8.81},{"type":"A","date":"2018-03-27T01:55:56.000Z","volume":10500,"label":" ","price":8.81},{"type":"B","date":"2018-03-27T01:55:57.000Z","volume":3500,"label":" ","price":8.8},{"type":"A","date":"2018-03-27T01:55:58.000Z","volume":1000,"label":" ","price":8.81},{"type":"A","date":"2018-03-27T01:56:06.000Z","volume":3000,"label":" ","price":8.81},{"type":"A","date":"2018-03-27T01:56:08.000Z","volume":1000,"label":" ","price":8.81},{"type":"U","date":"2018-03-27T01:56:08.000Z","volume":4000,"label":"X","price":8.805},{"type":"U","date":"2018-03-27T01:56:08.000Z","volume":14000,"label":"X","price":8.81},{"type":"U","date":"2018-03-27T01:56:08.000Z","volume":8500,"label":"X","price":8.81},{"type":"A","date":"2018-03-27T01:56:10.000Z","volume":5000,"label":" ","price":8.81},{"type":"U","date":"2018-03-27T01:56:12.000Z","volume":5000,"label":"X","price":8.81},{"type":"U","date":"2018-03-27T01:56:12.000Z","volume":8000,"label":"X","price":8.81},{"type":"A","date":"2018-03-27T01:56:12.000Z","volume":6000,"label":" ","price":8.81},{"type":"U","date":"2018-03-27T01:56:12.000Z","volume":500,"label":"X","price":8.81},{"type":"A","date":"2018-03-27T01:56:45.000Z","volume":10000,"label":" ","price":8.81},{"type":"A","date":"2018-03-27T01:56:49.000Z","volume":6000,"label":" ","price":8.81},{"type":"A","date":"2018-03-27T01:56:55.000Z","volume":10000,"label":" ","price":8.81},{"type":"A","date":"2018-03-27T01:57:37.000Z","volume":5000,"label":" ","price":8.81},{"type":"A","date":"2018-03-27T01:57:39.000Z","volume":500,"label":" ","price":8.81},{"type":"B","date":"2018-03-27T01:57:39.000Z","volume":3500,"label":" ","price":8.8},{"type":"A","date":"2018-03-27T01:57:40.000Z","volume":5500,"label":" ","price":8.81},{"type":"B","date":"2018-03-27T01:57:41.000Z","volume":4500,"label":" ","price":8.8},{"type":"A","date":"2018-03-27T01:57:57.000Z","volume":1000,"label":" ","price":8.81},{"type":"A","date":"2018-03-27T01:58:13.000Z","volume":2500,"label":" ","price":8.81},{"type":"B","date":"2018-03-27T01:59:03.000Z","volume":3500,"label":" ","price":8.8},{"type":"B","date":"2018-03-27T01:59:03.000Z","volume":3000,"label":" ","price":8.8},{"type":"A","date":"2018-03-27T01:59:04.000Z","volume":2500,"label":" ","price":8.81},{"type":"A","date":"2018-03-27T01:59:12.000Z","volume":8000,"label":" ","price":8.81},{"type":"U","date":"2018-03-27T01:59:13.000Z","volume":4000,"label":"X","price":8.8},{"type":"A","date":"2018-03-27T01:59:18.000Z","volume":2500,"label":" ","price":8.81},{"type":"B","date":"2018-03-27T02:00:39.000Z","volume":3000,"label":" ","price":8.8},{"type":"A","date":"2018-03-27T02:00:49.000Z","volume":4000,"label":" ","price":8.81},{"type":"A","date":"2018-03-27T02:01:01.000Z","volume":2000,"label":" ","price":8.81},{"type":"B","date":"2018-03-27T02:01:05.000Z","volume":20000,"label":" ","price":8.8},{"type":"A","date":"2018-03-27T02:01:06.000Z","volume":16000,"label":"Y","price":8.81},{"type":"A","date":"2018-03-27T02:01:06.000Z","volume":24500,"label":" ","price":8.81},{"type":"A","date":"2018-03-27T02:01:08.000Z","volume":12000,"label":" ","price":8.81},{"type":"A","date":"2018-03-27T02:01:08.000Z","volume":5000,"label":" ","price":8.81},{"type":"B","date":"2018-03-27T02:01:58.000Z","volume":3500,"label":" ","price":8.8},{"type":"A","date":"2018-03-27T02:02:02.000Z","volume":2000,"label":" ","price":8.81},{"type":"A","date":"2018-03-27T02:02:08.000Z","volume":1500,"label":" ","price":8.81},{"type":"A","date":"2018-03-27T02:02:33.000Z","volume":1000,"label":" ","price":8.81},{"type":"A","date":"2018-03-27T02:03:12.000Z","volume":3000,"label":" ","price":8.81},{"type":"A","date":"2018-03-27T02:03:13.000Z","volume":1000,"label":" ","price":8.81},{"type":"B","date":"2018-03-27T02:03:29.000Z","volume":1500,"label":" ","price":8.8},{"type":"U","date":"2018-03-27T02:03:29.000Z","volume":3500,"label":"X","price":8.805},{"type":"U","date":"2018-03-27T02:03:29.000Z","volume":4000,"label":"X","price":8.81},{"type":"U","date":"2018-03-27T02:03:29.000Z","volume":9000,"label":"X","price":8.81},{"type":"A","date":"2018-03-27T02:03:29.000Z","volume":5500,"label":" ","price":8.81},{"type":"U","date":"2018-03-27T02:03:29.000Z","volume":1000,"label":"X","price":8.81},{"type":"U","date":"2018-03-27T02:03:29.000Z","volume":500,"label":"X","price":8.81},{"type":"A","date":"2018-03-27T02:03:48.000Z","volume":2000,"label":" ","price":8.81},{"type":"A","date":"2018-03-27T02:03:58.000Z","volume":1000,"label":" ","price":8.81},{"type":"B","date":"2018-03-27T02:04:15.000Z","volume":3500,"label":" ","price":8.8},{"type":"B","date":"2018-03-27T02:04:36.000Z","volume":3500,"label":" ","price":8.8},{"type":"B","date":"2018-03-27T02:05:05.000Z","volume":500,"label":" ","price":8.8},{"type":"B","date":"2018-03-27T02:05:15.000Z","volume":40000,"label":" ","price":8.8},{"type":"A","date":"2018-03-27T02:05:15.000Z","volume":16500,"label":" ","price":8.81},{"type":"B","date":"2018-03-27T02:05:15.000Z","volume":500,"label":" ","price":8.8},{"type":"A","date":"2018-03-27T02:05:16.000Z","volume":18000,"label":" ","price":8.81},{"type":"B","date":"2018-03-27T02:05:16.000Z","volume":3500,"label":" ","price":8.8},{"type":"B","date":"2018-03-27T02:05:16.000Z","volume":3000,"label":" ","price":8.8},{"type":"B","date":"2018-03-27T02:05:17.000Z","volume":7500,"label":" ","price":8.8},{"type":"B","date":"2018-03-27T02:05:18.000Z","volume":5500,"label":" ","price":8.8},{"type":"B","date":"2018-03-27T02:05:18.000Z","volume":3500,"label":" ","price":8.8},{"type":"B","date":"2018-03-27T02:05:18.000Z","volume":500,"label":" ","price":8.8},{"type":"A","date":"2018-03-27T02:05:21.000Z","volume":7000,"label":" ","price":8.81},{"type":"U","date":"2018-03-27T02:05:21.000Z","volume":1500,"label":"X","price":8.805},{"type":"B","date":"2018-03-27T02:05:25.000Z","volume":1500,"label":" ","price":8.8},{"type":"B","date":"2018-03-27T02:05:32.000Z","volume":10000,"label":" ","price":8.8},{"type":"B","date":"2018-03-27T02:05:32.000Z","volume":3500,"label":" ","price":8.8},{"type":"B","date":"2018-03-27T02:05:33.000Z","volume":6500,"label":" ","price":8.8},{"type":"B","date":"2018-03-27T02:05:37.000Z","volume":1000,"label":" ","price":8.8},{"type":"A","date":"2018-03-27T02:05:55.000Z","volume":5000,"label":" ","price":8.81},{"type":"B","date":"2018-03-27T02:05:57.000Z","volume":500,"label":" ","price":8.8},{"type":"B","date":"2018-03-27T02:06:08.000Z","volume":1500,"label":"Y","price":8.8},{"type":"A","date":"2018-03-27T02:06:17.000Z","volume":4500,"label":" ","price":8.81},{"type":"A","date":"2018-03-27T02:06:19.000Z","volume":5000,"label":" ","price":8.81},{"type":"A","date":"2018-03-27T02:06:27.000Z","volume":1500,"label":" ","price":8.81},{"type":"B","date":"2018-03-27T02:06:27.000Z","volume":3500,"label":" ","price":8.8},{"type":"B","date":"2018-03-27T02:06:27.000Z","volume":3500,"label":" ","price":8.8},{"type":"B","date":"2018-03-27T02:06:37.000Z","volume":20000,"label":" ","price":8.8},{"type":"B","date":"2018-03-27T02:06:39.000Z","volume":4000,"label":" ","price":8.8},{"type":"B","date":"2018-03-27T02:06:39.000Z","volume":9500,"label":" ","price":8.8},{"type":"B","date":"2018-03-27T02:06:39.000Z","volume":3000,"label":" ","price":8.8},{"type":"B","date":"2018-03-27T02:06:39.000Z","volume":10000,"label":" ","price":8.8},{"type":"B","date":"2018-03-27T02:06:40.000Z","volume":3500,"label":" ","price":8.8},{"type":"B","date":"2018-03-27T02:06:40.000Z","volume":4500,"label":" ","price":8.8},{"type":"A","date":"2018-03-27T02:06:46.000Z","volume":500,"label":" ","price":8.81},{"type":"B","date":"2018-03-27T02:07:09.000Z","volume":3000,"label":" ","price":8.8},{"type":"B","date":"2018-03-27T02:07:09.000Z","volume":3500,"label":" ","price":8.8},{"type":"B","date":"2018-03-27T02:07:34.000Z","volume":20000,"label":" ","price":8.8},{"type":"B","date":"2018-03-27T02:08:03.000Z","volume":20000,"label":" ","price":8.8},{"type":"B","date":"2018-03-27T02:08:03.000Z","volume":3500,"label":" ","price":8.8},{"type":"B","date":"2018-03-27T02:08:03.000Z","volume":3500,"label":" ","price":8.8},{"type":"B","date":"2018-03-27T02:08:03.000Z","volume":5000,"label":" ","price":8.8},{"type":"B","date":"2018-03-27T02:08:03.000Z","volume":3000,"label":" ","price":8.8},{"type":"B","date":"2018-03-27T02:08:03.000Z","volume":3500,"label":" ","price":8.8},{"type":"B","date":"2018-03-27T02:08:03.000Z","volume":3500,"label":" ","price":8.8},{"type":"B","date":"2018-03-27T02:08:03.000Z","volume":3000,"label":" ","price":8.8},{"type":"A","date":"2018-03-27T02:08:04.000Z","volume":7500,"label":" ","price":8.81},{"type":"A","date":"2018-03-27T02:08:04.000Z","volume":500,"label":" ","price":8.81},{"type":"B","date":"2018-03-27T02:08:04.000Z","volume":3500,"label":" ","price":8.8},{"type":"B","date":"2018-03-27T02:08:04.000Z","volume":6000,"label":" ","price":8.8},{"type":"B","date":"2018-03-27T02:08:04.000Z","volume":3500,"label":" ","price":8.8},{"type":"B","date":"2018-03-27T02:08:04.000Z","volume":2500,"label":" ","price":8.8},{"type":"A","date":"2018-03-27T02:08:04.000Z","volume":500,"label":" ","price":8.8},{"type":"A","date":"2018-03-27T02:08:05.000Z","volume":51000,"label":" ","price":8.8},{"type":"A","date":"2018-03-27T02:08:05.000Z","volume":23500,"label":" ","price":8.8},{"type":"A","date":"2018-03-27T02:08:06.000Z","volume":10000,"label":" ","price":8.8},{"type":"A","date":"2018-03-27T02:08:06.000Z","volume":15000,"label":" ","price":8.8},{"type":"B","date":"2018-03-27T02:08:39.000Z","volume":7500,"label":" ","price":8.79},{"type":"B","date":"2018-03-27T02:08:39.000Z","volume":3000,"label":" ","price":8.78},{"type":"A","date":"2018-03-27T02:08:39.000Z","volume":6000,"label":" ","price":8.79},{"type":"B","date":"2018-03-27T02:09:12.000Z","volume":3500,"label":" ","price":8.78},{"type":"B","date":"2018-03-27T02:10:05.000Z","volume":9000,"label":" ","price":8.78},{"type":"B","date":"2018-03-27T02:10:06.000Z","volume":3500,"label":" ","price":8.78},{"type":"B","date":"2018-03-27T02:10:06.000Z","volume":3000,"label":" ","price":8.78},{"type":"B","date":"2018-03-27T02:10:07.000Z","volume":3500,"label":" ","price":8.78},{"type":"A","date":"2018-03-27T02:10:09.000Z","volume":10000,"label":" ","price":8.79},{"type":"A","date":"2018-03-27T02:10:09.000Z","volume":4000,"label":" ","price":8.79},{"type":"A","date":"2018-03-27T02:10:11.000Z","volume":500,"label":" ","price":8.79},{"type":"B","date":"2018-03-27T02:10:11.000Z","volume":3500,"label":" ","price":8.78},{"type":"B","date":"2018-03-27T02:10:14.000Z","volume":3500,"label":" ","price":8.78},{"type":"B","date":"2018-03-27T02:10:14.000Z","volume":3500,"label":" ","price":8.78},{"type":"B","date":"2018-03-27T02:10:15.000Z","volume":3500,"label":" ","price":8.78},{"type":"B","date":"2018-03-27T02:10:15.000Z","volume":3500,"label":" ","price":8.78},{"type":"B","date":"2018-03-27T02:11:19.000Z","volume":500,"label":" ","price":8.78},{"type":"B","date":"2018-03-27T02:11:19.000Z","volume":3500,"label":" ","price":8.78},{"type":"B","date":"2018-03-27T02:11:20.000Z","volume":500,"label":" ","price":8.78},{"type":"A","date":"2018-03-27T02:12:00.000Z","volume":30000,"label":" ","price":8.79},{"type":"A","date":"2018-03-27T02:12:00.000Z","volume":500,"label":" ","price":8.79},{"type":"A","date":"2018-03-27T02:12:02.000Z","volume":4500,"label":" ","price":8.79},{"type":"B","date":"2018-03-27T02:12:05.000Z","volume":3000,"label":" ","price":8.78},{"type":"B","date":"2018-03-27T02:12:06.000Z","volume":3500,"label":" ","price":8.78},{"type":"U","date":"2018-03-27T02:12:10.000Z","volume":6000,"label":"X","price":8.785},{"type":"B","date":"2018-03-27T02:13:09.000Z","volume":3500,"label":" ","price":8.78},{"type":"A","date":"2018-03-27T02:14:09.000Z","volume":500,"label":" ","price":8.79},{"type":"B","date":"2018-03-27T02:14:11.000Z","volume":1500,"label":" ","price":8.78},{"type":"B","date":"2018-03-27T02:14:11.000Z","volume":3500,"label":" ","price":8.78},{"type":"A","date":"2018-03-27T02:14:13.000Z","volume":500,"label":" ","price":8.79},{"type":"A","date":"2018-03-27T02:14:15.000Z","volume":500,"label":" ","price":8.79},{"type":"A","date":"2018-03-27T02:15:03.000Z","volume":48000,"label":" ","price":8.79},{"type":"B","date":"2018-03-27T02:15:03.000Z","volume":3500,"label":" ","price":8.79},{"type":"A","date":"2018-03-27T02:15:04.000Z","volume":500,"label":" ","price":8.8},{"type":"A","date":"2018-03-27T02:15:06.000Z","volume":500,"label":"Y","price":8.8},{"type":"A","date":"2018-03-27T02:15:06.000Z","volume":7500,"label":" ","price":8.8},{"type":"A","date":"2018-03-27T02:15:06.000Z","volume":9500,"label":" ","price":8.8},{"type":"U","date":"2018-03-27T02:15:07.000Z","volume":4500,"label":" ","price":8.8},{"type":"U","date":"2018-03-27T02:15:08.000Z","volume":3000,"label":"X","price":8.8},{"type":"A","date":"2018-03-27T02:15:08.000Z","volume":2500,"label":" ","price":8.8},{"type":"A","date":"2018-03-27T02:15:08.000Z","volume":11000,"label":" ","price":8.8},{"type":"A","date":"2018-03-27T02:15:09.000Z","volume":6500,"label":" ","price":8.8},{"type":"A","date":"2018-03-27T02:15:10.000Z","volume":2000,"label":" ","price":8.8},{"type":"B","date":"2018-03-27T02:15:10.000Z","volume":500,"label":" ","price":8.8},{"type":"U","date":"2018-03-27T02:15:11.000Z","volume":118500,"label":"X","price":8.795},{"type":"U","date":"2018-03-27T02:15:11.000Z","volume":151500,"label":"X","price":8.8},{"type":"U","date":"2018-03-27T02:15:11.000Z","volume":27000,"label":"X","price":8.8},{"type":"U","date":"2018-03-27T02:15:11.000Z","volume":60000,"label":"X","price":8.795},{"type":"A","date":"2018-03-27T02:15:12.000Z","volume":2500,"label":" ","price":8.8},{"type":"B","date":"2018-03-27T02:16:15.000Z","volume":1000,"label":" ","price":8.79},{"type":"B","date":"2018-03-27T02:16:43.000Z","volume":3500,"label":" ","price":8.79},{"type":"A","date":"2018-03-27T02:17:30.000Z","volume":6000,"label":" ","price":8.8},{"type":"A","date":"2018-03-27T02:17:30.000Z","volume":1500,"label":" ","price":8.8},{"type":"B","date":"2018-03-27T02:17:30.000Z","volume":3500,"label":" ","price":8.79},{"type":"A","date":"2018-03-27T02:17:30.000Z","volume":1000,"label":" ","price":8.8},{"type":"U","date":"2018-03-27T02:17:30.000Z","volume":4500,"label":"X","price":8.795},{"type":"A","date":"2018-03-27T02:17:36.000Z","volume":28500,"label":" ","price":8.8},{"type":"B","date":"2018-03-27T02:17:36.000Z","volume":500,"label":" ","price":8.8},{"type":"A","date":"2018-03-27T02:17:36.000Z","volume":500,"label":" ","price":8.81},{"type":"A","date":"2018-03-27T02:17:37.000Z","volume":1000,"label":" ","price":8.81},{"type":"A","date":"2018-03-27T02:17:39.000Z","volume":3000,"label":" ","price":8.81},{"type":"B","date":"2018-03-27T02:18:55.000Z","volume":3500,"label":" ","price":8.8},{"type":"A","date":"2018-03-27T02:19:50.000Z","volume":5000,"label":" ","price":8.81},{"type":"B","date":"2018-03-27T02:20:03.000Z","volume":3500,"label":" ","price":8.8},{"type":"A","date":"2018-03-27T02:20:04.000Z","volume":1500,"label":" ","price":8.81},{"type":"A","date":"2018-03-27T02:20:04.000Z","volume":500,"label":" ","price":8.81},{"type":"B","date":"2018-03-27T02:20:04.000Z","volume":3000,"label":" ","price":8.8},{"type":"U","date":"2018-03-27T02:20:06.000Z","volume":7500,"label":"X","price":8.805},{"type":"B","date":"2018-03-27T02:20:27.000Z","volume":3500,"label":" ","price":8.8},{"type":"B","date":"2018-03-27T02:21:06.000Z","volume":1000,"label":"Y","price":8.8},{"type":"B","date":"2018-03-27T02:21:06.000Z","volume":75000,"label":" ","price":8.8},{"type":"B","date":"2018-03-27T02:21:06.000Z","volume":3500,"label":" ","price":8.79},{"type":"A","date":"2018-03-27T02:21:07.000Z","volume":1500,"label":"Y","price":8.8},{"type":"A","date":"2018-03-27T02:21:07.000Z","volume":7500,"label":" ","price":8.8},{"type":"B","date":"2018-03-27T02:21:07.000Z","volume":3500,"label":" ","price":8.79},{"type":"B","date":"2018-03-27T02:21:07.000Z","volume":3000,"label":" ","price":8.79},{"type":"B","date":"2018-03-27T02:21:07.000Z","volume":3500,"label":" ","price":8.79},{"type":"B","date":"2018-03-27T02:21:12.000Z","volume":7500,"label":" ","price":8.78},{"type":"B","date":"2018-03-27T02:22:27.000Z","volume":3500,"label":" ","price":8.78},{"type":"U","date":"2018-03-27T02:22:28.000Z","volume":2000,"label":" ","price":8.79},{"type":"B","date":"2018-03-27T02:22:28.000Z","volume":500,"label":" ","price":8.79},{"type":"B","date":"2018-03-27T02:22:30.000Z","volume":3500,"label":" ","price":8.78},{"type":"B","date":"2018-03-27T02:22:30.000Z","volume":3500,"label":" ","price":8.78},{"type":"B","date":"2018-03-27T02:22:30.000Z","volume":3500,"label":" ","price":8.78},{"type":"B","date":"2018-03-27T02:23:33.000Z","volume":500,"label":"Y","price":8.78},{"type":"B","date":"2018-03-27T02:23:33.000Z","volume":1500,"label":" ","price":8.78},{"type":"B","date":"2018-03-27T02:23:33.000Z","volume":3000,"label":" ","price":8.78},{"type":"B","date":"2018-03-27T02:23:34.000Z","volume":3500,"label":" ","price":8.78},{"type":"B","date":"2018-03-27T02:23:34.000Z","volume":3500,"label":" ","price":8.78},{"type":"B","date":"2018-03-27T02:23:34.000Z","volume":3500,"label":" ","price":8.78},{"type":"B","date":"2018-03-27T02:23:35.000Z","volume":3500,"label":" ","price":8.78},{"type":"B","date":"2018-03-27T02:23:35.000Z","volume":500,"label":" ","price":8.78},{"type":"B","date":"2018-03-27T02:24:04.000Z","volume":3000,"label":" ","price":8.78},{"type":"B","date":"2018-03-27T02:24:07.000Z","volume":500,"label":" ","price":8.78},{"type":"B","date":"2018-03-27T02:24:30.000Z","volume":3500,"label":" ","price":8.78},{"type":"B","date":"2018-03-27T02:24:30.000Z","volume":3500,"label":" ","price":8.78},{"type":"B","date":"2018-03-27T02:24:30.000Z","volume":3500,"label":" ","price":8.78},{"type":"B","date":"2018-03-27T02:24:30.000Z","volume":3500,"label":" ","price":8.78},{"type":"B","date":"2018-03-27T02:24:31.000Z","volume":2000,"label":" ","price":8.78},{"type":"B","date":"2018-03-27T02:24:42.000Z","volume":500,"label":" ","price":8.78},{"type":"B","date":"2018-03-27T02:25:50.000Z","volume":30000,"label":" ","price":8.77},{"type":"B","date":"2018-03-27T02:25:50.000Z","volume":3000,"label":" ","price":8.77},{"type":"B","date":"2018-03-27T02:25:51.000Z","volume":3500,"label":" ","price":8.77},{"type":"B","date":"2018-03-27T02:25:51.000Z","volume":3500,"label":" ","price":8.77},{"type":"B","date":"2018-03-27T02:25:52.000Z","volume":3500,"label":" ","price":8.77},{"type":"B","date":"2018-03-27T02:25:53.000Z","volume":3500,"label":" ","price":8.77},{"type":"B","date":"2018-03-27T02:25:57.000Z","volume":2500,"label":" ","price":8.77},{"type":"B","date":"2018-03-27T02:25:59.000Z","volume":1500,"label":" ","price":8.77},{"type":"B","date":"2018-03-27T02:25:59.000Z","volume":3500,"label":" ","price":8.77},{"type":"B","date":"2018-03-27T02:25:59.000Z","volume":3000,"label":" ","price":8.77},{"type":"B","date":"2018-03-27T02:25:59.000Z","volume":3500,"label":" ","price":8.77},{"type":"B","date":"2018-03-27T02:26:00.000Z","volume":3000,"label":" ","price":8.77},{"type":"B","date":"2018-03-27T02:26:00.000Z","volume":500,"label":" ","price":8.77},{"type":"B","date":"2018-03-27T02:26:07.000Z","volume":500,"label":" ","price":8.77},{"type":"A","date":"2018-03-27T02:26:13.000Z","volume":11000,"label":" ","price":8.77},{"type":"A","date":"2018-03-27T02:27:45.000Z","volume":2000,"label":" ","price":8.77},{"type":"B","date":"2018-03-27T02:27:50.000Z","volume":500,"label":" ","price":8.76},{"type":"B","date":"2018-03-27T02:28:01.000Z","volume":3000,"label":" ","price":8.76},{"type":"A","date":"2018-03-27T02:28:21.000Z","volume":10000,"label":" ","price":8.77},{"type":"B","date":"2018-03-27T02:28:21.000Z","volume":3500,"label":" ","price":8.76},{"type":"B","date":"2018-03-27T02:28:59.000Z","volume":3000,"label":" ","price":8.76},{"type":"B","date":"2018-03-27T02:29:12.000Z","volume":3500,"label":" ","price":8.76},{"type":"A","date":"2018-03-27T02:29:12.000Z","volume":500,"label":" ","price":8.77},{"type":"A","date":"2018-03-27T02:29:12.000Z","volume":1000,"label":" ","price":8.77},{"type":"B","date":"2018-03-27T02:29:12.000Z","volume":3500,"label":" ","price":8.76},{"type":"B","date":"2018-03-27T02:30:00.000Z","volume":3500,"label":" ","price":8.76},{"type":"A","date":"2018-03-27T02:30:09.000Z","volume":2000,"label":" ","price":8.77},{"type":"A","date":"2018-03-27T02:30:16.000Z","volume":8000,"label":" ","price":8.77},{"type":"A","date":"2018-03-27T02:30:16.000Z","volume":1000,"label":"Y","price":8.77},{"type":"B","date":"2018-03-27T02:30:19.000Z","volume":3500,"label":" ","price":8.76},{"type":"A","date":"2018-03-27T02:30:19.000Z","volume":4500,"label":"Y","price":8.77},{"type":"B","date":"2018-03-27T02:30:23.000Z","volume":1000,"label":" ","price":8.76},{"type":"B","date":"2018-03-27T02:30:41.000Z","volume":1000,"label":" ","price":8.76},{"type":"B","date":"2018-03-27T02:30:41.000Z","volume":3500,"label":" ","price":8.76},{"type":"B","date":"2018-03-27T02:30:42.000Z","volume":1000,"label":" ","price":8.76},{"type":"B","date":"2018-03-27T02:30:42.000Z","volume":2500,"label":" ","price":8.76},{"type":"B","date":"2018-03-27T02:30:42.000Z","volume":2000,"label":" ","price":8.76},{"type":"B","date":"2018-03-27T02:31:09.000Z","volume":3000,"label":" ","price":8.76},{"type":"A","date":"2018-03-27T02:31:32.000Z","volume":8000,"label":" ","price":8.77},{"type":"A","date":"2018-03-27T02:31:50.000Z","volume":80000,"label":" ","price":8.77},{"type":"A","date":"2018-03-27T02:31:50.000Z","volume":27000,"label":" ","price":8.78},{"type":"A","date":"2018-03-27T02:31:52.000Z","volume":5500,"label":" ","price":8.79},{"type":"B","date":"2018-03-27T02:31:52.000Z","volume":1500,"label":" ","price":8.78},{"type":"A","date":"2018-03-27T02:31:55.000Z","volume":2000,"label":"Y","price":8.79},{"type":"A","date":"2018-03-27T02:31:55.000Z","volume":10500,"label":" ","price":8.79},{"type":"A","date":"2018-03-27T02:31:58.000Z","volume":2500,"label":"Y","price":8.79},{"type":"A","date":"2018-03-27T02:31:58.000Z","volume":3000,"label":" ","price":8.79},{"type":"B","date":"2018-03-27T02:33:29.000Z","volume":3500,"label":" ","price":8.78},{"type":"B","date":"2018-03-27T02:33:29.000Z","volume":3500,"label":" ","price":8.78},{"type":"B","date":"2018-03-27T02:33:30.000Z","volume":500,"label":" ","price":8.78},{"type":"B","date":"2018-03-27T02:33:30.000Z","volume":1000,"label":" ","price":8.78},{"type":"B","date":"2018-03-27T02:33:30.000Z","volume":3500,"label":" ","price":8.78},{"type":"B","date":"2018-03-27T02:33:31.000Z","volume":500,"label":" ","price":8.78},{"type":"B","date":"2018-03-27T02:33:36.000Z","volume":1500,"label":" ","price":8.78},{"type":"B","date":"2018-03-27T02:33:36.000Z","volume":3500,"label":" ","price":8.77},{"type":"B","date":"2018-03-27T02:33:49.000Z","volume":38500,"label":" ","price":8.77},{"type":"A","date":"2018-03-27T02:33:51.000Z","volume":2000,"label":" ","price":8.78},{"type":"A","date":"2018-03-27T02:33:51.000Z","volume":500,"label":" ","price":8.78},{"type":"A","date":"2018-03-27T02:34:18.000Z","volume":20000,"label":" ","price":8.78},{"type":"A","date":"2018-03-27T02:34:19.000Z","volume":1500,"label":"Y","price":8.78},{"type":"A","date":"2018-03-27T02:34:36.000Z","volume":8000,"label":" ","price":8.78},{"type":"A","date":"2018-03-27T02:34:37.000Z","volume":500,"label":" ","price":8.78},{"type":"A","date":"2018-03-27T02:34:39.000Z","volume":500,"label":" ","price":8.78},{"type":"A","date":"2018-03-27T02:34:45.000Z","volume":20000,"label":" ","price":8.78},{"type":"B","date":"2018-03-27T02:35:47.000Z","volume":3500,"label":" ","price":8.77},{"type":"B","date":"2018-03-27T02:35:47.000Z","volume":3500,"label":" ","price":8.77},{"type":"A","date":"2018-03-27T02:36:04.000Z","volume":7500,"label":" ","price":8.78},{"type":"B","date":"2018-03-27T02:36:50.000Z","volume":3500,"label":" ","price":8.77},{"type":"B","date":"2018-03-27T02:38:00.000Z","volume":3000,"label":" ","price":8.77},{"type":"B","date":"2018-03-27T02:39:10.000Z","volume":2000,"label":" ","price":8.77},{"type":"A","date":"2018-03-27T02:40:20.000Z","volume":34000,"label":" ","price":8.78},{"type":"A","date":"2018-03-27T02:41:03.000Z","volume":2000,"label":" ","price":8.79},{"type":"A","date":"2018-03-27T02:41:16.000Z","volume":8500,"label":" ","price":8.79},{"type":"A","date":"2018-03-27T02:41:18.000Z","volume":7000,"label":" ","price":8.79},{"type":"A","date":"2018-03-27T02:41:18.000Z","volume":20000,"label":" ","price":8.8},{"type":"B","date":"2018-03-27T02:41:19.000Z","volume":5500,"label":" ","price":8.8},{"type":"B","date":"2018-03-27T02:41:22.000Z","volume":3500,"label":" ","price":8.8},{"type":"B","date":"2018-03-27T02:41:23.000Z","volume":3000,"label":" ","price":8.8},{"type":"B","date":"2018-03-27T02:41:23.000Z","volume":1000,"label":" ","price":8.8},{"type":"B","date":"2018-03-27T02:41:23.000Z","volume":3500,"label":" ","price":8.8},{"type":"B","date":"2018-03-27T02:41:23.000Z","volume":3500,"label":" ","price":8.8},{"type":"B","date":"2018-03-27T02:41:24.000Z","volume":2000,"label":" ","price":8.8},{"type":"B","date":"2018-03-27T02:41:24.000Z","volume":2000,"label":" ","price":8.8},{"type":"B","date":"2018-03-27T02:41:25.000Z","volume":500,"label":" ","price":8.8},{"type":"B","date":"2018-03-27T02:41:25.000Z","volume":500,"label":" ","price":8.8},{"type":"B","date":"2018-03-27T02:41:58.000Z","volume":4500,"label":" ","price":8.8},{"type":"B","date":"2018-03-27T02:42:01.000Z","volume":500,"label":" ","price":8.8},{"type":"A","date":"2018-03-27T02:42:48.000Z","volume":15000,"label":" ","price":8.8},{"type":"A","date":"2018-03-27T02:43:00.000Z","volume":8000,"label":" ","price":8.8},{"type":"B","date":"2018-03-27T02:43:00.000Z","volume":3000,"label":" ","price":8.79},{"type":"B","date":"2018-03-27T02:43:00.000Z","volume":3000,"label":" ","price":8.79},{"type":"A","date":"2018-03-27T02:43:27.000Z","volume":20000,"label":" ","price":8.8},{"type":"A","date":"2018-03-27T02:44:26.000Z","volume":50000,"label":" ","price":8.8},{"type":"A","date":"2018-03-27T02:44:37.000Z","volume":8000,"label":"Y","price":8.8},{"type":"A","date":"2018-03-27T02:45:02.000Z","volume":20000,"label":" ","price":8.8},{"type":"B","date":"2018-03-27T02:46:33.000Z","volume":1500,"label":" ","price":8.79},{"type":"B","date":"2018-03-27T02:46:33.000Z","volume":3500,"label":" ","price":8.79},{"type":"B","date":"2018-03-27T02:46:33.000Z","volume":3500,"label":" ","price":8.79},{"type":"B","date":"2018-03-27T02:46:50.000Z","volume":3500,"label":" ","price":8.79},{"type":"A","date":"2018-03-27T02:46:56.000Z","volume":50000,"label":" ","price":8.8},{"type":"A","date":"2018-03-27T02:47:38.000Z","volume":500,"label":" ","price":8.8},{"type":"A","date":"2018-03-27T02:48:11.000Z","volume":11000,"label":" ","price":8.8},{"type":"B","date":"2018-03-27T02:48:11.000Z","volume":3000,"label":" ","price":8.79},{"type":"A","date":"2018-03-27T02:48:38.000Z","volume":4000,"label":" ","price":8.8},{"type":"A","date":"2018-03-27T02:48:57.000Z","volume":50000,"label":" ","price":8.8},{"type":"A","date":"2018-03-27T02:49:56.000Z","volume":20000,"label":"Y","price":8.8},{"type":"A","date":"2018-03-27T02:49:56.000Z","volume":13000,"label":" ","price":8.8},{"type":"B","date":"2018-03-27T02:49:56.000Z","volume":3500,"label":" ","price":8.8},{"type":"B","date":"2018-03-27T02:49:56.000Z","volume":3500,"label":" ","price":8.8},{"type":"B","date":"2018-03-27T02:49:56.000Z","volume":3500,"label":" ","price":8.8},{"type":"B","date":"2018-03-27T02:49:57.000Z","volume":5500,"label":" ","price":8.8},{"type":"B","date":"2018-03-27T02:49:57.000Z","volume":3500,"label":" ","price":8.8},{"type":"B","date":"2018-03-27T02:49:57.000Z","volume":3500,"label":" ","price":8.8},{"type":"B","date":"2018-03-27T02:49:57.000Z","volume":500,"label":" ","price":8.8},{"type":"B","date":"2018-03-27T02:49:57.000Z","volume":500,"label":" ","price":8.8},{"type":"A","date":"2018-03-27T02:50:06.000Z","volume":50000,"label":" ","price":8.8},{"type":"B","date":"2018-03-27T02:50:08.000Z","volume":3000,"label":" ","price":8.79},{"type":"A","date":"2018-03-27T02:50:15.000Z","volume":41500,"label":" ","price":8.8},{"type":"B","date":"2018-03-27T02:50:15.000Z","volume":3500,"label":" ","price":8.8},{"type":"B","date":"2018-03-27T02:50:17.000Z","volume":3500,"label":" ","price":8.8},{"type":"B","date":"2018-03-27T02:50:18.000Z","volume":3500,"label":" ","price":8.8},{"type":"B","date":"2018-03-27T02:50:18.000Z","volume":2500,"label":" ","price":8.8},{"type":"A","date":"2018-03-27T02:50:25.000Z","volume":32000,"label":" ","price":8.8},{"type":"B","date":"2018-03-27T02:50:27.000Z","volume":5500,"label":" ","price":8.8},{"type":"B","date":"2018-03-27T02:50:27.000Z","volume":3500,"label":" ","price":8.8},{"type":"B","date":"2018-03-27T02:50:27.000Z","volume":500,"label":" ","price":8.8},{"type":"B","date":"2018-03-27T02:50:28.000Z","volume":3500,"label":" ","price":8.8},{"type":"B","date":"2018-03-27T02:50:28.000Z","volume":3000,"label":" ","price":8.8},{"type":"B","date":"2018-03-27T02:50:29.000Z","volume":1500,"label":" ","price":8.8},{"type":"B","date":"2018-03-27T02:51:15.000Z","volume":1000,"label":" ","price":8.8},{"type":"B","date":"2018-03-27T02:52:09.000Z","volume":4000,"label":" ","price":8.8},{"type":"B","date":"2018-03-27T02:52:09.000Z","volume":3500,"label":" ","price":8.8},{"type":"B","date":"2018-03-27T02:53:26.000Z","volume":3000,"label":" ","price":8.8},{"type":"B","date":"2018-03-27T02:53:48.000Z","volume":3500,"label":" ","price":8.8},{"type":"B","date":"2018-03-27T02:53:49.000Z","volume":4000,"label":" ","price":8.8},{"type":"B","date":"2018-03-27T02:54:43.000Z","volume":3500,"label":" ","price":8.8},{"type":"B","date":"2018-03-27T02:55:52.000Z","volume":3500,"label":" ","price":8.8},{"type":"B","date":"2018-03-27T02:55:52.000Z","volume":3500,"label":" ","price":8.8},{"type":"B","date":"2018-03-27T02:55:52.000Z","volume":1000,"label":" ","price":8.8},{"type":"B","date":"2018-03-27T02:55:53.000Z","volume":4000,"label":" ","price":8.8},{"type":"B","date":"2018-03-27T02:57:19.000Z","volume":4000,"label":" ","price":8.8},{"type":"B","date":"2018-03-27T02:57:27.000Z","volume":2500,"label":" ","price":8.8},{"type":"B","date":"2018-03-27T02:58:23.000Z","volume":3000,"label":" ","price":8.8},{"type":"B","date":"2018-03-27T02:58:23.000Z","volume":3000,"label":" ","price":8.8},{"type":"B","date":"2018-03-27T02:58:25.000Z","volume":4000,"label":" ","price":8.8},{"type":"B","date":"2018-03-27T02:58:27.000Z","volume":500,"label":" ","price":8.8},{"type":"B","date":"2018-03-27T02:58:27.000Z","volume":3500,"label":" ","price":8.8},{"type":"B","date":"2018-03-27T02:58:29.000Z","volume":4000,"label":" ","price":8.8},{"type":"B","date":"2018-03-27T02:58:30.000Z","volume":2000,"label":" ","price":8.8},{"type":"B","date":"2018-03-27T02:58:30.000Z","volume":3500,"label":" ","price":8.8},{"type":"B","date":"2018-03-27T02:58:30.000Z","volume":3500,"label":" ","price":8.8},{"type":"B","date":"2018-03-27T02:58:31.000Z","volume":4000,"label":" ","price":8.8},{"type":"B","date":"2018-03-27T02:58:31.000Z","volume":1000,"label":" ","price":8.8},{"type":"B","date":"2018-03-27T02:58:31.000Z","volume":1000,"label":" ","price":8.79},{"type":"A","date":"2018-03-27T02:58:46.000Z","volume":50000,"label":" ","price":8.8},{"type":"A","date":"2018-03-27T02:59:12.000Z","volume":50000,"label":" ","price":8.8},{"type":"A","date":"2018-03-27T02:59:27.000Z","volume":50000,"label":" ","price":8.8},{"type":"A","date":"2018-03-27T02:59:33.000Z","volume":26000,"label":" ","price":8.8},{"type":"B","date":"2018-03-27T02:59:35.000Z","volume":5000,"label":" ","price":8.8},{"type":"B","date":"2018-03-27T02:59:39.000Z","volume":3000,"label":" ","price":8.8},{"type":"B","date":"2018-03-27T02:59:39.000Z","volume":3500,"label":" ","price":8.8},{"type":"B","date":"2018-03-27T02:59:39.000Z","volume":3000,"label":" ","price":8.8},{"type":"B","date":"2018-03-27T02:59:41.000Z","volume":4500,"label":" ","price":8.8},{"type":"B","date":"2018-03-27T03:01:06.000Z","volume":3500,"label":" ","price":8.8},{"type":"A","date":"2018-03-27T03:01:29.000Z","volume":20000,"label":"Y","price":8.81},{"type":"A","date":"2018-03-27T03:01:29.000Z","volume":30000,"label":" ","price":8.81},{"type":"B","date":"2018-03-27T03:01:29.000Z","volume":500,"label":" ","price":8.8},{"type":"B","date":"2018-03-27T03:01:29.000Z","volume":500,"label":" ","price":8.8},{"type":"B","date":"2018-03-27T03:01:29.000Z","volume":500,"label":" ","price":8.8},{"type":"B","date":"2018-03-27T03:01:31.000Z","volume":6500,"label":" ","price":8.8},{"type":"B","date":"2018-03-27T03:01:33.000Z","volume":6000,"label":" ","price":8.8},{"type":"B","date":"2018-03-27T03:01:35.000Z","volume":4000,"label":" ","price":8.8},{"type":"B","date":"2018-03-27T03:01:50.000Z","volume":500,"label":" ","price":8.8},{"type":"B","date":"2018-03-27T03:02:04.000Z","volume":34500,"label":" ","price":8.8},{"type":"B","date":"2018-03-27T03:02:04.000Z","volume":45500,"label":" ","price":8.79},{"type":"B","date":"2018-03-27T03:02:04.000Z","volume":3500,"label":" ","price":8.79},{"type":"B","date":"2018-03-27T03:02:05.000Z","volume":3500,"label":" ","price":8.79},{"type":"B","date":"2018-03-27T03:02:05.000Z","volume":3500,"label":" ","price":8.79},{"type":"A","date":"2018-03-27T03:02:29.000Z","volume":6000,"label":" ","price":8.8},{"type":"B","date":"2018-03-27T03:02:50.000Z","volume":2000,"label":" ","price":8.79},{"type":"A","date":"2018-03-27T03:02:58.000Z","volume":80000,"label":" ","price":8.8},{"type":"A","date":"2018-03-27T03:03:04.000Z","volume":12500,"label":" ","price":8.8},{"type":"B","date":"2018-03-27T03:03:04.000Z","volume":3500,"label":" ","price":8.8},{"type":"B","date":"2018-03-27T03:03:05.000Z","volume":5000,"label":" ","price":8.8},{"type":"B","date":"2018-03-27T03:03:06.000Z","volume":5000,"label":" ","price":8.8},{"type":"U","date":"2018-03-27T03:03:13.000Z","volume":7500,"label":"X","price":8.795},{"type":"A","date":"2018-03-27T03:03:24.000Z","volume":17500,"label":"Y","price":8.81},{"type":"A","date":"2018-03-27T03:03:24.000Z","volume":32500,"label":" ","price":8.81},{"type":"B","date":"2018-03-27T03:03:24.000Z","volume":3500,"label":" ","price":8.8},{"type":"A","date":"2018-03-27T03:03:28.000Z","volume":15500,"label":" ","price":8.81},{"type":"B","date":"2018-03-27T03:03:29.000Z","volume":4000,"label":" ","price":8.8},{"type":"B","date":"2018-03-27T03:03:50.000Z","volume":10000,"label":" ","price":8.8},{"type":"B","date":"2018-03-27T03:03:51.000Z","volume":4000,"label":" ","price":8.8},{"type":"B","date":"2018-03-27T03:04:39.000Z","volume":3500,"label":" ","price":8.8},{"type":"B","date":"2018-03-27T03:05:25.000Z","volume":3500,"label":" ","price":8.8},{"type":"B","date":"2018-03-27T03:05:27.000Z","volume":4000,"label":" ","price":8.8},{"type":"B","date":"2018-03-27T03:05:57.000Z","volume":3000,"label":" ","price":8.8},{"type":"B","date":"2018-03-27T03:05:57.000Z","volume":2500,"label":" ","price":8.8},{"type":"B","date":"2018-03-27T03:05:58.000Z","volume":3500,"label":" ","price":8.79},{"type":"A","date":"2018-03-27T03:06:06.000Z","volume":43000,"label":" ","price":8.8},{"type":"A","date":"2018-03-27T03:06:06.000Z","volume":3500,"label":" ","price":8.8},{"type":"B","date":"2018-03-27T03:06:08.000Z","volume":2500,"label":" ","price":8.8},{"type":"B","date":"2018-03-27T03:06:08.000Z","volume":1000,"label":" ","price":8.8},{"type":"A","date":"2018-03-27T03:06:54.000Z","volume":50000,"label":" ","price":8.81},{"type":"B","date":"2018-03-27T03:06:55.000Z","volume":9500,"label":" ","price":8.8},{"type":"B","date":"2018-03-27T03:06:56.000Z","volume":4000,"label":" ","price":8.8},{"type":"A","date":"2018-03-27T03:08:38.000Z","volume":40000,"label":" ","price":8.81},{"type":"U","date":"2018-03-27T03:08:39.000Z","volume":4500,"label":"X","price":8.8},{"type":"B","date":"2018-03-27T03:08:39.000Z","volume":1000,"label":" ","price":8.8},{"type":"A","date":"2018-03-27T03:08:59.000Z","volume":30000,"label":" ","price":8.81},{"type":"B","date":"2018-03-27T03:08:59.000Z","volume":3500,"label":" ","price":8.8},{"type":"B","date":"2018-03-27T03:09:00.000Z","volume":5000,"label":" ","price":8.8},{"type":"B","date":"2018-03-27T03:09:01.000Z","volume":5000,"label":" ","price":8.8},{"type":"A","date":"2018-03-27T03:09:28.000Z","volume":53500,"label":" ","price":8.81},{"type":"B","date":"2018-03-27T03:09:28.000Z","volume":3500,"label":" ","price":8.81},{"type":"B","date":"2018-03-27T03:09:28.000Z","volume":3000,"label":" ","price":8.81},{"type":"A","date":"2018-03-27T03:09:28.000Z","volume":500,"label":" ","price":8.81},{"type":"B","date":"2018-03-27T03:09:28.000Z","volume":1000,"label":" ","price":8.81},{"type":"B","date":"2018-03-27T03:09:29.000Z","volume":3500,"label":" ","price":8.8},{"type":"U","date":"2018-03-27T03:09:31.000Z","volume":3000,"label":"X","price":8.81},{"type":"A","date":"2018-03-27T03:10:26.000Z","volume":5500,"label":" ","price":8.81},{"type":"B","date":"2018-03-27T03:11:27.000Z","volume":3500,"label":" ","price":8.8},{"type":"B","date":"2018-03-27T03:12:13.000Z","volume":3500,"label":" ","price":8.8},{"type":"B","date":"2018-03-27T03:12:31.000Z","volume":2000,"label":" ","price":8.8},{"type":"B","date":"2018-03-27T03:12:31.000Z","volume":3500,"label":" ","price":8.8},{"type":"B","date":"2018-03-27T03:12:31.000Z","volume":3500,"label":" ","price":8.8},{"type":"A","date":"2018-03-27T03:12:31.000Z","volume":4000,"label":"Y","price":8.81},{"type":"A","date":"2018-03-27T03:12:31.000Z","volume":5000,"label":" ","price":8.81},{"type":"B","date":"2018-03-27T03:13:44.000Z","volume":3000,"label":" ","price":8.8},{"type":"B","date":"2018-03-27T03:13:45.000Z","volume":3500,"label":" ","price":8.8},{"type":"B","date":"2018-03-27T03:14:27.000Z","volume":3500,"label":" ","price":8.8},{"type":"B","date":"2018-03-27T03:15:11.000Z","volume":3500,"label":" ","price":8.8},{"type":"B","date":"2018-03-27T03:15:14.000Z","volume":2500,"label":" ","price":8.8},{"type":"B","date":"2018-03-27T03:15:15.000Z","volume":3500,"label":" ","price":8.8},{"type":"B","date":"2018-03-27T03:16:45.000Z","volume":1000,"label":" ","price":8.8},{"type":"B","date":"2018-03-27T03:16:45.000Z","volume":3500,"label":" ","price":8.8},{"type":"B","date":"2018-03-27T03:16:45.000Z","volume":1000,"label":" ","price":8.8},{"type":"B","date":"2018-03-27T03:16:46.000Z","volume":1000,"label":" ","price":8.8},{"type":"B","date":"2018-03-27T03:17:28.000Z","volume":1000,"label":" ","price":8.8},{"type":"B","date":"2018-03-27T03:17:28.000Z","volume":1500,"label":" ","price":8.8},{"type":"B","date":"2018-03-27T03:17:29.000Z","volume":1000,"label":" ","price":8.8},{"type":"B","date":"2018-03-27T03:18:46.000Z","volume":3500,"label":" ","price":8.8},{"type":"B","date":"2018-03-27T03:18:47.000Z","volume":3500,"label":" ","price":8.8},{"type":"B","date":"2018-03-27T03:18:55.000Z","volume":500,"label":" ","price":8.8},{"type":"B","date":"2018-03-27T03:18:55.000Z","volume":500,"label":" ","price":8.8},{"type":"B","date":"2018-03-27T03:20:03.000Z","volume":7000,"label":" ","price":8.8},{"type":"B","date":"2018-03-27T03:20:03.000Z","volume":3500,"label":" ","price":8.8},{"type":"B","date":"2018-03-27T03:20:03.000Z","volume":3500,"label":" ","price":8.8},{"type":"B","date":"2018-03-27T03:20:03.000Z","volume":500,"label":" ","price":8.8},{"type":"B","date":"2018-03-27T03:20:03.000Z","volume":2500,"label":" ","price":8.8},{"type":"B","date":"2018-03-27T03:20:04.000Z","volume":500,"label":" ","price":8.8},{"type":"B","date":"2018-03-27T03:20:04.000Z","volume":500,"label":" ","price":8.8},{"type":"B","date":"2018-03-27T03:20:05.000Z","volume":4500,"label":" ","price":8.8},{"type":"U","date":"2018-03-27T03:20:05.000Z","volume":11000,"label":"X","price":8.81},{"type":"B","date":"2018-03-27T03:20:17.000Z","volume":16000,"label":"Y","price":8.8},{"type":"B","date":"2018-03-27T03:20:17.000Z","volume":4000,"label":" ","price":8.8},{"type":"B","date":"2018-03-27T03:20:17.000Z","volume":3500,"label":" ","price":8.8},{"type":"B","date":"2018-03-27T03:20:17.000Z","volume":3000,"label":" ","price":8.8},{"type":"B","date":"2018-03-27T03:20:17.000Z","volume":3500,"label":" ","price":8.8},{"type":"B","date":"2018-03-27T03:20:18.000Z","volume":3500,"label":" ","price":8.8},{"type":"B","date":"2018-03-27T03:20:18.000Z","volume":2500,"label":" ","price":8.8},{"type":"B","date":"2018-03-27T03:20:18.000Z","volume":3500,"label":" ","price":8.8},{"type":"B","date":"2018-03-27T03:20:19.000Z","volume":7500,"label":" ","price":8.8},{"type":"B","date":"2018-03-27T03:20:20.000Z","volume":3500,"label":" ","price":8.8},{"type":"B","date":"2018-03-27T03:20:20.000Z","volume":5000,"label":" ","price":8.8},{"type":"B","date":"2018-03-27T03:20:20.000Z","volume":3500,"label":" ","price":8.8},{"type":"B","date":"2018-03-27T03:20:21.000Z","volume":2000,"label":" ","price":8.8},{"type":"B","date":"2018-03-27T03:20:21.000Z","volume":3500,"label":" ","price":8.8},{"type":"B","date":"2018-03-27T03:20:28.000Z","volume":1000,"label":" ","price":8.8},{"type":"B","date":"2018-03-27T03:21:20.000Z","volume":3500,"label":" ","price":8.8},{"type":"B","date":"2018-03-27T03:21:58.000Z","volume":500,"label":" ","price":8.8},{"type":"B","date":"2018-03-27T03:21:58.000Z","volume":3000,"label":" ","price":8.8},{"type":"B","date":"2018-03-27T03:21:58.000Z","volume":3500,"label":" ","price":8.8},{"type":"B","date":"2018-03-27T03:21:59.000Z","volume":3500,"label":" ","price":8.8},{"type":"B","date":"2018-03-27T03:21:59.000Z","volume":2000,"label":" ","price":8.8},{"type":"B","date":"2018-03-27T03:21:59.000Z","volume":3500,"label":" ","price":8.8},{"type":"B","date":"2018-03-27T03:22:12.000Z","volume":2500,"label":" ","price":8.8},{"type":"B","date":"2018-03-27T03:22:12.000Z","volume":3000,"label":" ","price":8.8},{"type":"B","date":"2018-03-27T03:22:12.000Z","volume":2500,"label":" ","price":8.8},{"type":"B","date":"2018-03-27T03:22:12.000Z","volume":500,"label":" ","price":8.8},{"type":"B","date":"2018-03-27T03:22:12.000Z","volume":3000,"label":" ","price":8.8},{"type":"B","date":"2018-03-27T03:22:13.000Z","volume":4000,"label":" ","price":8.8},{"type":"B","date":"2018-03-27T03:22:13.000Z","volume":3500,"label":" ","price":8.8},{"type":"B","date":"2018-03-27T03:22:13.000Z","volume":3000,"label":" ","price":8.8},{"type":"B","date":"2018-03-27T03:22:13.000Z","volume":1000,"label":" ","price":8.8},{"type":"B","date":"2018-03-27T03:22:20.000Z","volume":500,"label":"Y","price":8.8},{"type":"B","date":"2018-03-27T03:22:30.000Z","volume":2500,"label":" ","price":8.79},{"type":"B","date":"2018-03-27T03:22:31.000Z","volume":500,"label":" ","price":8.79},{"type":"B","date":"2018-03-27T03:22:51.000Z","volume":500,"label":" ","price":8.79},{"type":"B","date":"2018-03-27T03:23:23.000Z","volume":3000,"label":" ","price":8.78},{"type":"B","date":"2018-03-27T03:23:30.000Z","volume":4500,"label":" ","price":8.78},{"type":"B","date":"2018-03-27T03:23:30.000Z","volume":3000,"label":" ","price":8.78},{"type":"B","date":"2018-03-27T03:23:30.000Z","volume":2000,"label":" ","price":8.78},{"type":"B","date":"2018-03-27T03:23:31.000Z","volume":3500,"label":" ","price":8.78},{"type":"B","date":"2018-03-27T03:23:31.000Z","volume":500,"label":" ","price":8.78},{"type":"B","date":"2018-03-27T03:24:24.000Z","volume":1000,"label":" ","price":8.78},{"type":"B","date":"2018-03-27T03:24:24.000Z","volume":3500,"label":" ","price":8.78},{"type":"A","date":"2018-03-27T03:25:44.000Z","volume":1500,"label":" ","price":8.79},{"type":"B","date":"2018-03-27T03:25:44.000Z","volume":3500,"label":" ","price":8.78},{"type":"B","date":"2018-03-27T03:25:49.000Z","volume":2000,"label":" ","price":8.78},{"type":"B","date":"2018-03-27T03:27:05.000Z","volume":3000,"label":" ","price":8.78},{"type":"B","date":"2018-03-27T03:28:16.000Z","volume":3500,"label":" ","price":8.78},{"type":"B","date":"2018-03-27T03:28:18.000Z","volume":500,"label":" ","price":8.78},{"type":"B","date":"2018-03-27T03:28:18.000Z","volume":3000,"label":" ","price":8.78},{"type":"B","date":"2018-03-27T03:28:18.000Z","volume":2500,"label":" ","price":8.78},{"type":"B","date":"2018-03-27T03:28:18.000Z","volume":3500,"label":" ","price":8.78},{"type":"B","date":"2018-03-27T03:28:19.000Z","volume":1500,"label":" ","price":8.78},{"type":"B","date":"2018-03-27T03:28:27.000Z","volume":3000,"label":" ","price":8.78},{"type":"B","date":"2018-03-27T03:29:01.000Z","volume":3500,"label":" ","price":8.78},{"type":"B","date":"2018-03-27T03:29:30.000Z","volume":1500,"label":" ","price":8.78},{"type":"B","date":"2018-03-27T03:30:03.000Z","volume":3500,"label":" ","price":8.78},{"type":"B","date":"2018-03-27T03:30:03.000Z","volume":1000,"label":" ","price":8.78},{"type":"A","date":"2018-03-27T03:30:50.000Z","volume":9500,"label":" ","price":8.79},{"type":"B","date":"2018-03-27T03:31:01.000Z","volume":1000,"label":" ","price":8.78},{"type":"B","date":"2018-03-27T03:31:01.000Z","volume":3500,"label":" ","price":8.78},{"type":"B","date":"2018-03-27T03:31:01.000Z","volume":3500,"label":" ","price":8.78},{"type":"B","date":"2018-03-27T03:31:02.000Z","volume":500,"label":" ","price":8.78},{"type":"B","date":"2018-03-27T03:31:23.000Z","volume":500,"label":"Y","price":8.78},{"type":"B","date":"2018-03-27T03:31:46.000Z","volume":3500,"label":" ","price":8.78},{"type":"A","date":"2018-03-27T03:33:02.000Z","volume":5500,"label":"Y","price":8.79},{"type":"A","date":"2018-03-27T03:33:02.000Z","volume":106500,"label":" ","price":8.79},{"type":"A","date":"2018-03-27T03:33:02.000Z","volume":500,"label":" ","price":8.79},{"type":"B","date":"2018-03-27T03:33:14.000Z","volume":2500,"label":" ","price":8.79},{"type":"B","date":"2018-03-27T03:33:14.000Z","volume":3500,"label":" ","price":8.79},{"type":"B","date":"2018-03-27T03:33:15.000Z","volume":500,"label":" ","price":8.79},{"type":"B","date":"2018-03-27T03:34:20.000Z","volume":2500,"label":" ","price":8.79},{"type":"B","date":"2018-03-27T03:35:53.000Z","volume":500,"label":" ","price":8.79},{"type":"B","date":"2018-03-27T03:37:17.000Z","volume":500,"label":" ","price":8.79},{"type":"B","date":"2018-03-27T03:37:17.000Z","volume":500,"label":" ","price":8.79},{"type":"B","date":"2018-03-27T03:37:53.000Z","volume":500,"label":" ","price":8.79},{"type":"B","date":"2018-03-27T03:39:04.000Z","volume":1000,"label":" ","price":8.79},{"type":"B","date":"2018-03-27T03:39:04.000Z","volume":500,"label":" ","price":8.79},{"type":"B","date":"2018-03-27T03:39:04.000Z","volume":500,"label":" ","price":8.79},{"type":"B","date":"2018-03-27T03:39:43.000Z","volume":500,"label":" ","price":8.79},{"type":"B","date":"2018-03-27T03:40:03.000Z","volume":500,"label":" ","price":8.79},{"type":"B","date":"2018-03-27T03:40:12.000Z","volume":2500,"label":" ","price":8.79},{"type":"B","date":"2018-03-27T03:41:15.000Z","volume":1000,"label":" ","price":8.79},{"type":"B","date":"2018-03-27T03:41:27.000Z","volume":2000,"label":" ","price":8.79},{"type":"B","date":"2018-03-27T03:41:27.000Z","volume":500,"label":" ","price":8.79},{"type":"B","date":"2018-03-27T03:41:47.000Z","volume":1500,"label":" ","price":8.79},{"type":"A","date":"2018-03-27T03:42:59.000Z","volume":1500,"label":" ","price":8.8},{"type":"B","date":"2018-03-27T03:43:11.000Z","volume":1000,"label":" ","price":8.79},{"type":"B","date":"2018-03-27T03:43:21.000Z","volume":1500,"label":" ","price":8.79},{"type":"B","date":"2018-03-27T03:43:33.000Z","volume":2500,"label":" ","price":8.79},{"type":"B","date":"2018-03-27T03:43:33.000Z","volume":1500,"label":" ","price":8.79},{"type":"B","date":"2018-03-27T03:43:34.000Z","volume":1000,"label":" ","price":8.79},{"type":"B","date":"2018-03-27T03:43:35.000Z","volume":1500,"label":" ","price":8.79},{"type":"A","date":"2018-03-27T03:43:39.000Z","volume":6000,"label":"Y","price":8.79},{"type":"A","date":"2018-03-27T03:43:40.000Z","volume":500,"label":"Y","price":8.79},{"type":"A","date":"2018-03-27T03:43:40.000Z","volume":39000,"label":" ","price":8.79},{"type":"A","date":"2018-03-27T03:43:40.000Z","volume":500,"label":" ","price":8.79},{"type":"B","date":"2018-03-27T03:44:14.000Z","volume":3000,"label":" ","price":8.79},{"type":"B","date":"2018-03-27T03:44:14.000Z","volume":3000,"label":" ","price":8.79},{"type":"B","date":"2018-03-27T03:44:15.000Z","volume":1000,"label":" ","price":8.79},{"type":"B","date":"2018-03-27T03:44:15.000Z","volume":500,"label":" ","price":8.79},{"type":"A","date":"2018-03-27T03:44:15.000Z","volume":16000,"label":" ","price":8.79},{"type":"B","date":"2018-03-27T03:44:22.000Z","volume":3500,"label":" ","price":8.79},{"type":"B","date":"2018-03-27T03:44:22.000Z","volume":500,"label":" ","price":8.79},{"type":"B","date":"2018-03-27T03:44:22.000Z","volume":2500,"label":" ","price":8.79},{"type":"B","date":"2018-03-27T03:44:22.000Z","volume":3500,"label":" ","price":8.79},{"type":"B","date":"2018-03-27T03:44:23.000Z","volume":500,"label":" ","price":8.79},{"type":"B","date":"2018-03-27T03:44:23.000Z","volume":3500,"label":" ","price":8.79},{"type":"B","date":"2018-03-27T03:46:52.000Z","volume":500,"label":" ","price":8.79},{"type":"B","date":"2018-03-27T03:46:52.000Z","volume":3000,"label":" ","price":8.79},{"type":"B","date":"2018-03-27T03:46:57.000Z","volume":1500,"label":" ","price":8.79},{"type":"B","date":"2018-03-27T03:46:57.000Z","volume":8000,"label":" ","price":8.79},{"type":"A","date":"2018-03-27T03:46:57.000Z","volume":9000,"label":" ","price":8.79},{"type":"A","date":"2018-03-27T03:47:15.000Z","volume":7500,"label":" ","price":8.79},{"type":"A","date":"2018-03-27T03:47:15.000Z","volume":41000,"label":" ","price":8.79},{"type":"A","date":"2018-03-27T03:47:15.000Z","volume":4000,"label":" ","price":8.79},{"type":"A","date":"2018-03-27T03:47:16.000Z","volume":500,"label":" ","price":8.79},{"type":"A","date":"2018-03-27T03:47:17.000Z","volume":6500,"label":" ","price":8.79},{"type":"B","date":"2018-03-27T03:47:49.000Z","volume":1500,"label":" ","price":8.79},{"type":"B","date":"2018-03-27T03:47:49.000Z","volume":3500,"label":" ","price":8.79},{"type":"B","date":"2018-03-27T03:47:50.000Z","volume":3500,"label":" ","price":8.79},{"type":"B","date":"2018-03-27T03:47:50.000Z","volume":1500,"label":" ","price":8.79},{"type":"B","date":"2018-03-27T03:47:50.000Z","volume":1500,"label":" ","price":8.79},{"type":"B","date":"2018-03-27T03:48:58.000Z","volume":2000,"label":" ","price":8.79},{"type":"B","date":"2018-03-27T03:49:25.000Z","volume":1500,"label":" ","price":8.79},{"type":"B","date":"2018-03-27T03:49:38.000Z","volume":500,"label":" ","price":8.79},{"type":"A","date":"2018-03-27T03:52:12.000Z","volume":22500,"label":" ","price":8.8},{"type":"A","date":"2018-03-27T03:52:25.000Z","volume":1500,"label":" ","price":8.8},{"type":"A","date":"2018-03-27T03:52:25.000Z","volume":22500,"label":"Y","price":8.8},{"type":"A","date":"2018-03-27T03:52:25.000Z","volume":22500,"label":" ","price":8.8},{"type":"B","date":"2018-03-27T03:52:26.000Z","volume":3500,"label":" ","price":8.79},{"type":"B","date":"2018-03-27T03:52:27.000Z","volume":3500,"label":" ","price":8.79},{"type":"B","date":"2018-03-27T03:52:27.000Z","volume":3500,"label":" ","price":8.79},{"type":"B","date":"2018-03-27T03:52:55.000Z","volume":1500,"label":" ","price":8.79},{"type":"B","date":"2018-03-27T03:52:55.000Z","volume":3000,"label":" ","price":8.79},{"type":"B","date":"2018-03-27T03:52:56.000Z","volume":500,"label":" ","price":8.79},{"type":"B","date":"2018-03-27T03:53:22.000Z","volume":3500,"label":" ","price":8.79},{"type":"B","date":"2018-03-27T03:53:23.000Z","volume":3500,"label":" ","price":8.79},{"type":"B","date":"2018-03-27T03:53:24.000Z","volume":500,"label":" ","price":8.79},{"type":"B","date":"2018-03-27T03:53:27.000Z","volume":500,"label":" ","price":8.79},{"type":"B","date":"2018-03-27T03:53:27.000Z","volume":500,"label":" ","price":8.79},{"type":"A","date":"2018-03-27T03:54:17.000Z","volume":5500,"label":"Y","price":8.79},{"type":"A","date":"2018-03-27T03:54:17.000Z","volume":14500,"label":" ","price":8.79},{"type":"A","date":"2018-03-27T03:54:17.000Z","volume":500,"label":" ","price":8.79},{"type":"B","date":"2018-03-27T03:55:22.000Z","volume":3500,"label":" ","price":8.78},{"type":"B","date":"2018-03-27T03:56:19.000Z","volume":3000,"label":" ","price":8.78},{"type":"B","date":"2018-03-27T03:57:05.000Z","volume":3500,"label":" ","price":8.78},{"type":"B","date":"2018-03-27T03:57:05.000Z","volume":3000,"label":" ","price":8.78},{"type":"B","date":"2018-03-27T03:58:13.000Z","volume":1500,"label":" ","price":8.78},{"type":"B","date":"2018-03-27T03:58:13.000Z","volume":500,"label":" ","price":8.79},{"type":"B","date":"2018-03-27T03:58:13.000Z","volume":1000,"label":" ","price":8.79},{"type":"B","date":"2018-03-27T03:58:27.000Z","volume":500,"label":" ","price":8.79},{"type":"B","date":"2018-03-27T03:58:27.000Z","volume":500,"label":" ","price":8.79},{"type":"B","date":"2018-03-27T03:58:57.000Z","volume":500,"label":" ","price":8.79},{"type":"B","date":"2018-03-27T03:58:57.000Z","volume":500,"label":" ","price":8.79},{"type":"B","date":"2018-03-27T03:58:57.000Z","volume":500,"label":" ","price":8.79},{"type":"B","date":"2018-03-27T03:59:24.000Z","volume":500,"label":" ","price":8.79},{"type":"A","date":"2018-03-27T05:00:01.000Z","volume":4000,"label":" ","price":8.8},{"type":"B","date":"2018-03-27T05:00:02.000Z","volume":500,"label":" ","price":8.79},{"type":"B","date":"2018-03-27T05:00:13.000Z","volume":500,"label":" ","price":8.79},{"type":"B","date":"2018-03-27T05:03:32.000Z","volume":1000,"label":" ","price":8.79},{"type":"B","date":"2018-03-27T05:03:32.000Z","volume":1000,"label":" ","price":8.79},{"type":"A","date":"2018-03-27T05:03:43.000Z","volume":3000,"label":" ","price":8.8},{"type":"B","date":"2018-03-27T05:03:46.000Z","volume":1000,"label":" ","price":8.79},{"type":"B","date":"2018-03-27T05:04:32.000Z","volume":1500,"label":" ","price":8.79},{"type":"B","date":"2018-03-27T05:04:32.000Z","volume":8000,"label":" ","price":8.79},{"type":"B","date":"2018-03-27T05:04:46.000Z","volume":2500,"label":" ","price":8.79},{"type":"B","date":"2018-03-27T05:04:46.000Z","volume":3000,"label":" ","price":8.79},{"type":"B","date":"2018-03-27T05:04:47.000Z","volume":3500,"label":" ","price":8.79},{"type":"B","date":"2018-03-27T05:05:00.000Z","volume":1000,"label":" ","price":8.79},{"type":"B","date":"2018-03-27T05:05:12.000Z","volume":500,"label":" ","price":8.79},{"type":"B","date":"2018-03-27T05:06:12.000Z","volume":500,"label":" ","price":8.79},{"type":"B","date":"2018-03-27T05:06:54.000Z","volume":500,"label":" ","price":8.79},{"type":"B","date":"2018-03-27T05:06:54.000Z","volume":2000,"label":" ","price":8.79},{"type":"B","date":"2018-03-27T05:06:56.000Z","volume":3500,"label":" ","price":8.79},{"type":"A","date":"2018-03-27T05:07:18.000Z","volume":37500,"label":" ","price":8.79},{"type":"A","date":"2018-03-27T05:07:18.000Z","volume":19500,"label":" ","price":8.8},{"type":"B","date":"2018-03-27T05:07:18.000Z","volume":32000,"label":" ","price":8.8},{"type":"B","date":"2018-03-27T05:07:19.000Z","volume":4000,"label":" ","price":8.8},{"type":"U","date":"2018-03-27T05:07:19.000Z","volume":4500,"label":"X","price":8.8},{"type":"B","date":"2018-03-27T05:07:19.000Z","volume":1500,"label":" ","price":8.8},{"type":"B","date":"2018-03-27T05:07:20.000Z","volume":4500,"label":" ","price":8.8},{"type":"B","date":"2018-03-27T05:07:20.000Z","volume":1500,"label":" ","price":8.8},{"type":"B","date":"2018-03-27T05:07:23.000Z","volume":500,"label":" ","price":8.8},{"type":"B","date":"2018-03-27T05:07:23.000Z","volume":500,"label":" ","price":8.8},{"type":"U","date":"2018-03-27T05:07:27.000Z","volume":4500,"label":"X","price":8.8},{"type":"B","date":"2018-03-27T05:07:27.000Z","volume":11000,"label":" ","price":8.8},{"type":"B","date":"2018-03-27T05:07:27.000Z","volume":4000,"label":" ","price":8.8},{"type":"B","date":"2018-03-27T05:07:28.000Z","volume":500,"label":" ","price":8.8},{"type":"B","date":"2018-03-27T05:07:29.000Z","volume":5000,"label":" ","price":8.8},{"type":"B","date":"2018-03-27T05:07:29.000Z","volume":2000,"label":" ","price":8.8},{"type":"B","date":"2018-03-27T05:07:30.000Z","volume":500,"label":" ","price":8.8},{"type":"A","date":"2018-03-27T05:07:48.000Z","volume":60000,"label":" ","price":8.81},{"type":"B","date":"2018-03-27T05:07:48.000Z","volume":20000,"label":" ","price":8.8},{"type":"B","date":"2018-03-27T05:07:49.000Z","volume":13500,"label":" ","price":8.8},{"type":"B","date":"2018-03-27T05:07:49.000Z","volume":4500,"label":" ","price":8.8},{"type":"B","date":"2018-03-27T05:07:50.000Z","volume":6500,"label":" ","price":8.8},{"type":"B","date":"2018-03-27T05:07:50.000Z","volume":2000,"label":" ","price":8.8},{"type":"A","date":"2018-03-27T05:10:24.000Z","volume":50000,"label":" ","price":8.81},{"type":"A","date":"2018-03-27T05:10:24.000Z","volume":25500,"label":" ","price":8.81},{"type":"B","date":"2018-03-27T05:10:24.000Z","volume":17000,"label":" ","price":8.8},{"type":"B","date":"2018-03-27T05:10:24.000Z","volume":8500,"label":" ","price":8.8},{"type":"B","date":"2018-03-27T05:10:25.000Z","volume":17000,"label":" ","price":8.8},{"type":"B","date":"2018-03-27T05:10:25.000Z","volume":5500,"label":" ","price":8.8},{"type":"B","date":"2018-03-27T05:10:25.000Z","volume":3000,"label":" ","price":8.8},{"type":"B","date":"2018-03-27T05:11:02.000Z","volume":500,"label":" ","price":8.79},{"type":"A","date":"2018-03-27T05:11:54.000Z","volume":70000,"label":" ","price":8.81},{"type":"B","date":"2018-03-27T05:11:54.000Z","volume":20000,"label":" ","price":8.8},{"type":"A","date":"2018-03-27T05:11:59.000Z","volume":2000,"label":" ","price":8.8},{"type":"A","date":"2018-03-27T05:12:01.000Z","volume":50000,"label":" ","price":8.8},{"type":"A","date":"2018-03-27T05:12:01.000Z","volume":4000,"label":" ","price":8.8},{"type":"U","date":"2018-03-27T05:12:01.000Z","volume":3500,"label":"X","price":8.79},{"type":"U","date":"2018-03-27T05:12:01.000Z","volume":3500,"label":"X","price":8.79},{"type":"A","date":"2018-03-27T05:12:01.000Z","volume":10000,"label":" ","price":8.8},{"type":"A","date":"2018-03-27T05:12:11.000Z","volume":50000,"label":" ","price":8.8},{"type":"A","date":"2018-03-27T05:12:17.000Z","volume":50000,"label":" ","price":8.81},{"type":"A","date":"2018-03-27T05:12:17.000Z","volume":7500,"label":" ","price":8.81},{"type":"B","date":"2018-03-27T05:12:17.000Z","volume":17500,"label":" ","price":8.8},{"type":"A","date":"2018-03-27T05:12:21.000Z","volume":20000,"label":"Y","price":8.82},{"type":"A","date":"2018-03-27T05:12:21.000Z","volume":30000,"label":" ","price":8.82},{"type":"U","date":"2018-03-27T05:12:22.000Z","volume":6000,"label":" ","price":8.8},{"type":"B","date":"2018-03-27T05:12:23.000Z","volume":3500,"label":" ","price":8.8},{"type":"A","date":"2018-03-27T05:12:27.000Z","volume":42000,"label":" ","price":8.82},{"type":"B","date":"2018-03-27T05:12:27.000Z","volume":8000,"label":" ","price":8.82},{"type":"B","date":"2018-03-27T05:12:27.000Z","volume":6000,"label":" ","price":8.8},{"type":"B","date":"2018-03-27T05:12:27.000Z","volume":1000,"label":" ","price":8.81},{"type":"U","date":"2018-03-27T05:12:27.000Z","volume":4000,"label":" ","price":8.8},{"type":"A","date":"2018-03-27T05:12:35.000Z","volume":28500,"label":" ","price":8.81},{"type":"A","date":"2018-03-27T05:12:35.000Z","volume":21500,"label":" ","price":8.82},{"type":"U","date":"2018-03-27T05:12:35.000Z","volume":3000,"label":"X","price":8.8},{"type":"U","date":"2018-03-27T05:12:35.000Z","volume":6000,"label":" ","price":8.8},{"type":"B","date":"2018-03-27T05:13:06.000Z","volume":1000,"label":" ","price":8.79},{"type":"U","date":"2018-03-27T05:14:06.000Z","volume":1000,"label":"X","price":8.79},{"type":"B","date":"2018-03-27T05:14:06.000Z","volume":2500,"label":" ","price":8.79},{"type":"A","date":"2018-03-27T05:14:48.000Z","volume":50000,"label":" ","price":8.8},{"type":"A","date":"2018-03-27T05:15:00.000Z","volume":28000,"label":" ","price":8.8},{"type":"A","date":"2018-03-27T05:15:00.000Z","volume":22000,"label":" ","price":8.81},{"type":"A","date":"2018-03-27T05:15:40.000Z","volume":35500,"label":" ","price":8.81},{"type":"A","date":"2018-03-27T05:15:40.000Z","volume":14500,"label":" ","price":8.82},{"type":"A","date":"2018-03-27T05:15:45.000Z","volume":50000,"label":" ","price":8.81},{"type":"A","date":"2018-03-27T05:16:22.000Z","volume":50000,"label":" ","price":8.8},{"type":"A","date":"2018-03-27T05:16:33.000Z","volume":50000,"label":" ","price":8.8},{"type":"U","date":"2018-03-27T05:16:34.000Z","volume":3500,"label":"X","price":8.79},{"type":"A","date":"2018-03-27T05:16:42.000Z","volume":50000,"label":" ","price":8.8},{"type":"A","date":"2018-03-27T05:16:42.000Z","volume":1500,"label":" ","price":8.8},{"type":"A","date":"2018-03-27T05:16:58.000Z","volume":50000,"label":" ","price":8.8},{"type":"A","date":"2018-03-27T05:17:05.000Z","volume":50000,"label":" ","price":8.8},{"type":"A","date":"2018-03-27T05:17:10.000Z","volume":8000,"label":" ","price":8.8},{"type":"A","date":"2018-03-27T05:17:10.000Z","volume":42000,"label":" ","price":8.81},{"type":"A","date":"2018-03-27T05:17:16.000Z","volume":27000,"label":" ","price":8.8},{"type":"A","date":"2018-03-27T05:17:16.000Z","volume":13000,"label":" ","price":8.81},{"type":"A","date":"2018-03-27T05:17:23.000Z","volume":20000,"label":" ","price":8.8},{"type":"A","date":"2018-03-27T05:17:32.000Z","volume":10000,"label":" ","price":8.8},{"type":"A","date":"2018-03-27T05:17:40.000Z","volume":40000,"label":" ","price":8.8},{"type":"A","date":"2018-03-27T05:17:40.000Z","volume":2500,"label":" ","price":8.8},{"type":"A","date":"2018-03-27T05:17:46.000Z","volume":40000,"label":" ","price":8.81},{"type":"A","date":"2018-03-27T05:17:47.000Z","volume":500,"label":" ","price":8.8},{"type":"A","date":"2018-03-27T05:17:51.000Z","volume":39500,"label":" ","price":8.8},{"type":"A","date":"2018-03-27T05:17:51.000Z","volume":500,"label":" ","price":8.81},{"type":"A","date":"2018-03-27T05:17:57.000Z","volume":28500,"label":" ","price":8.8},{"type":"A","date":"2018-03-27T05:17:57.000Z","volume":11500,"label":" ","price":8.81},{"type":"A","date":"2018-03-27T05:18:02.000Z","volume":35000,"label":" ","price":8.81},{"type":"A","date":"2018-03-27T05:18:02.000Z","volume":5000,"label":" ","price":8.82},{"type":"A","date":"2018-03-27T05:18:33.000Z","volume":38500,"label":" ","price":8.81},{"type":"A","date":"2018-03-27T05:18:33.000Z","volume":11500,"label":" ","price":8.82},{"type":"A","date":"2018-03-27T05:18:41.000Z","volume":15000,"label":" ","price":8.8},{"type":"A","date":"2018-03-27T05:18:41.000Z","volume":24500,"label":" ","price":8.81},{"type":"A","date":"2018-03-27T05:18:41.000Z","volume":10500,"label":" ","price":8.82},{"type":"B","date":"2018-03-27T05:18:52.000Z","volume":6000,"label":" ","price":8.8},{"type":"U","date":"2018-03-27T05:18:58.000Z","volume":8000,"label":"X","price":8.8},{"type":"B","date":"2018-03-27T05:18:58.000Z","volume":5500,"label":" ","price":8.8},{"type":"B","date":"2018-03-27T05:19:00.000Z","volume":8000,"label":" ","price":8.8},{"type":"B","date":"2018-03-27T05:19:24.000Z","volume":10000,"label":" ","price":8.8},{"type":"U","date":"2018-03-27T05:19:34.000Z","volume":5000,"label":" ","price":8.8},{"type":"B","date":"2018-03-27T05:19:37.000Z","volume":500,"label":" ","price":8.8},{"type":"U","date":"2018-03-27T05:19:38.000Z","volume":7000,"label":"X","price":8.8},{"type":"B","date":"2018-03-27T05:20:08.000Z","volume":9000,"label":" ","price":8.8},{"type":"A","date":"2018-03-27T05:20:52.000Z","volume":50000,"label":" ","price":8.82},{"type":"A","date":"2018-03-27T05:22:11.000Z","volume":10000,"label":" ","price":8.8},{"type":"B","date":"2018-03-27T05:22:11.000Z","volume":3500,"label":" ","price":8.79},{"type":"U","date":"2018-03-27T05:22:35.000Z","volume":13000,"label":"X","price":8.8},{"type":"A","date":"2018-03-27T05:22:35.000Z","volume":50000,"label":" ","price":8.8},{"type":"B","date":"2018-03-27T05:23:03.000Z","volume":1000,"label":" ","price":8.79},{"type":"A","date":"2018-03-27T05:23:06.000Z","volume":50000,"label":" ","price":8.8},{"type":"A","date":"2018-03-27T05:23:07.000Z","volume":500,"label":" ","price":8.8},{"type":"A","date":"2018-03-27T05:23:16.000Z","volume":15000,"label":" ","price":8.8},{"type":"B","date":"2018-03-27T05:23:16.000Z","volume":17000,"label":" ","price":8.8},{"type":"B","date":"2018-03-27T05:23:16.000Z","volume":3500,"label":" ","price":8.8},{"type":"B","date":"2018-03-27T05:23:17.000Z","volume":7000,"label":" ","price":8.8},{"type":"B","date":"2018-03-27T05:23:17.000Z","volume":3500,"label":" ","price":8.8},{"type":"B","date":"2018-03-27T05:23:18.000Z","volume":500,"label":" ","price":8.8},{"type":"B","date":"2018-03-27T05:23:18.000Z","volume":2500,"label":" ","price":8.8},{"type":"B","date":"2018-03-27T05:23:18.000Z","volume":500,"label":" ","price":8.8},{"type":"B","date":"2018-03-27T05:23:20.000Z","volume":500,"label":" ","price":8.8},{"type":"A","date":"2018-03-27T05:23:37.000Z","volume":30000,"label":" ","price":8.81},{"type":"U","date":"2018-03-27T05:23:37.000Z","volume":4000,"label":" ","price":8.8},{"type":"U","date":"2018-03-27T05:23:37.000Z","volume":1000,"label":" ","price":8.8},{"type":"U","date":"2018-03-27T05:23:37.000Z","volume":3000,"label":" ","price":8.8},{"type":"U","date":"2018-03-27T05:23:38.000Z","volume":1500,"label":" ","price":8.8},{"type":"A","date":"2018-03-27T05:23:45.000Z","volume":40000,"label":" ","price":8.8},{"type":"A","date":"2018-03-27T05:23:47.000Z","volume":10000,"label":" ","price":8.8},{"type":"A","date":"2018-03-27T05:23:47.000Z","volume":10000,"label":" ","price":8.8},{"type":"A","date":"2018-03-27T05:23:47.000Z","volume":2500,"label":" ","price":8.8},{"type":"A","date":"2018-03-27T05:23:52.000Z","volume":20000,"label":" ","price":8.81},{"type":"A","date":"2018-03-27T05:24:35.000Z","volume":50000,"label":" ","price":8.81},{"type":"A","date":"2018-03-27T05:24:36.000Z","volume":500,"label":" ","price":8.8},{"type":"A","date":"2018-03-27T05:25:05.000Z","volume":4000,"label":"Y","price":8.8},{"type":"A","date":"2018-03-27T05:25:05.000Z","volume":16500,"label":" ","price":8.8},{"type":"A","date":"2018-03-27T05:25:15.000Z","volume":10000,"label":" ","price":8.81},{"type":"A","date":"2018-03-27T05:25:31.000Z","volume":5500,"label":" ","price":8.81},{"type":"U","date":"2018-03-27T05:28:42.000Z","volume":25,"label":"D","price":8.83},{"type":"U","date":"2018-03-27T05:31:03.000Z","volume":3500,"label":"X","price":8.82},{"type":"A","date":"2018-03-27T05:31:57.000Z","volume":8000,"label":" ","price":8.83},{"type":"B","date":"2018-03-27T05:33:36.000Z","volume":1500,"label":" ","price":8.82},{"type":"B","date":"2018-03-27T05:34:18.000Z","volume":2000,"label":" ","price":8.82},{"type":"U","date":"2018-03-27T05:35:33.000Z","volume":3500,"label":"X","price":8.82},{"type":"A","date":"2018-03-27T05:36:25.000Z","volume":24500,"label":" ","price":8.83},{"type":"A","date":"2018-03-27T05:37:05.000Z","volume":1500,"label":" ","price":8.83},{"type":"A","date":"2018-03-27T05:38:10.000Z","volume":3000,"label":" ","price":8.83},{"type":"A","date":"2018-03-27T05:38:13.000Z","volume":5000,"label":" ","price":8.83},{"type":"B","date":"2018-03-27T05:38:36.000Z","volume":1500,"label":" ","price":8.82},{"type":"A","date":"2018-03-27T05:39:34.000Z","volume":1000,"label":" ","price":8.83},{"type":"B","date":"2018-03-27T05:39:43.000Z","volume":500,"label":" ","price":8.82},{"type":"B","date":"2018-03-27T05:40:13.000Z","volume":500,"label":" ","price":8.82},{"type":"B","date":"2018-03-27T05:41:34.000Z","volume":1000,"label":" ","price":8.82},{"type":"B","date":"2018-03-27T05:44:36.000Z","volume":1000,"label":" ","price":8.82},{"type":"B","date":"2018-03-27T05:44:47.000Z","volume":2000,"label":" ","price":8.82},{"type":"U","date":"2018-03-27T05:44:47.000Z","volume":3000,"label":"X","price":8.82},{"type":"B","date":"2018-03-27T05:45:17.000Z","volume":3000,"label":" ","price":8.82},{"type":"B","date":"2018-03-27T05:45:17.000Z","volume":3000,"label":" ","price":8.82},{"type":"B","date":"2018-03-27T05:45:19.000Z","volume":4000,"label":" ","price":8.82},{"type":"B","date":"2018-03-27T05:45:22.000Z","volume":9500,"label":" ","price":8.82},{"type":"B","date":"2018-03-27T05:45:23.000Z","volume":4000,"label":" ","price":8.82},{"type":"U","date":"2018-03-27T05:47:26.000Z","volume":1000,"label":"X","price":8.82},{"type":"B","date":"2018-03-27T05:47:26.000Z","volume":2500,"label":" ","price":8.82},{"type":"B","date":"2018-03-27T05:48:33.000Z","volume":1000,"label":" ","price":8.82},{"type":"B","date":"2018-03-27T05:48:33.000Z","volume":3500,"label":" ","price":8.82},{"type":"B","date":"2018-03-27T05:48:33.000Z","volume":1500,"label":" ","price":8.82},{"type":"B","date":"2018-03-27T05:48:35.000Z","volume":3000,"label":" ","price":8.82},{"type":"B","date":"2018-03-27T05:49:03.000Z","volume":2500,"label":" ","price":8.82},{"type":"B","date":"2018-03-27T05:50:48.000Z","volume":3500,"label":" ","price":8.82},{"type":"B","date":"2018-03-27T05:50:48.000Z","volume":2500,"label":" ","price":8.82},{"type":"B","date":"2018-03-27T05:50:49.000Z","volume":3000,"label":" ","price":8.82},{"type":"B","date":"2018-03-27T05:50:51.000Z","volume":2500,"label":" ","price":8.82},{"type":"B","date":"2018-03-27T05:52:31.000Z","volume":1000,"label":" ","price":8.82},{"type":"B","date":"2018-03-27T05:52:55.000Z","volume":500,"label":" ","price":8.82},{"type":"B","date":"2018-03-27T05:53:02.000Z","volume":1000,"label":" ","price":8.82},{"type":"B","date":"2018-03-27T05:55:02.000Z","volume":2500,"label":" ","price":8.82},{"type":"B","date":"2018-03-27T05:55:02.000Z","volume":3000,"label":" ","price":8.82},{"type":"B","date":"2018-03-27T05:55:02.000Z","volume":3000,"label":" ","price":8.82},{"type":"B","date":"2018-03-27T05:55:03.000Z","volume":3500,"label":" ","price":8.82},{"type":"A","date":"2018-03-27T05:55:03.000Z","volume":11500,"label":" ","price":8.83},{"type":"B","date":"2018-03-27T05:55:04.000Z","volume":3500,"label":" ","price":8.82},{"type":"B","date":"2018-03-27T05:55:05.000Z","volume":2500,"label":" ","price":8.82},{"type":"B","date":"2018-03-27T05:56:26.000Z","volume":1000,"label":" ","price":8.82},{"type":"B","date":"2018-03-27T05:57:27.000Z","volume":500,"label":" ","price":8.82},{"type":"B","date":"2018-03-27T05:58:06.000Z","volume":500,"label":" ","price":8.82},{"type":"B","date":"2018-03-27T05:58:59.000Z","volume":3500,"label":" ","price":8.82},{"type":"A","date":"2018-03-27T06:00:18.000Z","volume":15000,"label":" ","price":8.83},{"type":"B","date":"2018-03-27T06:00:19.000Z","volume":4000,"label":" ","price":8.82},{"type":"B","date":"2018-03-27T06:01:22.000Z","volume":1000,"label":" ","price":8.82},{"type":"B","date":"2018-03-27T06:02:02.000Z","volume":3000,"label":" ","price":8.82},{"type":"B","date":"2018-03-27T06:02:02.000Z","volume":3000,"label":" ","price":8.82},{"type":"B","date":"2018-03-27T06:02:02.000Z","volume":3000,"label":" ","price":8.82},{"type":"B","date":"2018-03-27T06:02:03.000Z","volume":4500,"label":" ","price":8.82},{"type":"B","date":"2018-03-27T06:05:08.000Z","volume":500,"label":" ","price":8.82},{"type":"B","date":"2018-03-27T06:05:25.000Z","volume":1000,"label":" ","price":8.82},{"type":"B","date":"2018-03-27T06:06:02.000Z","volume":3500,"label":" ","price":8.82},{"type":"B","date":"2018-03-27T06:07:14.000Z","volume":30000,"label":"Y","price":8.82},{"type":"B","date":"2018-03-27T06:07:15.000Z","volume":6000,"label":" ","price":8.82},{"type":"B","date":"2018-03-27T06:07:15.000Z","volume":3500,"label":" ","price":8.82},{"type":"B","date":"2018-03-27T06:07:45.000Z","volume":1500,"label":" ","price":8.82},{"type":"B","date":"2018-03-27T06:07:45.000Z","volume":3500,"label":" ","price":8.82},{"type":"B","date":"2018-03-27T06:07:48.000Z","volume":5500,"label":" ","price":8.82},{"type":"B","date":"2018-03-27T06:07:48.000Z","volume":3000,"label":" ","price":8.82},{"type":"B","date":"2018-03-27T06:07:49.000Z","volume":3500,"label":" ","price":8.82},{"type":"B","date":"2018-03-27T06:07:49.000Z","volume":6500,"label":" ","price":8.82},{"type":"B","date":"2018-03-27T06:07:49.000Z","volume":3500,"label":" ","price":8.82},{"type":"B","date":"2018-03-27T06:08:02.000Z","volume":2500,"label":" ","price":8.82},{"type":"B","date":"2018-03-27T06:08:02.000Z","volume":3000,"label":" ","price":8.82},{"type":"B","date":"2018-03-27T06:08:02.000Z","volume":500,"label":" ","price":8.82},{"type":"A","date":"2018-03-27T06:09:04.000Z","volume":150000,"label":" ","price":8.82},{"type":"B","date":"2018-03-27T06:09:05.000Z","volume":16000,"label":" ","price":8.81},{"type":"B","date":"2018-03-27T06:09:05.000Z","volume":3000,"label":" ","price":8.81},{"type":"B","date":"2018-03-27T06:09:08.000Z","volume":13500,"label":" ","price":8.8},{"type":"B","date":"2018-03-27T06:09:08.000Z","volume":500,"label":" ","price":8.8},{"type":"B","date":"2018-03-27T06:09:09.000Z","volume":7500,"label":" ","price":8.8},{"type":"B","date":"2018-03-27T06:09:09.000Z","volume":3500,"label":" ","price":8.8},{"type":"B","date":"2018-03-27T06:09:09.000Z","volume":7000,"label":" ","price":8.8},{"type":"B","date":"2018-03-27T06:09:09.000Z","volume":500,"label":" ","price":8.8},{"type":"B","date":"2018-03-27T06:09:11.000Z","volume":500,"label":" ","price":8.8},{"type":"A","date":"2018-03-27T06:09:14.000Z","volume":95500,"label":" ","price":8.81},{"type":"A","date":"2018-03-27T06:09:14.000Z","volume":31500,"label":" ","price":8.82},{"type":"B","date":"2018-03-27T06:09:15.000Z","volume":8500,"label":" ","price":8.81},{"type":"U","date":"2018-03-27T06:09:15.000Z","volume":7500,"label":"X","price":8.81},{"type":"B","date":"2018-03-27T06:09:16.000Z","volume":2000,"label":" ","price":8.81},{"type":"B","date":"2018-03-27T06:09:16.000Z","volume":1000,"label":" ","price":8.81},{"type":"B","date":"2018-03-27T06:09:18.000Z","volume":10500,"label":" ","price":8.8},{"type":"B","date":"2018-03-27T06:09:18.000Z","volume":500,"label":" ","price":8.8},{"type":"A","date":"2018-03-27T06:09:23.000Z","volume":28500,"label":" ","price":8.81},{"type":"A","date":"2018-03-27T06:09:23.000Z","volume":21500,"label":" ","price":8.82},{"type":"B","date":"2018-03-27T06:09:24.000Z","volume":12500,"label":" ","price":8.8},{"type":"A","date":"2018-03-27T06:09:37.000Z","volume":50000,"label":" ","price":8.82},{"type":"B","date":"2018-03-27T06:09:38.000Z","volume":12500,"label":" ","price":8.8},{"type":"B","date":"2018-03-27T06:09:56.000Z","volume":8500,"label":" ","price":8.8}