[{"type":"U","date":"2018-04-12T01:30:33.000Z","volume":1000,"label":" ","price":3.96},{"type":"A","date":"2018-04-12T01:32:12.000Z","volume":8000,"label":"Y","price":3.96},{"type":"A","date":"2018-04-12T01:32:12.000Z","volume":4000,"label":" ","price":3.96},{"type":"A","date":"2018-04-12T01:32:13.000Z","volume":2000,"label":" ","price":3.96},{"type":"A","date":"2018-04-12T01:32:15.000Z","volume":3000,"label":" ","price":3.96},{"type":"A","date":"2018-04-12T01:32:18.000Z","volume":2000,"label":" ","price":3.96},{"type":"A","date":"2018-04-12T01:32:23.000Z","volume":1000,"label":" ","price":3.96},{"type":"A","date":"2018-04-12T01:33:46.000Z","volume":10000,"label":"Y","price":3.96},{"type":"A","date":"2018-04-12T01:33:46.000Z","volume":15000,"label":" ","price":3.96},{"type":"A","date":"2018-04-12T01:33:46.000Z","volume":1000,"label":" ","price":3.97},{"type":"A","date":"2018-04-12T01:33:46.000Z","volume":4000,"label":" ","price":3.97},{"type":"A","date":"2018-04-12T01:33:46.000Z","volume":1000,"label":" ","price":3.97},{"type":"A","date":"2018-04-12T01:33:47.000Z","volume":1000,"label":" ","price":3.97},{"type":"A","date":"2018-04-12T01:33:48.000Z","volume":10000,"label":" ","price":3.97},{"type":"A","date":"2018-04-12T01:33:49.000Z","volume":4000,"label":" ","price":3.97},{"type":"A","date":"2018-04-12T01:33:50.000Z","volume":1000,"label":" ","price":3.97},{"type":"A","date":"2018-04-12T01:34:15.000Z","volume":2000,"label":" ","price":3.97},{"type":"A","date":"2018-04-12T01:34:15.000Z","volume":1000,"label":" ","price":3.97},{"type":"A","date":"2018-04-12T01:34:15.000Z","volume":3000,"label":" ","price":3.97},{"type":"A","date":"2018-04-12T01:34:17.000Z","volume":1000,"label":" ","price":3.97},{"type":"A","date":"2018-04-12T01:34:21.000Z","volume":1000,"label":" ","price":3.97},{"type":"A","date":"2018-04-12T01:34:24.000Z","volume":9000,"label":" ","price":3.97},{"type":"A","date":"2018-04-12T01:34:35.000Z","volume":1000,"label":" ","price":3.97},{"type":"A","date":"2018-04-12T01:34:36.000Z","volume":3000,"label":" ","price":3.97},{"type":"A","date":"2018-04-12T01:34:56.000Z","volume":1000,"label":" ","price":3.97},{"type":"A","date":"2018-04-12T01:37:03.000Z","volume":10000,"label":" ","price":3.97},{"type":"A","date":"2018-04-12T01:37:03.000Z","volume":4000,"label":" ","price":3.97},{"type":"A","date":"2018-04-12T01:37:03.000Z","volume":3000,"label":" ","price":3.97},{"type":"B","date":"2018-04-12T01:37:04.000Z","volume":1000,"label":" ","price":3.96},{"type":"A","date":"2018-04-12T01:37:04.000Z","volume":3000,"label":" ","price":3.97},{"type":"A","date":"2018-04-12T01:37:05.000Z","volume":2000,"label":" ","price":3.97},{"type":"A","date":"2018-04-12T01:37:06.000Z","volume":1000,"label":" ","price":3.97},{"type":"A","date":"2018-04-12T01:37:08.000Z","volume":1000,"label":" ","price":3.97},{"type":"A","date":"2018-04-12T01:37:09.000Z","volume":3000,"label":" ","price":3.97},{"type":"B","date":"2018-04-12T01:37:19.000Z","volume":100000,"label":" ","price":3.96},{"type":"B","date":"2018-04-12T01:37:19.000Z","volume":1000,"label":"Y","price":3.96},{"type":"B","date":"2018-04-12T01:37:19.000Z","volume":2000,"label":" ","price":3.96},{"type":"A","date":"2018-04-12T01:37:19.000Z","volume":3000,"label":" ","price":3.97},{"type":"A","date":"2018-04-12T01:37:19.000Z","volume":1000,"label":" ","price":3.97},{"type":"A","date":"2018-04-12T01:38:51.000Z","volume":3000,"label":" ","price":3.96},{"type":"A","date":"2018-04-12T01:39:25.000Z","volume":3000,"label":" ","price":3.96},{"type":"A","date":"2018-04-12T01:41:00.000Z","volume":3000,"label":"Y","price":3.96},{"type":"B","date":"2018-04-12T01:41:34.000Z","volume":1000,"label":"Y","price":3.95},{"type":"A","date":"2018-04-12T01:42:30.000Z","volume":5000,"label":" ","price":3.96},{"type":"A","date":"2018-04-12T01:42:49.000Z","volume":3000,"label":" ","price":3.96},{"type":"A","date":"2018-04-12T01:45:17.000Z","volume":24000,"label":" ","price":3.96},{"type":"A","date":"2018-04-12T01:45:17.000Z","volume":3000,"label":" ","price":3.96},{"type":"A","date":"2018-04-12T01:45:17.000Z","volume":1000,"label":" ","price":3.96},{"type":"A","date":"2018-04-12T01:45:20.000Z","volume":3000,"label":" ","price":3.96},{"type":"A","date":"2018-04-12T01:45:21.000Z","volume":4000,"label":" ","price":3.96},{"type":"A","date":"2018-04-12T01:45:29.000Z","volume":1000,"label":"Y","price":3.96},{"type":"A","date":"2018-04-12T01:46:49.000Z","volume":3000,"label":" ","price":3.96},{"type":"A","date":"2018-04-12T01:47:00.000Z","volume":1000,"label":"Y","price":3.96},{"type":"B","date":"2018-04-12T01:48:58.000Z","volume":26000,"label":" ","price":3.95},{"type":"A","date":"2018-04-12T01:48:58.000Z","volume":1000,"label":" ","price":3.95},{"type":"A","date":"2018-04-12T01:48:58.000Z","volume":2000,"label":" ","price":3.95},{"type":"B","date":"2018-04-12T01:49:17.000Z","volume":40000,"label":" ","price":3.94},{"type":"A","date":"2018-04-12T01:49:17.000Z","volume":12000,"label":" ","price":3.95},{"type":"A","date":"2018-04-12T01:49:18.000Z","volume":2000,"label":" ","price":3.95},{"type":"A","date":"2018-04-12T01:49:18.000Z","volume":1000,"label":" ","price":3.95},{"type":"A","date":"2018-04-12T01:49:18.000Z","volume":2000,"label":" ","price":3.95},{"type":"A","date":"2018-04-12T01:49:18.000Z","volume":4000,"label":" ","price":3.95},{"type":"A","date":"2018-04-12T01:49:18.000Z","volume":2000,"label":" ","price":3.95},{"type":"U","date":"2018-04-12T01:49:34.000Z","volume":2000,"label":"X","price":3.945},{"type":"B","date":"2018-04-12T01:50:46.000Z","volume":3000,"label":"Y","price":3.94},{"type":"B","date":"2018-04-12T01:50:46.000Z","volume":2000,"label":" ","price":3.94},{"type":"B","date":"2018-04-12T01:50:46.000Z","volume":5000,"label":" ","price":3.94},{"type":"B","date":"2018-04-12T01:50:56.000Z","volume":5000,"label":"Y","price":3.94},{"type":"A","date":"2018-04-12T01:51:00.000Z","volume":2000,"label":" ","price":3.95},{"type":"B","date":"2018-04-12T01:51:10.000Z","volume":4000,"label":"Y","price":3.94},{"type":"B","date":"2018-04-12T01:51:10.000Z","volume":6000,"label":" ","price":3.94},{"type":"B","date":"2018-04-12T01:51:13.000Z","volume":1000,"label":" ","price":3.94},{"type":"B","date":"2018-04-12T01:54:09.000Z","volume":9000,"label":"Y","price":3.94},{"type":"B","date":"2018-04-12T01:54:09.000Z","volume":7000,"label":" ","price":3.94},{"type":"A","date":"2018-04-12T01:54:09.000Z","volume":3000,"label":" ","price":3.94},{"type":"A","date":"2018-04-12T01:54:56.000Z","volume":6000,"label":"Y","price":3.94},{"type":"A","date":"2018-04-12T01:55:05.000Z","volume":5000,"label":"Y","price":3.94},{"type":"A","date":"2018-04-12T01:55:05.000Z","volume":1000,"label":" ","price":3.94},{"type":"A","date":"2018-04-12T01:55:05.000Z","volume":1000,"label":" ","price":3.94},{"type":"A","date":"2018-04-12T01:55:42.000Z","volume":40000,"label":" ","price":3.94},{"type":"A","date":"2018-04-12T01:55:42.000Z","volume":5000,"label":" ","price":3.94},{"type":"A","date":"2018-04-12T01:55:42.000Z","volume":30000,"label":" ","price":3.94},{"type":"A","date":"2018-04-12T01:55:43.000Z","volume":1000,"label":" ","price":3.95},{"type":"A","date":"2018-04-12T01:55:43.000Z","volume":6000,"label":" ","price":3.95},{"type":"A","date":"2018-04-12T01:55:43.000Z","volume":3000,"label":" ","price":3.95},{"type":"A","date":"2018-04-12T01:55:43.000Z","volume":3000,"label":" ","price":3.95},{"type":"A","date":"2018-04-12T01:55:44.000Z","volume":1000,"label":" ","price":3.95},{"type":"A","date":"2018-04-12T01:55:45.000Z","volume":1000,"label":" ","price":3.95},{"type":"A","date":"2018-04-12T01:55:51.000Z","volume":1000,"label":" ","price":3.95},{"type":"A","date":"2018-04-12T01:55:56.000Z","volume":1000,"label":" ","price":3.95},{"type":"A","date":"2018-04-12T01:58:48.000Z","volume":3000,"label":" ","price":3.95},{"type":"A","date":"2018-04-12T01:58:49.000Z","volume":4000,"label":" ","price":3.95},{"type":"A","date":"2018-04-12T01:58:49.000Z","volume":2000,"label":" ","price":3.95},{"type":"A","date":"2018-04-12T01:58:51.000Z","volume":1000,"label":" ","price":3.95},{"type":"A","date":"2018-04-12T02:00:29.000Z","volume":10000,"label":" ","price":3.95},{"type":"A","date":"2018-04-12T02:00:30.000Z","volume":1000,"label":" ","price":3.95},{"type":"A","date":"2018-04-12T02:00:30.000Z","volume":1000,"label":" ","price":3.95},{"type":"A","date":"2018-04-12T02:00:30.000Z","volume":4000,"label":" ","price":3.95},{"type":"A","date":"2018-04-12T02:00:30.000Z","volume":1000,"label":" ","price":3.95},{"type":"A","date":"2018-04-12T02:01:55.000Z","volume":1000,"label":" ","price":3.95},{"type":"A","date":"2018-04-12T02:01:59.000Z","volume":37000,"label":" ","price":3.95},{"type":"A","date":"2018-04-12T02:01:59.000Z","volume":4000,"label":"Y","price":3.95},{"type":"A","date":"2018-04-12T02:01:59.000Z","volume":4000,"label":"Y","price":3.95},{"type":"A","date":"2018-04-12T02:01:59.000Z","volume":1000,"label":"Y","price":3.95},{"type":"A","date":"2018-04-12T02:01:59.000Z","volume":5000,"label":"Y","price":3.95},{"type":"A","date":"2018-04-12T02:02:00.000Z","volume":6000,"label":" ","price":3.95},{"type":"A","date":"2018-04-12T02:03:39.000Z","volume":3000,"label":" ","price":3.95},{"type":"A","date":"2018-04-12T02:03:40.000Z","volume":1000,"label":"Y","price":3.95},{"type":"A","date":"2018-04-12T02:05:45.000Z","volume":1000,"label":" ","price":3.95},{"type":"B","date":"2018-04-12T02:06:18.000Z","volume":14000,"label":"Y","price":3.94},{"type":"B","date":"2018-04-12T02:06:18.000Z","volume":6000,"label":" ","price":3.94},{"type":"A","date":"2018-04-12T02:06:19.000Z","volume":3000,"label":" ","price":3.95},{"type":"A","date":"2018-04-12T02:08:30.000Z","volume":2000,"label":"Y","price":3.95},{"type":"A","date":"2018-04-12T02:09:09.000Z","volume":3000,"label":" ","price":3.95},{"type":"B","date":"2018-04-12T02:10:47.000Z","volume":86000,"label":" ","price":3.94},{"type":"A","date":"2018-04-12T02:10:47.000Z","volume":2000,"label":" ","price":3.94},{"type":"A","date":"2018-04-12T02:10:48.000Z","volume":2000,"label":" ","price":3.94},{"type":"A","date":"2018-04-12T02:10:48.000Z","volume":1000,"label":" ","price":3.94},{"type":"A","date":"2018-04-12T02:10:48.000Z","volume":2000,"label":" ","price":3.94},{"type":"A","date":"2018-04-12T02:10:48.000Z","volume":10000,"label":" ","price":3.94},{"type":"A","date":"2018-04-12T02:10:48.000Z","volume":6000,"label":" ","price":3.94},{"type":"A","date":"2018-04-12T02:10:50.000Z","volume":2000,"label":" ","price":3.94},{"type":"B","date":"2018-04-12T02:18:15.000Z","volume":280000,"label":" ","price":3.93},{"type":"B","date":"2018-04-12T02:18:15.000Z","volume":8000,"label":" ","price":3.93},{"type":"A","date":"2018-04-12T02:18:15.000Z","volume":1000,"label":" ","price":3.93},{"type":"A","date":"2018-04-12T02:18:15.000Z","volume":19000,"label":" ","price":3.94},{"type":"A","date":"2018-04-12T02:18:15.000Z","volume":3000,"label":" ","price":3.94},{"type":"A","date":"2018-04-12T02:18:15.000Z","volume":1000,"label":" ","price":3.94},{"type":"A","date":"2018-04-12T02:18:15.000Z","volume":1000,"label":" ","price":3.94},{"type":"A","date":"2018-04-12T02:18:15.000Z","volume":1000,"label":" ","price":3.94},{"type":"A","date":"2018-04-12T02:18:16.000Z","volume":6000,"label":" ","price":3.94},{"type":"A","date":"2018-04-12T02:18:16.000Z","volume":1000,"label":" ","price":3.94},{"type":"A","date":"2018-04-12T02:18:16.000Z","volume":4000,"label":"Y","price":3.94},{"type":"A","date":"2018-04-12T02:18:16.000Z","volume":2000,"label":"Y","price":3.94},{"type":"A","date":"2018-04-12T02:18:16.000Z","volume":16000,"label":"Y","price":3.94},{"type":"A","date":"2018-04-12T02:18:16.000Z","volume":3000,"label":" ","price":3.94},{"type":"A","date":"2018-04-12T02:18:16.000Z","volume":15000,"label":" ","price":3.95},{"type":"A","date":"2018-04-12T02:18:16.000Z","volume":6000,"label":" ","price":3.95},{"type":"A","date":"2018-04-12T02:18:16.000Z","volume":19000,"label":" ","price":3.95},{"type":"B","date":"2018-04-12T02:18:16.000Z","volume":5000,"label":" ","price":3.95},{"type":"B","date":"2018-04-12T02:18:16.000Z","volume":2000,"label":" ","price":3.95},{"type":"U","date":"2018-04-12T02:18:20.000Z","volume":15000,"label":" ","price":3.95},{"type":"A","date":"2018-04-12T02:18:43.000Z","volume":1000,"label":" ","price":3.96},{"type":"B","date":"2018-04-12T02:18:46.000Z","volume":6000,"label":" ","price":3.94},{"type":"B","date":"2018-04-12T02:23:57.000Z","volume":1000,"label":" ","price":3.93},{"type":"A","date":"2018-04-12T02:24:19.000Z","volume":1000,"label":" ","price":3.94},{"type":"A","date":"2018-04-12T02:24:19.000Z","volume":39000,"label":" ","price":3.94},{"type":"A","date":"2018-04-12T02:24:21.000Z","volume":4000,"label":" ","price":3.95},{"type":"A","date":"2018-04-12T02:24:29.000Z","volume":4000,"label":"Y","price":3.95},{"type":"U","date":"2018-04-12T02:25:45.000Z","volume":244,"label":"D","price":3.9},{"type":"A","date":"2018-04-12T02:29:19.000Z","volume":1000,"label":" ","price":3.95},{"type":"B","date":"2018-04-12T02:32:17.000Z","volume":3000,"label":"Y","price":3.94},{"type":"A","date":"2018-04-12T02:33:34.000Z","volume":3000,"label":" ","price":3.95},{"type":"A","date":"2018-04-12T02:34:22.000Z","volume":1000,"label":" ","price":3.95},{"type":"A","date":"2018-04-12T02:34:59.000Z","volume":42000,"label":" ","price":3.95},{"type":"A","date":"2018-04-12T02:34:59.000Z","volume":91000,"label":" ","price":3.95},{"type":"A","date":"2018-04-12T02:34:59.000Z","volume":1000,"label":"Y","price":3.95},{"type":"A","date":"2018-04-12T02:34:59.000Z","volume":7000,"label":"Y","price":3.95},{"type":"A","date":"2018-04-12T02:34:59.000Z","volume":1000,"label":"Y","price":3.95},{"type":"A","date":"2018-04-12T02:34:59.000Z","volume":2000,"label":"Y","price":3.95},{"type":"A","date":"2018-04-12T02:35:02.000Z","volume":18000,"label":" ","price":3.95},{"type":"A","date":"2018-04-12T02:35:02.000Z","volume":423000,"label":" ","price":3.95},{"type":"A","date":"2018-04-12T02:35:04.000Z","volume":47000,"label":" ","price":3.96},{"type":"A","date":"2018-04-12T02:35:04.000Z","volume":5000,"label":" ","price":3.96},{"type":"B","date":"2018-04-12T02:35:05.000Z","volume":2000,"label":" ","price":3.95},{"type":"A","date":"2018-04-12T02:35:05.000Z","volume":28000,"label":" ","price":3.96},{"type":"A","date":"2018-04-12T02:35:06.000Z","volume":3000,"label":" ","price":3.96},{"type":"A","date":"2018-04-12T02:36:59.000Z","volume":2000,"label":" ","price":3.96},{"type":"A","date":"2018-04-12T02:37:14.000Z","volume":113000,"label":" ","price":3.96},{"type":"A","date":"2018-04-12T02:37:15.000Z","volume":13000,"label":" ","price":3.97},{"type":"A","date":"2018-04-12T02:39:12.000Z","volume":1000,"label":" ","price":3.97},{"type":"A","date":"2018-04-12T02:42:47.000Z","volume":3000,"label":" ","price":3.97},{"type":"A","date":"2018-04-12T02:44:01.000Z","volume":19000,"label":" ","price":3.97},{"type":"A","date":"2018-04-12T02:44:02.000Z","volume":3000,"label":" ","price":3.97},{"type":"A","date":"2018-04-12T02:44:03.000Z","volume":1000,"label":" ","price":3.97},{"type":"B","date":"2018-04-12T02:44:29.000Z","volume":80000,"label":" ","price":3.96},{"type":"B","date":"2018-04-12T02:44:29.000Z","volume":148000,"label":" ","price":3.96},{"type":"B","date":"2018-04-12T02:44:29.000Z","volume":17000,"label":" ","price":3.96},{"type":"U","date":"2018-04-12T02:44:29.000Z","volume":9000,"label":"Y","price":3.96},{"type":"B","date":"2018-04-12T02:44:29.000Z","volume":5000,"label":" ","price":3.95},{"type":"B","date":"2018-04-12T02:44:29.000Z","volume":23000,"label":" ","price":3.95},{"type":"B","date":"2018-04-12T02:44:37.000Z","volume":4000,"label":" ","price":3.95},{"type":"B","date":"2018-04-12T02:45:29.000Z","volume":2000,"label":" ","price":3.95},{"type":"B","date":"2018-04-12T02:46:55.000Z","volume":1000,"label":" ","price":3.95},{"type":"B","date":"2018-04-12T02:47:37.000Z","volume":2000,"label":" ","price":3.95},{"type":"A","date":"2018-04-12T02:48:41.000Z","volume":2000,"label":"Y","price":3.96},{"type":"A","date":"2018-04-12T02:48:41.000Z","volume":248000,"label":" ","price":3.96},{"type":"A","date":"2018-04-12T02:48:42.000Z","volume":22000,"label":" ","price":3.97},{"type":"A","date":"2018-04-12T02:48:54.000Z","volume":81000,"label":"Y","price":3.97},{"type":"A","date":"2018-04-12T02:48:54.000Z","volume":9000,"label":" ","price":3.97},{"type":"A","date":"2018-04-12T02:48:54.000Z","volume":10000,"label":" ","price":3.97},{"type":"B","date":"2018-04-12T02:50:07.000Z","volume":2000,"label":" ","price":3.96},{"type":"B","date":"2018-04-12T02:51:50.000Z","volume":35000,"label":"Y","price":3.96},{"type":"A","date":"2018-04-12T02:51:50.000Z","volume":4000,"label":" ","price":3.97},{"type":"B","date":"2018-04-12T02:53:58.000Z","volume":19000,"label":" ","price":3.96},{"type":"B","date":"2018-04-12T02:54:11.000Z","volume":2000,"label":"Y","price":3.96},{"type":"B","date":"2018-04-12T02:54:18.000Z","volume":10000,"label":" ","price":3.96},{"type":"B","date":"2018-04-12T02:59:13.000Z","volume":86000,"label":"Y","price":3.95},{"type":"A","date":"2018-04-12T02:59:13.000Z","volume":11000,"label":" ","price":3.96},{"type":"B","date":"2018-04-12T03:01:39.000Z","volume":20000,"label":" ","price":3.95},{"type":"B","date":"2018-04-12T03:01:39.000Z","volume":53000,"label":" ","price":3.95},{"type":"B","date":"2018-04-12T03:01:50.000Z","volume":1000,"label":" ","price":3.95},{"type":"B","date":"2018-04-12T03:01:56.000Z","volume":9000,"label":" ","price":3.95},{"type":"B","date":"2018-04-12T03:01:56.000Z","volume":3000,"label":" ","price":3.95},{"type":"A","date":"2018-04-12T03:05:22.000Z","volume":2000,"label":" ","price":3.95},{"type":"A","date":"2018-04-12T03:05:29.000Z","volume":1000,"label":" ","price":3.95},{"type":"A","date":"2018-04-12T03:05:43.000Z","volume":1000,"label":" ","price":3.95},{"type":"A","date":"2018-04-12T03:06:28.000Z","volume":1000,"label":" ","price":3.95},{"type":"A","date":"2018-04-12T03:07:38.000Z","volume":1000,"label":" ","price":3.95},{"type":"A","date":"2018-04-12T03:07:49.000Z","volume":2000,"label":" ","price":3.95},{"type":"A","date":"2018-04-12T03:07:49.000Z","volume":4000,"label":" ","price":3.95},{"type":"A","date":"2018-04-12T03:08:24.000Z","volume":1000,"label":" ","price":3.95},{"type":"A","date":"2018-04-12T03:09:23.000Z","volume":4000,"label":" ","price":3.95},{"type":"A","date":"2018-04-12T03:09:57.000Z","volume":2000,"label":" ","price":3.95},{"type":"A","date":"2018-04-12T03:10:58.000Z","volume":4000,"label":" ","price":3.95},{"type":"A","date":"2018-04-12T03:11:29.000Z","volume":1000,"label":" ","price":3.95},{"type":"A","date":"2018-04-12T03:12:14.000Z","volume":1000,"label":" ","price":3.95},{"type":"A","date":"2018-04-12T03:12:16.000Z","volume":2000,"label":" ","price":3.95},{"type":"A","date":"2018-04-12T03:12:17.000Z","volume":2000,"label":" ","price":3.95},{"type":"A","date":"2018-04-12T03:12:33.000Z","volume":4000,"label":" ","price":3.95},{"type":"B","date":"2018-04-12T03:12:39.000Z","volume":10000,"label":" ","price":3.94},{"type":"A","date":"2018-04-12T03:13:29.000Z","volume":1000,"label":" ","price":3.95},{"type":"A","date":"2018-04-12T03:14:14.000Z","volume":4000,"label":" ","price":3.95},{"type":"A","date":"2018-04-12T03:14:18.000Z","volume":2000,"label":" ","price":3.95},{"type":"A","date":"2018-04-12T03:14:39.000Z","volume":2000,"label":" ","price":3.95},{"type":"A","date":"2018-04-12T03:14:39.000Z","volume":1000,"label":" ","price":3.95},{"type":"A","date":"2018-04-12T03:15:11.000Z","volume":3000,"label":" ","price":3.95},{"type":"A","date":"2018-04-12T03:15:49.000Z","volume":4000,"label":" ","price":3.95},{"type":"A","date":"2018-04-12T03:16:46.000Z","volume":3000,"label":" ","price":3.95},{"type":"A","date":"2018-04-12T03:16:54.000Z","volume":1000,"label":" ","price":3.95},{"type":"A","date":"2018-04-12T03:16:59.000Z","volume":2000,"label":" ","price":3.95},{"type":"A","date":"2018-04-12T03:17:34.000Z","volume":4000,"label":" ","price":3.95},{"type":"A","date":"2018-04-12T03:17:34.000Z","volume":2000,"label":" ","price":3.95},{"type":"A","date":"2018-04-12T03:17:44.000Z","volume":1000,"label":" ","price":3.95},{"type":"A","date":"2018-04-12T03:19:08.000Z","volume":4000,"label":" ","price":3.95},{"type":"A","date":"2018-04-12T03:19:20.000Z","volume":2000,"label":" ","price":3.95},{"type":"A","date":"2018-04-12T03:19:30.000Z","volume":50000,"label":" ","price":3.95},{"type":"A","date":"2018-04-12T03:19:33.000Z","volume":6000,"label":" ","price":3.95},{"type":"B","date":"2018-04-12T03:20:04.000Z","volume":6000,"label":" ","price":3.94},{"type":"B","date":"2018-04-12T03:20:04.000Z","volume":30000,"label":" ","price":3.94},{"type":"B","date":"2018-04-12T03:20:04.000Z","volume":30000,"label":" ","price":3.93},{"type":"A","date":"2018-04-12T03:20:07.000Z","volume":4000,"label":" ","price":3.95},{"type":"A","date":"2018-04-12T03:20:14.000Z","volume":10000,"label":" ","price":3.95},{"type":"B","date":"2018-04-12T03:21:09.000Z","volume":2000,"label":" ","price":3.94},{"type":"A","date":"2018-04-12T03:21:10.000Z","volume":2000,"label":" ","price":3.95},{"type":"B","date":"2018-04-12T03:22:53.000Z","volume":1000,"label":"Y","price":3.94},{"type":"B","date":"2018-04-12T03:22:53.000Z","volume":18000,"label":" ","price":3.94},{"type":"A","date":"2018-04-12T03:22:53.000Z","volume":2000,"label":" ","price":3.95},{"type":"B","date":"2018-04-12T03:22:59.000Z","volume":6000,"label":" ","price":3.94},{"type":"B","date":"2018-04-12T03:25:21.000Z","volume":5000,"label":"Y","price":3.93},{"type":"A","date":"2018-04-12T03:26:04.000Z","volume":1000,"label":" ","price":3.94},{"type":"A","date":"2018-04-12T03:27:00.000Z","volume":1000,"label":" ","price":3.94},{"type":"A","date":"2018-04-12T03:28:39.000Z","volume":2000,"label":" ","price":3.94},{"type":"A","date":"2018-04-12T03:28:54.000Z","volume":4000,"label":" ","price":3.94},{"type":"A","date":"2018-04-12T03:28:54.000Z","volume":2000,"label":" ","price":3.94},{"type":"A","date":"2018-04-12T03:29:01.000Z","volume":2000,"label":" ","price":3.94},{"type":"A","date":"2018-04-12T03:29:23.000Z","volume":1000,"label":" ","price":3.94},{"type":"A","date":"2018-04-12T03:29:24.000Z","volume":1000,"label":" ","price":3.94},{"type":"B","date":"2018-04-12T03:30:11.000Z","volume":60000,"label":" ","price":3.93},{"type":"A","date":"2018-04-12T03:30:11.000Z","volume":7000,"label":" ","price":3.94},{"type":"A","date":"2018-04-12T03:30:14.000Z","volume":1000,"label":" ","price":3.94},{"type":"A","date":"2018-04-12T03:30:34.000Z","volume":4000,"label":" ","price":3.94},{"type":"B","date":"2018-04-12T03:30:45.000Z","volume":33000,"label":" ","price":3.93},{"type":"A","date":"2018-04-12T03:30:45.000Z","volume":4000,"label":" ","price":3.93},{"type":"A","date":"2018-04-12T03:32:09.000Z","volume":10000,"label":" ","price":3.93},{"type":"A","date":"2018-04-12T03:33:07.000Z","volume":1000,"label":" ","price":3.93},{"type":"B","date":"2018-04-12T03:34:18.000Z","volume":30000,"label":" ","price":3.92},{"type":"A","date":"2018-04-12T03:34:22.000Z","volume":5000,"label":" ","price":3.93},{"type":"A","date":"2018-04-12T03:35:44.000Z","volume":1000,"label":" ","price":3.93},{"type":"A","date":"2018-04-12T03:35:48.000Z","volume":1000,"label":" ","price":3.93},{"type":"A","date":"2018-04-12T03:36:00.000Z","volume":2000,"label":" ","price":3.93},{"type":"A","date":"2018-04-12T03:36:15.000Z","volume":2000,"label":" ","price":3.93},{"type":"A","date":"2018-04-12T03:36:45.000Z","volume":1000,"label":" ","price":3.93},{"type":"A","date":"2018-04-12T03:37:29.000Z","volume":4000,"label":" ","price":3.93},{"type":"A","date":"2018-04-12T03:38:07.000Z","volume":10000,"label":" ","price":3.93},{"type":"A","date":"2018-04-12T03:38:10.000Z","volume":2000,"label":" ","price":3.93},{"type":"B","date":"2018-04-12T03:38:19.000Z","volume":174000,"label":" ","price":3.92},{"type":"B","date":"2018-04-12T03:38:19.000Z","volume":26000,"label":" ","price":3.92},{"type":"A","date":"2018-04-12T03:38:19.000Z","volume":2000,"label":" ","price":3.93},{"type":"A","date":"2018-04-12T03:38:21.000Z","volume":2000,"label":" ","price":3.93},{"type":"B","date":"2018-04-12T03:38:40.000Z","volume":2000,"label":" ","price":3.92},{"type":"A","date":"2018-04-12T03:40:23.000Z","volume":20000,"label":" ","price":3.93},{"type":"B","date":"2018-04-12T03:40:23.000Z","volume":60000,"label":" ","price":3.92},{"type":"A","date":"2018-04-12T03:40:23.000Z","volume":3000,"label":" ","price":3.92},{"type":"A","date":"2018-04-12T03:40:23.000Z","volume":37000,"label":" ","price":3.92},{"type":"A","date":"2018-04-12T03:40:24.000Z","volume":11000,"label":" ","price":3.93},{"type":"B","date":"2018-04-12T03:41:20.000Z","volume":5000,"label":" ","price":3.92},{"type":"A","date":"2018-04-12T03:43:30.000Z","volume":1000,"label":" ","price":3.93},{"type":"A","date":"2018-04-12T03:45:49.000Z","volume":1000,"label":" ","price":3.93},{"type":"A","date":"2018-04-12T03:46:00.000Z","volume":2000,"label":" ","price":3.93},{"type":"A","date":"2018-04-12T03:46:14.000Z","volume":4000,"label":" ","price":3.93},{"type":"A","date":"2018-04-12T03:46:17.000Z","volume":1000,"label":" ","price":3.93},{"type":"A","date":"2018-04-12T03:47:05.000Z","volume":1000,"label":" ","price":3.93},{"type":"A","date":"2018-04-12T03:48:05.000Z","volume":4000,"label":" ","price":3.93},{"type":"A","date":"2018-04-12T03:48:08.000Z","volume":2000,"label":" ","price":3.93},{"type":"A","date":"2018-04-12T03:48:40.000Z","volume":2000,"label":" ","price":3.93},{"type":"A","date":"2018-04-12T03:49:54.000Z","volume":4000,"label":" ","price":3.93},{"type":"A","date":"2018-04-12T03:50:30.000Z","volume":1000,"label":" ","price":3.93},{"type":"A","date":"2018-04-12T03:51:00.000Z","volume":1000,"label":" ","price":3.93},{"type":"A","date":"2018-04-12T03:51:20.000Z","volume":2000,"label":" ","price":3.93},{"type":"A","date":"2018-04-12T03:51:45.000Z","volume":4000,"label":" ","price":3.93},{"type":"A","date":"2018-04-12T03:53:35.000Z","volume":4000,"label":" ","price":3.93},{"type":"A","date":"2018-04-12T03:53:35.000Z","volume":2000,"label":" ","price":3.93},{"type":"A","date":"2018-04-12T03:53:55.000Z","volume":2000,"label":" ","price":3.93},{"type":"A","date":"2018-04-12T03:54:05.000Z","volume":1000,"label":" ","price":3.93},{"type":"A","date":"2018-04-12T03:54:05.000Z","volume":14000,"label":"Y","price":3.93},{"type":"A","date":"2018-04-12T03:54:05.000Z","volume":10000,"label":" ","price":3.93},{"type":"A","date":"2018-04-12T03:54:07.000Z","volume":3000,"label":" ","price":3.94},{"type":"A","date":"2018-04-12T03:55:15.000Z","volume":1000,"label":" ","price":3.94},{"type":"A","date":"2018-04-12T03:55:25.000Z","volume":4000,"label":" ","price":3.94},{"type":"B","date":"2018-04-12T03:55:41.000Z","volume":2000,"label":" ","price":3.93},{"type":"B","date":"2018-04-12T03:55:57.000Z","volume":12000,"label":" ","price":3.93},{"type":"A","date":"2018-04-12T03:55:57.000Z","volume":2000,"label":" ","price":3.93},{"type":"A","date":"2018-04-12T03:56:20.000Z","volume":1000,"label":" ","price":3.93},{"type":"A","date":"2018-04-12T03:56:30.000Z","volume":1000,"label":" ","price":3.93},{"type":"A","date":"2018-04-12T03:56:40.000Z","volume":2000,"label":" ","price":3.93},{"type":"A","date":"2018-04-12T03:57:30.000Z","volume":1000,"label":" ","price":3.93},{"type":"B","date":"2018-04-12T03:58:49.000Z","volume":50000,"label":" ","price":3.92},{"type":"A","date":"2018-04-12T03:58:49.000Z","volume":2000,"label":" ","price":3.93},{"type":"A","date":"2018-04-12T03:59:02.000Z","volume":3000,"label":" ","price":3.93},{"type":"A","date":"2018-04-12T05:01:11.000Z","volume":1000,"label":" ","price":3.93},{"type":"A","date":"2018-04-12T05:03:21.000Z","volume":2000,"label":" ","price":3.93},{"type":"A","date":"2018-04-12T05:03:31.000Z","volume":4000,"label":" ","price":3.93},{"type":"A","date":"2018-04-12T05:03:36.000Z","volume":1000,"label":" ","price":3.93},{"type":"A","date":"2018-04-12T05:04:00.000Z","volume":4000,"label":" ","price":3.93},{"type":"A","date":"2018-04-12T05:04:16.000Z","volume":2000,"label":" ","price":3.93},{"type":"A","date":"2018-04-12T05:04:54.000Z","volume":1000,"label":" ","price":3.93},{"type":"A","date":"2018-04-12T05:04:55.000Z","volume":2000,"label":" ","price":3.93},{"type":"A","date":"2018-04-12T05:04:56.000Z","volume":7000,"label":"Y","price":3.93},{"type":"A","date":"2018-04-12T05:05:22.000Z","volume":2000,"label":" ","price":3.93},{"type":"A","date":"2018-04-12T05:05:43.000Z","volume":3000,"label":" ","price":3.93},{"type":"A","date":"2018-04-12T05:05:44.000Z","volume":4000,"label":" ","price":3.93},{"type":"A","date":"2018-04-12T05:06:46.000Z","volume":2000,"label":" ","price":3.93},{"type":"A","date":"2018-04-12T05:06:50.000Z","volume":2000,"label":" ","price":3.93},{"type":"A","date":"2018-04-12T05:07:34.000Z","volume":4000,"label":" ","price":3.93},{"type":"A","date":"2018-04-12T05:08:17.000Z","volume":1000,"label":" ","price":3.93},{"type":"A","date":"2018-04-12T05:08:41.000Z","volume":17000,"label":" ","price":3.93},{"type":"A","date":"2018-04-12T05:08:42.000Z","volume":1000,"label":" ","price":3.94},{"type":"A","date":"2018-04-12T05:08:43.000Z","volume":2000,"label":" ","price":3.94},{"type":"A","date":"2018-04-12T05:09:17.000Z","volume":2000,"label":" ","price":3.94},{"type":"A","date":"2018-04-12T05:09:18.000Z","volume":4000,"label":" ","price":3.94},{"type":"A","date":"2018-04-12T05:09:48.000Z","volume":1000,"label":" ","price":3.94},{"type":"A","date":"2018-04-12T05:11:08.000Z","volume":4000,"label":" ","price":3.94},{"type":"A","date":"2018-04-12T05:11:43.000Z","volume":1000,"label":" ","price":3.94},{"type":"B","date":"2018-04-12T05:11:47.000Z","volume":4000,"label":"Y","price":3.93},{"type":"A","date":"2018-04-12T05:11:49.000Z","volume":2000,"label":" ","price":3.94},{"type":"A","date":"2018-04-12T05:11:58.000Z","volume":2000,"label":" ","price":3.94},{"type":"A","date":"2018-04-12T05:12:58.000Z","volume":4000,"label":" ","price":3.94},{"type":"A","date":"2018-04-12T05:13:48.000Z","volume":1000,"label":" ","price":3.94},{"type":"A","date":"2018-04-12T05:14:28.000Z","volume":2000,"label":" ","price":3.94},{"type":"A","date":"2018-04-12T05:14:43.000Z","volume":4000,"label":" ","price":3.94},{"type":"A","date":"2018-04-12T05:15:13.000Z","volume":1000,"label":" ","price":3.94},{"type":"A","date":"2018-04-12T05:15:52.000Z","volume":3000,"label":" ","price":3.94},{"type":"A","date":"2018-04-12T05:15:54.000Z","volume":2000,"label":" ","price":3.94},{"type":"A","date":"2018-04-12T05:16:33.000Z","volume":4000,"label":" ","price":3.94},{"type":"A","date":"2018-04-12T05:17:09.000Z","volume":2000,"label":" ","price":3.94},{"type":"A","date":"2018-04-12T05:18:23.000Z","volume":4000,"label":" ","price":3.94},{"type":"A","date":"2018-04-12T05:18:34.000Z","volume":1000,"label":" ","price":3.94},{"type":"A","date":"2018-04-12T05:18:38.000Z","volume":1000,"label":" ","price":3.94},{"type":"A","date":"2018-04-12T05:18:55.000Z","volume":1000,"label":" ","price":3.94},{"type":"A","date":"2018-04-12T05:18:59.000Z","volume":1000,"label":" ","price":3.94},{"type":"A","date":"2018-04-12T05:19:44.000Z","volume":2000,"label":" ","price":3.94},{"type":"A","date":"2018-04-12T05:19:46.000Z","volume":2000,"label":" ","price":3.94},{"type":"A","date":"2018-04-12T05:20:14.000Z","volume":4000,"label":" ","price":3.94},{"type":"A","date":"2018-04-12T05:22:04.000Z","volume":4000,"label":" ","price":3.94},{"type":"A","date":"2018-04-12T05:22:04.000Z","volume":1000,"label":" ","price":3.94},{"type":"A","date":"2018-04-12T05:22:24.000Z","volume":2000,"label":" ","price":3.94},{"type":"A","date":"2018-04-12T05:23:54.000Z","volume":4000,"label":" ","price":3.94},{"type":"A","date":"2018-04-12T05:24:04.000Z","volume":1000,"label":" ","price":3.94},{"type":"A","date":"2018-04-12T05:24:04.000Z","volume":1000,"label":" ","price":3.94},{"type":"A","date":"2018-04-12T05:24:54.000Z","volume":2000,"label":" ","price":3.94},{"type":"A","date":"2018-04-12T05:24:55.000Z","volume":1000,"label":" ","price":3.94},{"type":"A","date":"2018-04-12T05:24:58.000Z","volume":2000,"label":" ","price":3.94},{"type":"A","date":"2018-04-12T05:25:29.000Z","volume":1000,"label":" ","price":3.94},{"type":"A","date":"2018-04-12T05:25:39.000Z","volume":4000,"label":" ","price":3.94},{"type":"A","date":"2018-04-12T05:25:57.000Z","volume":3000,"label":" ","price":3.94},{"type":"B","date":"2018-04-12T05:26:10.000Z","volume":1000,"label":"Y","price":3.93},{"type":"A","date":"2018-04-12T05:27:19.000Z","volume":1000,"label":" ","price":3.94},{"type":"A","date":"2018-04-12T05:27:29.000Z","volume":4000,"label":" ","price":3.94},{"type":"A","date":"2018-04-12T05:27:29.000Z","volume":2000,"label":" ","price":3.94},{"type":"A","date":"2018-04-12T05:27:30.000Z","volume":2000,"label":" ","price":3.94},{"type":"A","date":"2018-04-12T05:28:54.000Z","volume":1000,"label":" ","price":3.94},{"type":"A","date":"2018-04-12T05:29:09.000Z","volume":1000,"label":" ","price":3.94},{"type":"A","date":"2018-04-12T05:29:19.000Z","volume":4000,"label":" ","price":3.94},{"type":"A","date":"2018-04-12T05:30:09.000Z","volume":2000,"label":" ","price":3.94},{"type":"A","date":"2018-04-12T05:31:04.000Z","volume":4000,"label":" ","price":3.94},{"type":"A","date":"2018-04-12T05:32:14.000Z","volume":1000,"label":" ","price":3.94},{"type":"A","date":"2018-04-12T05:32:26.000Z","volume":1000,"label":" ","price":3.94},{"type":"A","date":"2018-04-12T05:32:39.000Z","volume":2000,"label":" ","price":3.94},{"type":"A","date":"2018-04-12T05:32:54.000Z","volume":4000,"label":" ","price":3.94},{"type":"A","date":"2018-04-12T05:32:55.000Z","volume":2000,"label":" ","price":3.94},{"type":"B","date":"2018-04-12T05:32:59.000Z","volume":7000,"label":" ","price":3.93},{"type":"A","date":"2018-04-12T05:34:07.000Z","volume":1000,"label":" ","price":3.94},{"type":"A","date":"2018-04-12T05:34:34.000Z","volume":10000,"label":" ","price":3.94},{"type":"A","date":"2018-04-12T05:34:35.000Z","volume":4000,"label":" ","price":3.94},{"type":"A","date":"2018-04-12T05:34:35.000Z","volume":2000,"label":" ","price":3.94},{"type":"A","date":"2018-04-12T05:35:09.000Z","volume":2000,"label":" ","price":3.94},{"type":"A","date":"2018-04-12T05:35:29.000Z","volume":1000,"label":" ","price":3.94},{"type":"A","date":"2018-04-12T05:35:32.000Z","volume":3000,"label":" ","price":3.94},{"type":"A","date":"2018-04-12T05:35:39.000Z","volume":1000,"label":" ","price":3.94},{"type":"A","date":"2018-04-12T05:36:24.000Z","volume":4000,"label":" ","price":3.94},{"type":"A","date":"2018-04-12T05:36:38.000Z","volume":1000,"label":" ","price":3.94},{"type":"A","date":"2018-04-12T05:36:39.000Z","volume":2000,"label":" ","price":3.94},{"type":"A","date":"2018-04-12T05:37:30.000Z","volume":10000,"label":" ","price":3.94},{"type":"B","date":"2018-04-12T05:38:09.000Z","volume":5000,"label":"Y","price":3.93},{"type":"B","date":"2018-04-12T05:38:09.000Z","volume":8000,"label":" ","price":3.93},{"type":"A","date":"2018-04-12T05:40:26.000Z","volume":1000,"label":"Y","price":3.94},{"type":"A","date":"2018-04-12T05:41:23.000Z","volume":1000,"label":"Y","price":3.94},{"type":"A","date":"2018-04-12T05:41:56.000Z","volume":1000,"label":"Y","price":3.94},{"type":"B","date":"2018-04-12T05:42:52.000Z","volume":3000,"label":" ","price":3.93},{"type":"B","date":"2018-04-12T05:43:30.000Z","volume":4000,"label":"Y","price":3.93},{"type":"A","date":"2018-04-12T05:43:58.000Z","volume":3000,"label":" ","price":3.94},{"type":"B","date":"2018-04-12T05:45:45.000Z","volume":2000,"label":" ","price":3.93},{"type":"A","date":"2018-04-12T05:45:49.000Z","volume":2000,"label":" ","price":3.94},{"type":"A","date":"2018-04-12T05:46:07.000Z","volume":3000,"label":" ","price":3.94},{"type":"A","date":"2018-04-12T05:53:10.000Z","volume":3000,"label":" ","price":3.94},{"type":"B","date":"2018-04-12T05:55:17.000Z","volume":1000,"label":" ","price":3.93},{"type":"B","date":"2018-04-12T05:55:47.000Z","volume":6000,"label":" ","price":3.93},{"type":"A","date":"2018-04-12T05:55:50.000Z","volume":1000,"label":" ","price":3.94},{"type":"B","date":"2018-04-12T06:01:18.000Z","volume":313000,"label":" ","price":3.93},{"type":"A","date":"2018-04-12T06:01:21.000Z","volume":1000,"label":" ","price":3.94},{"type":"B","date":"2018-04-12T06:01:35.000Z","volume":4000,"label":" ","price":3.93},{"type":"A","date":"2018-04-12T06:01:35.000Z","volume":1000,"label":" ","price":3.94},{"type":"B","date":"2018-04-12T06:01:57.000Z","volume":1000,"label":" ","price":3.92},{"type":"B","date":"2018-04-12T06:02:26.000Z","volume":50000,"label":" ","price":3.92},{"type":"B","date":"2018-04-12T06:07:04.000Z","volume":29000,"label":" ","price":3.92},{"type":"B","date":"2018-04-12T06:08:48.000Z","volume":2000,"label":"Y","price":3.92},{"type":"B","date":"2018-04-12T06:08:48.000Z","volume":44000,"label":" ","price":3.92},{"type":"B","date":"2018-04-12T06:09:16.000Z","volume":2000,"label":" ","price":3.91},{"type":"A","date":"2018-04-12T06:13:24.000Z","volume":2000,"label":" ","price":3.92},{"type":"B","date":"2018-04-12T06:13:35.000Z","volume":25000,"label":" ","price":3.91},{"type":"B","date":"2018-04-12T06:15:24.000Z","volume":1000,"label":" ","price":3.91},{"type":"A","date":"2018-04-12T06:16:15.000Z","volume":2000,"label":" ","price":3.92},{"type":"A","date":"2018-04-12T06:16:43.000Z","volume":10000,"label":"Y","price":3.92},{"type":"A","date":"2018-04-12T06:19:15.000Z","volume":2000,"label":" ","price":3.92},{"type":"A","date":"2018-04-12T06:19:44.000Z","volume":3000,"label":" ","price":3.92},{"type":"A","date":"2018-04-12T06:19:47.000Z","volume":6000,"label":" ","price":3.92},{"type":"B","date":"2018-04-12T06:20:17.000Z","volume":2000,"label":" ","price":3.91},{"type":"B","date":"2018-04-12T06:20:18.000Z","volume":1000,"label":" ","price":3.91},{"type":"B","date":"2018-04-12T06:21:50.000Z","volume":3000,"label":" ","price":3.91},{"type":"A","date":"2018-04-12T06:22:06.000Z","volume":2000,"label":" ","price":3.92},{"type":"A","date":"2018-04-12T06:24:17.000Z","volume":1000,"label":"Y","price":3.92},{"type":"A","date":"2018-04-12T06:25:07.000Z","volume":2000,"label":" ","price":3.92},{"type":"B","date":"2018-04-12T06:26:17.000Z","volume":2000,"label":" ","price":3.91},{"type":"A","date":"2018-04-12T06:27:57.000Z","volume":2000,"label":" ","price":3.92},{"type":"A","date":"2018-04-12T06:28:24.000Z","volume":3000,"label":" ","price":3.92},{"type":"A","date":"2018-04-12T06:28:38.000Z","volume":1000,"label":" ","price":3.92},{"type":"B","date":"2018-04-12T06:29:05.000Z","volume":45000,"label":"Y","price":3.91},{"type":"B","date":"2018-04-12T06:29:05.000Z","volume":55000,"label":" ","price":3.91},{"type":"A","date":"2018-04-12T06:29:05.000Z","volume":10000,"label":" ","price":3.92},{"type":"B","date":"2018-04-12T06:30:18.000Z","volume":1000,"label":" ","price":3.91},{"type":"B","date":"2018-04-12T06:30:44.000Z","volume":1000,"label":"Y","price":3.91},{"type":"B","date":"2018-04-12T06:30:44.000Z","volume":22000,"label":" ","price":3.91},{"type":"B","date":"2018-04-12T06:31:09.000Z","volume":2000,"label":" ","price":3.91},{"type":"B","date":"2018-04-12T06:31:18.000Z","volume":2000,"label":" ","price":3.91},{"type":"A","date":"2018-04-12T06:32:19.000Z","volume":2000,"label":" ","price":3.92},{"type":"B","date":"2018-04-12T06:33:07.000Z","volume":3000,"label":" ","price":3.91},{"type":"B","date":"2018-04-12T06:33:41.000Z","volume":1000,"label":" ","price":3.91},{"type":"B","date":"2018-04-12T06:34:18.000Z","volume":4000,"label":" ","price":3.91},{"type":"A","date":"2018-04-12T06:35:20.000Z","volume":2000,"label":" ","price":3.92},{"type":"A","date":"2018-04-12T06:38:10.000Z","volume":1000,"label":" ","price":3.92},{"type":"A","date":"2018-04-12T06:38:30.000Z","volume":2000,"label":" ","price":3.92},{"type":"A","date":"2018-04-12T06:38:58.000Z","volume":1000,"label":" ","price":3.92},{"type":"A","date":"2018-04-12T06:41:41.000Z","volume":2000,"label":" ","price":3.92},{"type":"A","date":"2018-04-12T06:41:59.000Z","volume":3000,"label":" ","price":3.92},{"type":"A","date":"2018-04-12T06:44:41.000Z","volume":2000,"label":" ","price":3.92},{"type":"B","date":"2018-04-12T06:45:24.000Z","volume":1000,"label":" ","price":3.91},{"type":"A","date":"2018-04-12T06:45:28.000Z","volume":1000,"label":" ","price":3.92},{"type":"A","date":"2018-04-12T06:47:52.000Z","volume":2000,"label":" ","price":3.92},{"type":"B","date":"2018-04-12T06:47:58.000Z","volume":14000,"label":"Y","price":3.91},{"type":"B","date":"2018-04-12T06:48:26.000Z","volume":1000,"label":"Y","price":3.91},{"type":"B","date":"2018-04-12T06:48:26.000Z","volume":41000,"label":" ","price":3.91},{"type":"A","date":"2018-04-12T06:48:26.000Z","volume":4000,"label":" ","price":3.92},{"type":"B","date":"2018-04-12T06:48:37.000Z","volume":17000,"label":" ","price":3.91},{"type":"B","date":"2018-04-12T06:49:29.000Z","volume":2000,"label":" ","price":3.91},{"type":"A","date":"2018-04-12T06:49:56.000Z","volume":1000,"label":" ","price":3.92},{"type":"A","date":"2018-04-12T06:52:32.000Z","volume":2000,"label":" ","price":3.91},{"type":"A","date":"2018-04-12T06:52:37.000Z","volume":3000,"label":" ","price":3.91},{"type":"A","date":"2018-04-12T06:53:20.000Z","volume":2000,"label":" ","price":3.91},{"type":"B","date":"2018-04-12T06:53:35.000Z","volume":5000,"label":"Y","price":3.9},{"type":"B","date":"2018-04-12T06:53:35.000Z","volume":23000,"label":" ","price":3.9},{"type":"A","date":"2018-04-12T06:53:38.000Z","volume":3000,"label":" ","price":3.91},{"type":"B","date":"2018-04-12T06:55:12.000Z","volume":10000,"label":" ","price":3.9},{"type":"B","date":"2018-04-12T06:55:18.000Z","volume":1000,"label":" ","price":3.9},{"type":"A","date":"2018-04-12T06:55:33.000Z","volume":2000,"label":" ","price":3.91},{"type":"A","date":"2018-04-12T06:58:01.000Z","volume":3000,"label":"Y","price":3.91},{"type":"A","date":"2018-04-12T06:58:02.000Z","volume":2000,"label":" ","price":3.91},{"type":"A","date":"2018-04-12T06:58:15.000Z","volume":10000,"label":" ","price":3.91},{"type":"A","date":"2018-04-12T06:58:23.000Z","volume":2000,"label":" ","price":3.91},{"type":"A","date":"2018-04-12T06:59:32.000Z","volume":10000,"label":" ","price":3.91},{"type":"A","date":"2018-04-12T06:59:34.000Z","volume":2000,"label":" ","price":3.91},{"type":"A","date":"2018-04-12T07:00:40.000Z","volume":10000,"label":" ","price":3.91},{"type":"A","date":"2018-04-12T07:01:14.000Z","volume":2000,"label":" ","price":3.91},{"type":"A","date":"2018-04-12T07:01:15.000Z","volume":2000,"label":" ","price":3.91},{"type":"A","date":"2018-04-12T07:01:38.000Z","volume":11000,"label":" ","price":3.91},{"type":"A","date":"2018-04-12T07:01:40.000Z","volume":81000,"label":" ","price":3.91},{"type":"A","date":"2018-04-12T07:01:41.000Z","volume":10000,"label":" ","price":3.92},{"type":"B","date":"2018-04-12T07:02:01.000Z","volume":1000,"label":" ","price":3.91},{"type":"B","date":"2018-04-12T07:02:05.000Z","volume":1000,"label":" ","price":3.91},{"type":"B","date":"2018-04-12T07:02:05.000Z","volume":2000,"label":"Y","price":3.91},{"type":"U","date":"2018-04-12T07:02:11.000Z","volume":3000,"label":"X","price":3.915},{"type":"U","date":"2018-04-12T07:02:11.000Z","volume":1000,"label":"X","price":3.915},{"type":"U","date":"2018-04-12T07:02:11.000Z","volume":1000,"label":"X","price":3.91},{"type":"B","date":"2018-04-12T07:02:21.000Z","volume":3000,"label":" ","price":3.91},{"type":"B","date":"2018-04-12T07:02:39.000Z","volume":18000,"label":" ","price":3.9},{"type":"A","date":"2018-04-12T07:02:40.000Z","volume":3000,"label":" ","price":3.92},{"type":"A","date":"2018-04-12T07:03:56.000Z","volume":2000,"label":" ","price":3.92},{"type":"A","date":"2018-04-12T07:06:36.000Z","volume":2000,"label":" ","price":3.92},{"type":"B","date":"2018-04-12T07:06:54.000Z","volume":9000,"label":" ","price":3.9},{"type":"A","date":"2018-04-12T07:06:56.000Z","volume":1000,"label":" ","price":3.91},{"type":"A","date":"2018-04-12T07:07:29.000Z","volume":1000,"label":" ","price":3.91},{"type":"A","date":"2018-04-12T07:08:13.000Z","volume":2000,"label":"Y","price":3.91},{"type":"A","date":"2018-04-12T07:08:13.000Z","volume":1000,"label":" ","price":3.91},{"type":"A","date":"2018-04-12T07:08:16.000Z","volume":2000,"label":" ","price":3.91},{"type":"A","date":"2018-04-12T07:08:59.000Z","volume":1000,"label":" ","price":3.91},{"type":"A","date":"2018-04-12T07:09:07.000Z","volume":2000,"label":" ","price":3.91},{"type":"A","date":"2018-04-12T07:09:49.000Z","volume":5000,"label":" ","price":3.91},{"type":"B","date":"2018-04-12T07:10:21.000Z","volume":1000,"label":" ","price":3.9},{"type":"A","date":"2018-04-12T07:11:37.000Z","volume":2000,"label":" ","price":3.91},{"type":"A","date":"2018-04-12T07:14:08.000Z","volume":2000,"label":" ","price":3.91},{"type":"A","date":"2018-04-12T07:14:59.000Z","volume":1000,"label":" ","price":3.91},{"type":"A","date":"2018-04-12T07:15:28.000Z","volume":3000,"label":" ","price":3.91},{"type":"A","date":"2018-04-12T07:16:39.000Z","volume":2000,"label":" ","price":3.91},{"type":"A","date":"2018-04-12T07:16:44.000Z","volume":2000,"label":" ","price":3.91},{"type":"A","date":"2018-04-12T07:19:01.000Z","volume":2000,"label":" ","price":3.91},{"type":"A","date":"2018-04-12T07:19:13.000Z","volume":13000,"label":" ","price":3.91},{"type":"A","date":"2018-04-12T07:19:46.000Z","volume":1000,"label":" ","price":3.91},{"type":"B","date":"2018-04-12T07:20:21.000Z","volume":1000,"label":" ","price":3.9},{"type":"A","date":"2018-04-12T07:20:21.000Z","volume":2000,"label":" ","price":3.91},{"type":"A","date":"2018-04-12T07:20:29.000Z","volume":1000,"label":"Y","price":3.91},{"type":"A","date":"2018-04-12T07:21:22.000Z","volume":2000,"label":" ","price":3.91},{"type":"A","date":"2018-04-12T07:22:36.000Z","volume":3000,"label":" ","price":3.91},{"type":"A","date":"2018-04-12T07:23:52.000Z","volume":2000,"label":" ","price":3.91},{"type":"A","date":"2018-04-12T07:24:17.000Z","volume":10000,"label":" ","price":3.91},{"type":"A","date":"2018-04-12T07:24:21.000Z","volume":2000,"label":" ","price":3.91},{"type":"A","date":"2018-04-12T07:25:30.000Z","volume":1000,"label":" ","price":3.91},{"type":"A","date":"2018-04-12T07:26:13.000Z","volume":2000,"label":" ","price":3.91},{"type":"A","date":"2018-04-12T07:26:59.000Z","volume":29000,"label":" ","price":3.91},{"type":"A","date":"2018-04-12T07:26:59.000Z","volume":1000,"label":"Y","price":3.91},{"type":"A","date":"2018-04-12T07:26:59.000Z","volume":20000,"label":" ","price":3.91},{"type":"A","date":"2018-04-12T07:27:00.000Z","volume":5000,"label":" ","price":3.92},{"type":"A","date":"2018-04-12T07:28:43.000Z","volume":2000,"label":" ","price":3.92},{"type":"A","date":"2018-04-12T07:29:09.000Z","volume":1000,"label":" ","price":3.92},{"type":"A","date":"2018-04-12T07:29:29.000Z","volume":3000,"label":" ","price":3.92},{"type":"B","date":"2018-04-12T07:30:21.000Z","volume":2000,"label":" ","price":3.91},{"type":"B","date":"2018-04-12T07:30:21.000Z","volume":1000,"label":" ","price":3.91},{"type":"A","date":"2018-04-12T07:31:13.000Z","volume":2000,"label":" ","price":3.92},{"type":"A","date":"2018-04-12T07:31:14.000Z","volume":2000,"label":" ","price":3.92},{"type":"A","date":"2018-04-12T07:33:34.000Z","volume":2000,"label":" ","price":3.92},{"type":"A","date":"2018-04-12T07:35:10.000Z","volume":3000,"label":" ","price":3.92},{"type":"B","date":"2018-04-12T07:35:22.000Z","volume":2000,"label":" ","price":3.91},{"type":"A","date":"2018-04-12T07:35:24.000Z","volume":4000,"label":" ","price":3.92},{"type":"A","date":"2018-04-12T07:36:14.000Z","volume":1000,"label":" ","price":3.92},{"type":"A","date":"2018-04-12T07:37:34.000Z","volume":1000,"label":" ","price":3.92},{"type":"A","date":"2018-04-12T07:38:44.000Z","volume":1000,"label":" ","price":3.92},{"type":"B","date":"2018-04-12T07:39:22.000Z","volume":2000,"label":"Y","price":3.91},{"type":"A","date":"2018-04-12T07:39:55.000Z","volume":1000,"label":" ","price":3.92},{"type":"A","date":"2018-04-12T07:39:55.000Z","volume":2000,"label":" ","price":3.92},{"type":"B","date":"2018-04-12T07:40:18.000Z","volume":1000,"label":" ","price":3.91},{"type":"A","date":"2018-04-12T07:40:21.000Z","volume":1000,"label":" ","price":3.92},{"type":"A","date":"2018-04-12T07:41:03.000Z","volume":3000,"label":" ","price":3.92},{"type":"A","date":"2018-04-12T07:41:05.000Z","volume":1000,"label":" ","price":3.92},{"type":"A","date":"2018-04-12T07:42:15.000Z","volume":1000,"label":" ","price":3.92},{"type":"A","date":"2018-04-12T07:42:15.000Z","volume":35000,"label":" ","price":3.92},{"type":"A","date":"2018-04-12T07:42:18.000Z","volume":4000,"label":" ","price":3.92},{"type":"A","date":"2018-04-12T07:42:30.000Z","volume":1000,"label":" ","price":3.92},{"type":"A","date":"2018-04-12T07:43:15.000Z","volume":1000,"label":" ","price":3.92},{"type":"A","date":"2018-04-12T07:43:27.000Z","volume":1000,"label":" ","price":3.92},{"type":"A","date":"2018-04-12T07:43:29.000Z","volume":5000,"label":" ","price":3.92},{"type":"A","date":"2018-04-12T07:43:30.000Z","volume":1000,"label":" ","price":3.92},{"type":"A","date":"2018-04-12T07:44:25.000Z","volume":1000,"label":" ","price":3.92},{"type":"A","date":"2018-04-12T07:44:41.000Z","volume":2000,"label":"Y","price":3.92},{"type":"A","date":"2018-04-12T07:44:41.000Z","volume":1000,"label":" ","price":3.92},{"type":"A","date":"2018-04-12T07:44:45.000Z","volume":2000,"label":" ","price":3.92},{"type":"A","date":"2018-04-12T07:44:45.000Z","volume":2000,"label":" ","price":3.92},{"type":"B","date":"2018-04-12T07:45:25.000Z","volume":1000,"label":" ","price":3.91},{"type":"A","date":"2018-04-12T07:46:06.000Z","volume":3000,"label":" ","price":3.92},{"type":"A","date":"2018-04-12T07:46:27.000Z","volume":1000,"label":" ","price":3.92},{"type":"A","date":"2018-04-12T07:46:37.000Z","volume":3000,"label":" ","price":3.92},{"type":"A","date":"2018-04-12T07:46:41.000Z","volume":1000,"label":" ","price":3.92},{"type":"A","date":"2018-04-12T07:47:28.000Z","volume":1000,"label":" ","price":3.92},{"type":"A","date":"2018-04-12T07:48:18.000Z","volume":1000,"label":" ","price":3.92},{"type":"A","date":"2018-04-12T07:48:35.000Z","volume":1000,"label":" ","price":3.92},{"type":"A","date":"2018-04-12T07:48:48.000Z","volume":31000,"label":" ","price":3.92},{"type":"A","date":"2018-04-12T07:48:48.000Z","volume":4000,"label":" ","price":3.92},{"type":"A","date":"2018-04-12T07:49:18.000Z","volume":1000,"label":" ","price":3.92},{"type":"A","date":"2018-04-12T07:50:08.000Z","volume":1000,"label":" ","price":3.92},{"type":"A","date":"2018-04-12T07:50:39.000Z","volume":3000,"label":" ","price":3.92},{"type":"A","date":"2018-04-12T07:50:40.000Z","volume":2000,"label":" ","price":3.92},{"type":"A","date":"2018-04-12T07:50:58.000Z","volume":1000,"label":" ","price":3.92},{"type":"A","date":"2018-04-12T07:51:48.000Z","volume":1000,"label":" ","price":3.92},{"type":"A","date":"2018-04-12T07:51:52.000Z","volume":1000,"label":" ","price":3.92},{"type":"A","date":"2018-04-12T07:52:12.000Z","volume":58000,"label":" ","price":3.92},{"type":"B","date":"2018-04-12T07:52:12.000Z","volume":1000,"label":" ","price":3.92},{"type":"A","date":"2018-04-12T07:52:12.000Z","volume":6000,"label":" ","price":3.93},{"type":"B","date":"2018-04-12T07:52:13.000Z","volume":1000,"label":" ","price":3.92},{"type":"A","date":"2018-04-12T07:52:39.000Z","volume":1000,"label":" ","price":3.93},{"type":"A","date":"2018-04-12T07:53:19.000Z","volume":1000,"label":" ","price":3.93},{"type":"A","date":"2018-04-12T07:54:09.000Z","volume":1000,"label":" ","price":3.93},{"type":"A","date":"2018-04-12T07:54:43.000Z","volume":3000,"label":" ","price":3.93},{"type":"A","date":"2018-04-12T07:54:49.000Z","volume":1000,"label":" ","price":3.93},{"type":"B","date":"2018-04-12T07:54:51.000Z","volume":3000,"label":" ","price":3.92},{"type":"A","date":"2018-04-12T07:54:51.000Z","volume":1000,"label":" ","price":3.93},{"type":"A","date":"2018-04-12T07:54:51.000Z","volume":1000,"label":" ","price":3.93},{"type":"A","date":"2018-04-12T07:55:39.000Z","volume":1000,"label":" ","price":3.93},{"type":"A","date":"2018-04-12T07:55:41.000Z","volume":1000,"label":" ","price":3.93},{"type":"A","date":"2018-04-12T07:56:00.000Z","volume":1000,"label":" ","price":3.93},{"type":"A","date":"2018-04-12T07:56:19.000Z","volume":1000,"label":" ","price":3.93},{"type":"A","date":"2018-04-12T07:57:00.000Z","volume":1000,"label":" ","price":3.93},{"type":"A","date":"2018-04-12T07:57:30.000Z","volume":1000,"label":" ","price":3.93},{"type":"A","date":"2018-04-12T07:57:41.000Z","volume":1000,"label":" ","price":3.93},{"type":"B","date":"2018-04-12T07:58:00.000Z","volume":1000,"label":" ","price":3.92},{"type":"A","date":"2018-04-12T07:58:11.000Z","volume":3000,"label":" ","price":3.93},{"type":"B","date":"2018-04-12T07:58:12.000Z","volume":1000,"label":" ","price":3.92},{"type":"A","date":"2018-04-12T07:58:14.000Z","volume":1000,"label":" ","price":3.93},{"type":"A","date":"2018-04-12T07:58:23.000Z","volume":1000,"label":" ","price":3.93},{"type":"A","date":"2018-04-12T07:58:30.000Z","volume":1000,"label":" ","price":3.93},{"type":"A","date":"2018-04-12T07:58:54.000Z","volume":1000,"label":" ","price":3.93},{"type":"A","date":"2018-04-12T07:58:55.000Z","volume":1000,"label":" ","price":3.93},{"type":"A","date":"2018-04-12T07:59:01.000Z","volume":1000,"label":" ","price":3.93},{"type":"A","date":"2018-04-12T07:59:27.000Z","volume":9000,"label":" ","price":3.93},{"type":"A","date":"2018-04-12T07:59:27.000Z","volume":1000,"label":" ","price":3.93},{"type":"B","date":"2018-04-12T07:59:28.000Z","volume":1000,"label":"Y","price":3.92},{"type":"B","date":"2018-04-12T07:59:28.000Z","volume":1000,"label":" ","price":3.92},{"type":"B","date":"2018-04-12T07:59:28.000Z","volume":4000,"label":" ","price":3.92},{"type":"A","date":"2018-04-12T07:59:29.000Z","volume":1000,"label":" ","price":3.93},{"type":"A","date":"2018-04-12T07:59:30.000Z","volume":1000,"label":" ","price":3.93},{"type":"A","date":"2018-04-12T07:59:33.000Z","volume":2000,"label":" ","price":3.93},{"type":"A","date":"2018-04-12T07:59:37.000Z","volume":4000,"label":" ","price":3.93},{"type":"B","date":"2018-04-12T07:59:37.000Z","volume":1000,"label":" ","price":3.92},{"type":"A","date":"2018-04-12T07:59:37.000Z","volume":1000,"label":" ","price":3.93},{"type":"A","date":"2018-04-12T07:59:50.000Z","volume":1000,"label":" ","price":3.93},{"type":"U","date":"2018-04-12T08:08:38.000Z","volume":199000,"label":"U","price":3.91}]