[{"type":"B","date":"2018-03-20T01:31:22.000Z","volume":40000,"label":" ","price":1.26},{"type":"B","date":"2018-03-20T01:31:22.000Z","volume":4000,"label":" ","price":1.25},{"type":"B","date":"2018-03-20T01:31:39.000Z","volume":8000,"label":" ","price":1.26},{"type":"B","date":"2018-03-20T01:31:41.000Z","volume":2000,"label":" ","price":1.26},{"type":"B","date":"2018-03-20T01:31:42.000Z","volume":38000,"label":" ","price":1.26},{"type":"A","date":"2018-03-20T01:34:45.000Z","volume":18000,"label":" ","price":1.26},{"type":"B","date":"2018-03-20T01:37:33.000Z","volume":62000,"label":" ","price":1.25},{"type":"B","date":"2018-03-20T01:37:33.000Z","volume":6000,"label":" ","price":1.25},{"type":"B","date":"2018-03-20T01:39:16.000Z","volume":130000,"label":" ","price":1.25},{"type":"B","date":"2018-03-20T01:40:35.000Z","volume":80000,"label":" ","price":1.24},{"type":"A","date":"2018-03-20T01:42:56.000Z","volume":10000,"label":" ","price":1.25},{"type":"A","date":"2018-03-20T01:43:20.000Z","volume":4000,"label":" ","price":1.26},{"type":"A","date":"2018-03-20T01:43:31.000Z","volume":4000,"label":" ","price":1.26},{"type":"A","date":"2018-03-20T01:54:32.000Z","volume":60000,"label":" ","price":1.25},{"type":"B","date":"2018-03-20T01:54:34.000Z","volume":4000,"label":" ","price":1.24},{"type":"A","date":"2018-03-20T01:54:42.000Z","volume":80000,"label":" ","price":1.25},{"type":"A","date":"2018-03-20T01:54:42.000Z","volume":300000,"label":" ","price":1.25},{"type":"A","date":"2018-03-20T01:55:04.000Z","volume":44000,"label":" ","price":1.25},{"type":"B","date":"2018-03-20T01:55:05.000Z","volume":6000,"label":" ","price":1.24},{"type":"A","date":"2018-03-20T01:57:52.000Z","volume":90000,"label":" ","price":1.25},{"type":"B","date":"2018-03-20T01:57:53.000Z","volume":16000,"label":" ","price":1.24},{"type":"B","date":"2018-03-20T01:59:58.000Z","volume":12000,"label":" ","price":1.24},{"type":"A","date":"2018-03-20T02:03:38.000Z","volume":10000,"label":" ","price":1.25},{"type":"A","date":"2018-03-20T02:04:14.000Z","volume":100000,"label":" ","price":1.25},{"type":"B","date":"2018-03-20T02:04:14.000Z","volume":10000,"label":" ","price":1.24},{"type":"A","date":"2018-03-20T02:04:40.000Z","volume":20000,"label":" ","price":1.25},{"type":"A","date":"2018-03-20T02:18:56.000Z","volume":2000,"label":" ","price":1.26},{"type":"B","date":"2018-03-20T02:22:22.000Z","volume":60000,"label":" ","price":1.25},{"type":"A","date":"2018-03-20T02:22:22.000Z","volume":16000,"label":" ","price":1.25},{"type":"A","date":"2018-03-20T02:22:22.000Z","volume":2000,"label":" ","price":1.25},{"type":"B","date":"2018-03-20T02:22:22.000Z","volume":8000,"label":" ","price":1.25},{"type":"B","date":"2018-03-20T02:34:58.000Z","volume":40000,"label":" ","price":1.25},{"type":"B","date":"2018-03-20T02:36:07.000Z","volume":40000,"label":" ","price":1.25},{"type":"B","date":"2018-03-20T02:44:27.000Z","volume":20000,"label":" ","price":1.25},{"type":"B","date":"2018-03-20T02:44:27.000Z","volume":2000,"label":" ","price":1.25},{"type":"B","date":"2018-03-20T02:58:38.000Z","volume":50000,"label":" ","price":1.25},{"type":"B","date":"2018-03-20T03:05:42.000Z","volume":96000,"label":" ","price":1.25},{"type":"B","date":"2018-03-20T03:14:06.000Z","volume":32000,"label":" ","price":1.25},{"type":"A","date":"2018-03-20T03:14:06.000Z","volume":4000,"label":" ","price":1.25},{"type":"A","date":"2018-03-20T03:14:06.000Z","volume":4000,"label":" ","price":1.25},{"type":"A","date":"2018-03-20T03:41:22.000Z","volume":2000,"label":" ","price":1.26},{"type":"A","date":"2018-03-20T03:41:27.000Z","volume":2000,"label":" ","price":1.26},{"type":"A","date":"2018-03-20T03:48:13.000Z","volume":100000,"label":" ","price":1.26},{"type":"A","date":"2018-03-20T03:55:54.000Z","volume":8000,"label":" ","price":1.26},{"type":"A","date":"2018-03-20T05:00:53.000Z","volume":80000,"label":" ","price":1.26},{"type":"A","date":"2018-03-20T05:02:23.000Z","volume":240000,"label":" ","price":1.26},{"type":"A","date":"2018-03-20T05:02:23.000Z","volume":68000,"label":" ","price":1.26},{"type":"A","date":"2018-03-20T05:02:41.000Z","volume":2000,"label":" ","price":1.27},{"type":"A","date":"2018-03-20T05:03:20.000Z","volume":170000,"label":" ","price":1.27},{"type":"A","date":"2018-03-20T05:05:02.000Z","volume":10000,"label":" ","price":1.27},{"type":"B","date":"2018-03-20T05:12:35.000Z","volume":4000,"label":" ","price":1.25},{"type":"A","date":"2018-03-20T05:16:25.000Z","volume":12000,"label":" ","price":1.27},{"type":"A","date":"2018-03-20T05:27:55.000Z","volume":20000,"label":" ","price":1.27},{"type":"B","date":"2018-03-20T05:33:03.000Z","volume":16000,"label":" ","price":1.26},{"type":"B","date":"2018-03-20T05:33:18.000Z","volume":150000,"label":" ","price":1.26},{"type":"A","date":"2018-03-20T05:58:56.000Z","volume":2000,"label":" ","price":1.27},{"type":"A","date":"2018-03-20T06:06:32.000Z","volume":40000,"label":" ","price":1.27},{"type":"A","date":"2018-03-20T06:15:43.000Z","volume":50000,"label":" ","price":1.27},{"type":"A","date":"2018-03-20T06:24:22.000Z","volume":4000,"label":" ","price":1.27},{"type":"A","date":"2018-03-20T06:41:27.000Z","volume":4000,"label":" ","price":1.27},{"type":"B","date":"2018-03-20T06:53:05.000Z","volume":10000,"label":" ","price":1.26},{"type":"A","date":"2018-03-20T07:04:05.000Z","volume":4000,"label":" ","price":1.27},{"type":"A","date":"2018-03-20T07:13:02.000Z","volume":10000,"label":" ","price":1.27},{"type":"A","date":"2018-03-20T07:31:29.000Z","volume":12000,"label":" ","price":1.27},{"type":"B","date":"2018-03-20T07:35:51.000Z","volume":2000,"label":" ","price":1.26},{"type":"A","date":"2018-03-20T07:47:53.000Z","volume":100000,"label":" ","price":1.27},{"type":"A","date":"2018-03-20T07:58:17.000Z","volume":10000,"label":" ","price":1.27},{"type":"B","date":"2018-03-20T07:59:09.000Z","volume":2000,"label":" ","price":1.26}]