[{"type":"A","date":"2018-04-13T01:34:27.000Z","volume":80000,"label":" ","price":0.52},{"type":"A","date":"2018-04-13T01:34:27.000Z","volume":2000,"label":" ","price":0.52},{"type":"A","date":"2018-04-13T01:34:32.000Z","volume":60000,"label":" ","price":0.52},{"type":"A","date":"2018-04-13T01:34:32.000Z","volume":2000,"label":" ","price":0.52},{"type":"A","date":"2018-04-13T01:34:40.000Z","volume":100000,"label":" ","price":0.52},{"type":"A","date":"2018-04-13T01:34:40.000Z","volume":2000,"label":" ","price":0.52},{"type":"A","date":"2018-04-13T01:34:49.000Z","volume":96000,"label":" ","price":0.52},{"type":"A","date":"2018-04-13T01:34:49.000Z","volume":2000,"label":" ","price":0.53},{"type":"U","date":"2018-04-13T01:43:17.000Z","volume":18000,"label":" ","price":0.52},{"type":"A","date":"2018-04-13T01:43:30.000Z","volume":182000,"label":" ","price":0.52},{"type":"A","date":"2018-04-13T01:44:57.000Z","volume":16000,"label":" ","price":0.52},{"type":"A","date":"2018-04-13T01:45:01.000Z","volume":130000,"label":" ","price":0.52},{"type":"A","date":"2018-04-13T01:45:01.000Z","volume":24000,"label":" ","price":0.52},{"type":"B","date":"2018-04-13T01:52:29.000Z","volume":2000,"label":" ","price":0.51},{"type":"A","date":"2018-04-13T02:08:10.000Z","volume":10000,"label":" ","price":0.52},{"type":"A","date":"2018-04-13T02:08:12.000Z","volume":336000,"label":" ","price":0.52},{"type":"A","date":"2018-04-13T02:22:40.000Z","volume":4000,"label":" ","price":0.52},{"type":"A","date":"2018-04-13T02:27:07.000Z","volume":28000,"label":" ","price":0.52},{"type":"A","date":"2018-04-13T02:27:13.000Z","volume":182000,"label":" ","price":0.52},{"type":"B","date":"2018-04-13T03:07:32.000Z","volume":2000,"label":" ","price":0.52},{"type":"B","date":"2018-04-13T03:52:35.000Z","volume":2000,"label":" ","price":0.52},{"type":"B","date":"2018-04-13T05:55:13.000Z","volume":2000,"label":" ","price":0.52},{"type":"A","date":"2018-04-13T06:36:02.000Z","volume":4000,"label":" ","price":0.53},{"type":"B","date":"2018-04-13T06:45:19.000Z","volume":2000,"label":" ","price":0.52},{"type":"A","date":"2018-04-13T07:18:34.000Z","volume":4000,"label":" ","price":0.53},{"type":"B","date":"2018-04-13T07:40:28.000Z","volume":2000,"label":" ","price":0.52},{"type":"A","date":"2018-04-13T07:59:40.000Z","volume":16000,"label":" ","price":0.53},{"type":"A","date":"2018-04-13T07:59:41.000Z","volume":2000,"label":" ","price":0.53}]