[{"type":"B","date":"2018-04-17T01:32:17.000Z","volume":1000,"label":" ","price":3.1},{"type":"A","date":"2018-04-17T01:35:57.000Z","volume":6000,"label":" ","price":3.1},{"type":"B","date":"2018-04-17T01:44:14.000Z","volume":19000,"label":" ","price":3.08},{"type":"B","date":"2018-04-17T01:45:31.000Z","volume":22000,"label":" ","price":3.07},{"type":"B","date":"2018-04-17T01:45:31.000Z","volume":7000,"label":" ","price":3.06},{"type":"A","date":"2018-04-17T01:45:55.000Z","volume":3000,"label":" ","price":3.06},{"type":"A","date":"2018-04-17T01:46:11.000Z","volume":4000,"label":" ","price":3.06},{"type":"A","date":"2018-04-17T01:56:36.000Z","volume":5000,"label":" ","price":3.08},{"type":"A","date":"2018-04-17T01:56:36.000Z","volume":21000,"label":" ","price":3.08},{"type":"B","date":"2018-04-17T01:57:01.000Z","volume":6000,"label":" ","price":3.07},{"type":"B","date":"2018-04-17T02:10:11.000Z","volume":7000,"label":" ","price":3.06},{"type":"B","date":"2018-04-17T02:18:23.000Z","volume":66000,"label":" ","price":3.06},{"type":"B","date":"2018-04-17T02:18:23.000Z","volume":34000,"label":" ","price":3.05},{"type":"B","date":"2018-04-17T03:29:34.000Z","volume":8000,"label":"Y","price":3.08},{"type":"B","date":"2018-04-17T03:29:34.000Z","volume":7000,"label":" ","price":3.08},{"type":"B","date":"2018-04-17T03:37:29.000Z","volume":21000,"label":" ","price":3.08},{"type":"B","date":"2018-04-17T03:49:36.000Z","volume":4000,"label":" ","price":3.07},{"type":"A","date":"2018-04-17T03:54:28.000Z","volume":5000,"label":" ","price":3.1},{"type":"A","date":"2018-04-17T05:00:00.000Z","volume":1000,"label":" ","price":3.1},{"type":"B","date":"2018-04-17T05:04:36.000Z","volume":1000,"label":"Y","price":3.07},{"type":"B","date":"2018-04-17T05:04:36.000Z","volume":171000,"label":" ","price":3.07},{"type":"A","date":"2018-04-17T05:08:11.000Z","volume":29000,"label":" ","price":3.07},{"type":"A","date":"2018-04-17T05:08:11.000Z","volume":11000,"label":" ","price":3.1},{"type":"B","date":"2018-04-17T05:33:53.000Z","volume":22000,"label":" ","price":3.07},{"type":"B","date":"2018-04-17T05:33:53.000Z","volume":35000,"label":" ","price":3.06},{"type":"B","date":"2018-04-17T05:37:52.000Z","volume":44000,"label":"Y","price":3.05},{"type":"A","date":"2018-04-17T05:39:23.000Z","volume":6000,"label":" ","price":3.06},{"type":"A","date":"2018-04-17T05:41:24.000Z","volume":37000,"label":" ","price":3.06},{"type":"A","date":"2018-04-17T06:10:28.000Z","volume":1000,"label":" ","price":3.1},{"type":"A","date":"2018-04-17T06:18:49.000Z","volume":1000,"label":" ","price":3.1},{"type":"A","date":"2018-04-17T06:24:12.000Z","volume":1000,"label":" ","price":3.1},{"type":"A","date":"2018-04-17T06:30:05.000Z","volume":2000,"label":" ","price":3.1},{"type":"A","date":"2018-04-17T06:35:36.000Z","volume":4000,"label":" ","price":3.09},{"type":"A","date":"2018-04-17T06:51:31.000Z","volume":5000,"label":" ","price":3.09},{"type":"A","date":"2018-04-17T06:55:01.000Z","volume":1000,"label":" ","price":3.09},{"type":"A","date":"2018-04-17T07:00:36.000Z","volume":1000,"label":" ","price":3.09},{"type":"U","date":"2018-04-17T07:04:52.000Z","volume":1000,"label":" ","price":3.08},{"type":"A","date":"2018-04-17T07:04:52.000Z","volume":1000,"label":" ","price":3.09},{"type":"A","date":"2018-04-17T07:09:01.000Z","volume":1000,"label":" ","price":3.09},{"type":"B","date":"2018-04-17T07:10:31.000Z","volume":32000,"label":" ","price":3.07},{"type":"B","date":"2018-04-17T07:10:31.000Z","volume":52000,"label":" ","price":3.06},{"type":"A","date":"2018-04-17T07:15:39.000Z","volume":1000,"label":" ","price":3.09},{"type":"B","date":"2018-04-17T07:22:23.000Z","volume":20000,"label":" ","price":3.06},{"type":"A","date":"2018-04-17T07:37:04.000Z","volume":1000,"label":" ","price":3.08},{"type":"A","date":"2018-04-17T07:42:39.000Z","volume":1000,"label":" ","price":3.08},{"type":"A","date":"2018-04-17T07:47:34.000Z","volume":1000,"label":" ","price":3.07},{"type":"A","date":"2018-04-17T07:49:10.000Z","volume":1000,"label":" ","price":3.07},{"type":"A","date":"2018-04-17T07:49:10.000Z","volume":1000,"label":" ","price":3.07},{"type":"A","date":"2018-04-17T07:59:13.000Z","volume":4000,"label":" ","price":3.07},{"type":"A","date":"2018-04-17T07:59:34.000Z","volume":1000,"label":" ","price":3.08}]