[{"type":"A","date":"2018-03-29T01:30:08.000Z","volume":80000,"label":" ","price":1.38},{"type":"A","date":"2018-03-29T01:30:24.000Z","volume":100000,"label":" ","price":1.38},{"type":"A","date":"2018-03-29T01:31:14.000Z","volume":102000,"label":" ","price":1.38},{"type":"A","date":"2018-03-29T01:31:14.000Z","volume":58000,"label":" ","price":1.39},{"type":"A","date":"2018-03-29T01:32:33.000Z","volume":38000,"label":" ","price":1.38},{"type":"A","date":"2018-03-29T01:33:31.000Z","volume":24000,"label":" ","price":1.38},{"type":"A","date":"2018-03-29T01:36:26.000Z","volume":28000,"label":" ","price":1.38},{"type":"A","date":"2018-03-29T01:37:37.000Z","volume":20000,"label":" ","price":1.38},{"type":"U","date":"2018-03-29T01:41:29.000Z","volume":20000,"label":" ","price":1.37},{"type":"A","date":"2018-03-29T01:42:00.000Z","volume":150000,"label":" ","price":1.37},{"type":"A","date":"2018-03-29T01:43:25.000Z","volume":50000,"label":" ","price":1.37},{"type":"A","date":"2018-03-29T01:43:56.000Z","volume":280000,"label":" ","price":1.37},{"type":"A","date":"2018-03-29T01:44:57.000Z","volume":32000,"label":" ","price":1.37},{"type":"A","date":"2018-03-29T01:44:57.000Z","volume":28000,"label":" ","price":1.38},{"type":"A","date":"2018-03-29T01:48:02.000Z","volume":24000,"label":" ","price":1.37},{"type":"B","date":"2018-03-29T01:50:55.000Z","volume":28000,"label":" ","price":1.36},{"type":"A","date":"2018-03-29T01:51:00.000Z","volume":22000,"label":" ","price":1.36},{"type":"B","date":"2018-03-29T01:51:10.000Z","volume":2000,"label":" ","price":1.36},{"type":"B","date":"2018-03-29T01:51:10.000Z","volume":2000,"label":" ","price":1.36},{"type":"A","date":"2018-03-29T01:51:31.000Z","volume":42000,"label":" ","price":1.37},{"type":"A","date":"2018-03-29T01:52:22.000Z","volume":120000,"label":" ","price":1.37},{"type":"A","date":"2018-03-29T01:56:38.000Z","volume":30000,"label":" ","price":1.37},{"type":"A","date":"2018-03-29T01:58:10.000Z","volume":94000,"label":" ","price":1.37},{"type":"A","date":"2018-03-29T01:58:10.000Z","volume":6000,"label":" ","price":1.37},{"type":"B","date":"2018-03-29T01:58:10.000Z","volume":2000,"label":" ","price":1.37},{"type":"A","date":"2018-03-29T01:59:09.000Z","volume":30000,"label":" ","price":1.37},{"type":"A","date":"2018-03-29T01:59:09.000Z","volume":90000,"label":" ","price":1.38},{"type":"A","date":"2018-03-29T02:01:04.000Z","volume":42000,"label":" ","price":1.38},{"type":"A","date":"2018-03-29T02:01:04.000Z","volume":112000,"label":" ","price":1.39},{"type":"A","date":"2018-03-29T02:01:04.000Z","volume":6000,"label":" ","price":1.4},{"type":"A","date":"2018-03-29T02:03:25.000Z","volume":12000,"label":" ","price":1.37},{"type":"A","date":"2018-03-29T02:08:57.000Z","volume":60000,"label":" ","price":1.37},{"type":"A","date":"2018-03-29T02:11:00.000Z","volume":48000,"label":" ","price":1.37},{"type":"A","date":"2018-03-29T02:11:00.000Z","volume":2000,"label":" ","price":1.37},{"type":"B","date":"2018-03-29T02:11:01.000Z","volume":4000,"label":" ","price":1.37},{"type":"A","date":"2018-03-29T02:11:30.000Z","volume":50000,"label":" ","price":1.37},{"type":"A","date":"2018-03-29T02:13:04.000Z","volume":30000,"label":" ","price":1.37},{"type":"B","date":"2018-03-29T02:13:56.000Z","volume":52000,"label":" ","price":1.36},{"type":"B","date":"2018-03-29T02:13:56.000Z","volume":100000,"label":" ","price":1.35},{"type":"B","date":"2018-03-29T02:13:56.000Z","volume":34000,"label":" ","price":1.34},{"type":"B","date":"2018-03-29T02:13:56.000Z","volume":114000,"label":" ","price":1.33},{"type":"A","date":"2018-03-29T02:16:09.000Z","volume":4000,"label":" ","price":1.36},{"type":"A","date":"2018-03-29T02:16:44.000Z","volume":6000,"label":" ","price":1.36},{"type":"A","date":"2018-03-29T02:16:44.000Z","volume":4000,"label":" ","price":1.37},{"type":"B","date":"2018-03-29T02:23:53.000Z","volume":114000,"label":" ","price":1.35},{"type":"B","date":"2018-03-29T02:23:53.000Z","volume":6000,"label":" ","price":1.35},{"type":"A","date":"2018-03-29T02:24:28.000Z","volume":4000,"label":" ","price":1.36},{"type":"A","date":"2018-03-29T02:32:20.000Z","volume":6000,"label":" ","price":1.36},{"type":"A","date":"2018-03-29T02:32:20.000Z","volume":14000,"label":" ","price":1.37},{"type":"A","date":"2018-03-29T02:34:40.000Z","volume":140000,"label":" ","price":1.36},{"type":"A","date":"2018-03-29T02:34:40.000Z","volume":160000,"label":" ","price":1.37},{"type":"A","date":"2018-03-29T02:34:40.000Z","volume":6000,"label":" ","price":1.37},{"type":"B","date":"2018-03-29T02:42:24.000Z","volume":102000,"label":" ","price":1.36},{"type":"A","date":"2018-03-29T02:42:29.000Z","volume":140000,"label":" ","price":1.36},{"type":"A","date":"2018-03-29T02:42:32.000Z","volume":120000,"label":" ","price":1.36},{"type":"A","date":"2018-03-29T02:42:57.000Z","volume":10000,"label":" ","price":1.36},{"type":"A","date":"2018-03-29T02:44:03.000Z","volume":26000,"label":" ","price":1.36},{"type":"A","date":"2018-03-29T02:51:33.000Z","volume":222000,"label":" ","price":1.36},{"type":"A","date":"2018-03-29T02:51:33.000Z","volume":38000,"label":" ","price":1.37},{"type":"A","date":"2018-03-29T02:55:56.000Z","volume":4000,"label":" ","price":1.37},{"type":"A","date":"2018-03-29T03:14:00.000Z","volume":6000,"label":" ","price":1.37},{"type":"B","date":"2018-03-29T03:36:05.000Z","volume":20000,"label":" ","price":1.36},{"type":"B","date":"2018-03-29T03:36:05.000Z","volume":2000,"label":" ","price":1.36},{"type":"B","date":"2018-03-29T03:43:14.000Z","volume":40000,"label":" ","price":1.35},{"type":"A","date":"2018-03-29T03:55:14.000Z","volume":2000,"label":" ","price":1.36},{"type":"B","date":"2018-03-29T05:09:07.000Z","volume":66000,"label":" ","price":1.35},{"type":"B","date":"2018-03-29T05:09:07.000Z","volume":26000,"label":" ","price":1.35},{"type":"A","date":"2018-03-29T05:12:14.000Z","volume":2000,"label":" ","price":1.36},{"type":"A","date":"2018-03-29T05:40:39.000Z","volume":6000,"label":" ","price":1.36},{"type":"A","date":"2018-03-29T05:48:38.000Z","volume":382000,"label":" ","price":1.36},{"type":"A","date":"2018-03-29T05:49:29.000Z","volume":4000,"label":" ","price":1.36},{"type":"A","date":"2018-03-29T05:50:05.000Z","volume":80000,"label":" ","price":1.36},{"type":"A","date":"2018-03-29T05:50:05.000Z","volume":220000,"label":" ","price":1.37},{"type":"A","date":"2018-03-29T05:52:28.000Z","volume":60000,"label":" ","price":1.37},{"type":"A","date":"2018-03-29T05:52:31.000Z","volume":4000,"label":" ","price":1.37},{"type":"A","date":"2018-03-29T05:54:08.000Z","volume":56000,"label":" ","price":1.37},{"type":"A","date":"2018-03-29T06:00:22.000Z","volume":30000,"label":" ","price":1.37},{"type":"B","date":"2018-03-29T06:15:59.000Z","volume":10000,"label":" ","price":1.36},{"type":"A","date":"2018-03-29T06:34:53.000Z","volume":8000,"label":" ","price":1.37},{"type":"B","date":"2018-03-29T06:50:23.000Z","volume":60000,"label":" ","price":1.35},{"type":"B","date":"2018-03-29T07:00:35.000Z","volume":100000,"label":" ","price":1.35},{"type":"B","date":"2018-03-29T07:00:49.000Z","volume":10000,"label":" ","price":1.35},{"type":"B","date":"2018-03-29T07:11:51.000Z","volume":34000,"label":" ","price":1.35},{"type":"A","date":"2018-03-29T07:12:41.000Z","volume":6000,"label":" ","price":1.35},{"type":"B","date":"2018-03-29T07:13:51.000Z","volume":4000,"label":" ","price":1.35},{"type":"B","date":"2018-03-29T07:24:01.000Z","volume":10000,"label":" ","price":1.34},{"type":"B","date":"2018-03-29T07:35:51.000Z","volume":20000,"label":" ","price":1.34},{"type":"B","date":"2018-03-29T07:38:50.000Z","volume":2000,"label":" ","price":1.34},{"type":"A","date":"2018-03-29T07:41:58.000Z","volume":96000,"label":" ","price":1.35},{"type":"A","date":"2018-03-29T07:42:06.000Z","volume":1400000,"label":" ","price":1.36},{"type":"A","date":"2018-03-29T07:42:30.000Z","volume":14000,"label":" ","price":1.36},{"type":"A","date":"2018-03-29T07:42:45.000Z","volume":800000,"label":" ","price":1.36},{"type":"A","date":"2018-03-29T07:43:01.000Z","volume":46000,"label":" ","price":1.36},{"type":"A","date":"2018-03-29T07:43:01.000Z","volume":14000,"label":" ","price":1.37},{"type":"A","date":"2018-03-29T07:43:01.000Z","volume":8000,"label":" ","price":1.37},{"type":"A","date":"2018-03-29T07:46:33.000Z","volume":300000,"label":" ","price":1.36},{"type":"A","date":"2018-03-29T07:46:51.000Z","volume":300000,"label":" ","price":1.36},{"type":"A","date":"2018-03-29T07:47:21.000Z","volume":4000,"label":" ","price":1.36},{"type":"A","date":"2018-03-29T07:49:10.000Z","volume":76000,"label":" ","price":1.36},{"type":"A","date":"2018-03-29T07:49:10.000Z","volume":4000,"label":" ","price":1.37},{"type":"A","date":"2018-03-29T07:57:23.000Z","volume":244000,"label":" ","price":1.37},{"type":"A","date":"2018-03-29T07:57:26.000Z","volume":4000,"label":" ","price":1.38},{"type":"A","date":"2018-03-29T07:57:33.000Z","volume":126000,"label":" ","price":1.38},{"type":"B","date":"2018-03-29T07:57:40.000Z","volume":2000,"label":" ","price":1.38},{"type":"B","date":"2018-03-29T07:57:40.000Z","volume":4000,"label":" ","price":1.37},{"type":"A","date":"2018-03-29T07:57:45.000Z","volume":6000,"label":" ","price":1.38},{"type":"A","date":"2018-03-29T07:57:45.000Z","volume":94000,"label":" ","price":1.39},{"type":"B","date":"2018-03-29T07:57:56.000Z","volume":2000,"label":" ","price":1.36},{"type":"A","date":"2018-03-29T07:57:56.000Z","volume":276000,"label":" ","price":1.39},{"type":"A","date":"2018-03-29T07:58:16.000Z","volume":6000,"label":" ","price":1.4},{"type":"A","date":"2018-03-29T07:58:18.000Z","volume":152000,"label":" ","price":1.4},{"type":"A","date":"2018-03-29T07:58:28.000Z","volume":2000,"label":" ","price":1.4},{"type":"A","date":"2018-03-29T07:58:31.000Z","volume":6000,"label":" ","price":1.4},{"type":"A","date":"2018-03-29T07:58:51.000Z","volume":100000,"label":" ","price":1.39},{"type":"A","date":"2018-03-29T07:58:51.000Z","volume":12000,"label":" ","price":1.4},{"type":"A","date":"2018-03-29T07:58:51.000Z","volume":8000,"label":" ","price":1.41},{"type":"A","date":"2018-03-29T07:58:51.000Z","volume":4000,"label":" ","price":1.41},{"type":"A","date":"2018-03-29T07:58:54.000Z","volume":6000,"label":" ","price":1.41},{"type":"A","date":"2018-03-29T07:59:13.000Z","volume":2000,"label":"Y","price":1.36},{"type":"A","date":"2018-03-29T07:59:54.000Z","volume":2000,"label":" ","price":1.4}]