[{"type":"A","date":"2018-03-22T01:31:19.000Z","volume":68000,"label":" ","price":1.28},{"type":"A","date":"2018-03-22T01:31:59.000Z","volume":120000,"label":" ","price":1.27},{"type":"A","date":"2018-03-22T01:31:59.000Z","volume":20000,"label":" ","price":1.28},{"type":"A","date":"2018-03-22T01:32:57.000Z","volume":70000,"label":" ","price":1.28},{"type":"A","date":"2018-03-22T01:33:52.000Z","volume":2000,"label":" ","price":1.27},{"type":"A","date":"2018-03-22T01:33:52.000Z","volume":78000,"label":" ","price":1.28},{"type":"A","date":"2018-03-22T01:37:04.000Z","volume":20000,"label":" ","price":1.28},{"type":"A","date":"2018-03-22T01:39:52.000Z","volume":22000,"label":" ","price":1.28},{"type":"A","date":"2018-03-22T01:39:52.000Z","volume":4000,"label":" ","price":1.28},{"type":"A","date":"2018-03-22T01:41:28.000Z","volume":140000,"label":" ","price":1.27},{"type":"A","date":"2018-03-22T01:41:28.000Z","volume":52000,"label":" ","price":1.27},{"type":"A","date":"2018-03-22T01:41:28.000Z","volume":2000,"label":" ","price":1.27},{"type":"U","date":"2018-03-22T01:41:53.000Z","volume":32000,"label":" ","price":1.26},{"type":"A","date":"2018-03-22T01:41:53.000Z","volume":14000,"label":" ","price":1.27},{"type":"A","date":"2018-03-22T01:41:53.000Z","volume":2000,"label":" ","price":1.27},{"type":"A","date":"2018-03-22T01:41:54.000Z","volume":320000,"label":" ","price":1.27},{"type":"A","date":"2018-03-22T01:41:56.000Z","volume":102000,"label":" ","price":1.27},{"type":"A","date":"2018-03-22T01:41:56.000Z","volume":48000,"label":" ","price":1.28},{"type":"A","date":"2018-03-22T01:45:08.000Z","volume":170000,"label":" ","price":1.27},{"type":"A","date":"2018-03-22T01:45:08.000Z","volume":28000,"label":" ","price":1.27},{"type":"A","date":"2018-03-22T01:45:08.000Z","volume":44000,"label":" ","price":1.28},{"type":"A","date":"2018-03-22T01:45:10.000Z","volume":2000,"label":" ","price":1.28},{"type":"B","date":"2018-03-22T01:58:29.000Z","volume":20000,"label":" ","price":1.27},{"type":"A","date":"2018-03-22T01:58:29.000Z","volume":4000,"label":" ","price":1.28},{"type":"A","date":"2018-03-22T01:58:29.000Z","volume":4000,"label":" ","price":1.28},{"type":"B","date":"2018-03-22T02:05:37.000Z","volume":4000,"label":" ","price":1.27},{"type":"A","date":"2018-03-22T02:30:13.000Z","volume":4000,"label":" ","price":1.28},{"type":"A","date":"2018-03-22T02:30:13.000Z","volume":4000,"label":" ","price":1.28},{"type":"A","date":"2018-03-22T02:50:48.000Z","volume":10000,"label":" ","price":1.28},{"type":"A","date":"2018-03-22T02:50:48.000Z","volume":2000,"label":" ","price":1.28},{"type":"B","date":"2018-03-22T02:50:48.000Z","volume":2000,"label":" ","price":1.27},{"type":"A","date":"2018-03-22T02:59:29.000Z","volume":108000,"label":" ","price":1.28},{"type":"A","date":"2018-03-22T02:59:29.000Z","volume":12000,"label":" ","price":1.28},{"type":"A","date":"2018-03-22T02:59:29.000Z","volume":18000,"label":" ","price":1.28},{"type":"A","date":"2018-03-22T02:59:29.000Z","volume":4000,"label":" ","price":1.28},{"type":"A","date":"2018-03-22T02:59:51.000Z","volume":52000,"label":" ","price":1.28},{"type":"A","date":"2018-03-22T02:59:51.000Z","volume":98000,"label":" ","price":1.29},{"type":"B","date":"2018-03-22T02:59:51.000Z","volume":12000,"label":" ","price":1.27},{"type":"U","date":"2018-03-22T03:00:05.000Z","volume":2000,"label":" ","price":1.28},{"type":"U","date":"2018-03-22T03:00:05.000Z","volume":6000,"label":" ","price":1.28},{"type":"U","date":"2018-03-22T03:00:05.000Z","volume":2000,"label":" ","price":1.28},{"type":"B","date":"2018-03-22T03:00:07.000Z","volume":2000,"label":" ","price":1.27},{"type":"A","date":"2018-03-22T03:01:12.000Z","volume":56000,"label":" ","price":1.28},{"type":"A","date":"2018-03-22T03:01:12.000Z","volume":18000,"label":" ","price":1.28},{"type":"B","date":"2018-03-22T03:01:12.000Z","volume":6000,"label":" ","price":1.27},{"type":"B","date":"2018-03-22T03:01:14.000Z","volume":2000,"label":" ","price":1.27},{"type":"A","date":"2018-03-22T03:02:28.000Z","volume":12000,"label":" ","price":1.28},{"type":"A","date":"2018-03-22T03:02:28.000Z","volume":6000,"label":" ","price":1.28},{"type":"B","date":"2018-03-22T03:02:33.000Z","volume":2000,"label":" ","price":1.27},{"type":"A","date":"2018-03-22T03:12:31.000Z","volume":30000,"label":" ","price":1.28},{"type":"A","date":"2018-03-22T03:12:31.000Z","volume":12000,"label":" ","price":1.28},{"type":"B","date":"2018-03-22T03:12:31.000Z","volume":2000,"label":" ","price":1.27},{"type":"B","date":"2018-03-22T03:12:34.000Z","volume":2000,"label":" ","price":1.27},{"type":"A","date":"2018-03-22T03:14:35.000Z","volume":10000,"label":" ","price":1.28},{"type":"B","date":"2018-03-22T03:14:35.000Z","volume":2000,"label":" ","price":1.27},{"type":"A","date":"2018-03-22T03:15:53.000Z","volume":4000,"label":" ","price":1.28},{"type":"A","date":"2018-03-22T03:43:10.000Z","volume":16000,"label":" ","price":1.28},{"type":"B","date":"2018-03-22T03:43:10.000Z","volume":2000,"label":" ","price":1.27},{"type":"A","date":"2018-03-22T03:43:10.000Z","volume":6000,"label":" ","price":1.28},{"type":"A","date":"2018-03-22T03:55:48.000Z","volume":26000,"label":" ","price":1.28},{"type":"A","date":"2018-03-22T03:55:48.000Z","volume":8000,"label":" ","price":1.28},{"type":"B","date":"2018-03-22T03:55:48.000Z","volume":4000,"label":" ","price":1.27},{"type":"A","date":"2018-03-22T05:00:00.000Z","volume":18000,"label":" ","price":1.28},{"type":"A","date":"2018-03-22T05:00:01.000Z","volume":8000,"label":" ","price":1.28},{"type":"A","date":"2018-03-22T05:28:20.000Z","volume":20000,"label":" ","price":1.28},{"type":"A","date":"2018-03-22T05:28:20.000Z","volume":6000,"label":" ","price":1.28},{"type":"B","date":"2018-03-22T05:28:20.000Z","volume":2000,"label":" ","price":1.27},{"type":"B","date":"2018-03-22T05:28:23.000Z","volume":2000,"label":" ","price":1.27},{"type":"A","date":"2018-03-22T05:49:22.000Z","volume":6000,"label":" ","price":1.28},{"type":"A","date":"2018-03-22T05:49:22.000Z","volume":2000,"label":" ","price":1.28},{"type":"A","date":"2018-03-22T06:04:17.000Z","volume":4000,"label":" ","price":1.28},{"type":"A","date":"2018-03-22T06:04:18.000Z","volume":2000,"label":" ","price":1.28},{"type":"B","date":"2018-03-22T06:04:18.000Z","volume":2000,"label":" ","price":1.27},{"type":"A","date":"2018-03-22T06:25:44.000Z","volume":6000,"label":" ","price":1.28},{"type":"B","date":"2018-03-22T06:38:52.000Z","volume":42000,"label":" ","price":1.27},{"type":"A","date":"2018-03-22T06:38:52.000Z","volume":12000,"label":" ","price":1.28},{"type":"A","date":"2018-03-22T06:38:54.000Z","volume":2000,"label":" ","price":1.28},{"type":"B","date":"2018-03-22T06:39:16.000Z","volume":100000,"label":" ","price":1.27},{"type":"A","date":"2018-03-22T06:39:16.000Z","volume":16000,"label":" ","price":1.28},{"type":"A","date":"2018-03-22T06:39:16.000Z","volume":8000,"label":" ","price":1.28},{"type":"A","date":"2018-03-22T06:39:17.000Z","volume":20000,"label":" ","price":1.28},{"type":"B","date":"2018-03-22T07:01:25.000Z","volume":2000,"label":" ","price":1.27},{"type":"B","date":"2018-03-22T07:20:10.000Z","volume":8000,"label":" ","price":1.27},{"type":"B","date":"2018-03-22T07:50:25.000Z","volume":30000,"label":" ","price":1.27},{"type":"B","date":"2018-03-22T07:50:25.000Z","volume":14000,"label":" ","price":1.27},{"type":"B","date":"2018-03-22T07:50:25.000Z","volume":4000,"label":" ","price":1.27},{"type":"A","date":"2018-03-22T07:50:30.000Z","volume":4000,"label":" ","price":1.27},{"type":"B","date":"2018-03-22T07:50:32.000Z","volume":6000,"label":" ","price":1.27},{"type":"B","date":"2018-03-22T07:50:32.000Z","volume":2000,"label":" ","price":1.27},{"type":"B","date":"2018-03-22T07:50:33.000Z","volume":2000,"label":" ","price":1.27},{"type":"B","date":"2018-03-22T07:50:33.000Z","volume":2000,"label":" ","price":1.27},{"type":"B","date":"2018-03-22T07:50:35.000Z","volume":2000,"label":" ","price":1.27},{"type":"B","date":"2018-03-22T07:50:36.000Z","volume":2000,"label":" ","price":1.27},{"type":"B","date":"2018-03-22T07:50:37.000Z","volume":2000,"label":" ","price":1.27},{"type":"B","date":"2018-03-22T07:50:38.000Z","volume":2000,"label":" ","price":1.27},{"type":"U","date":"2018-03-22T07:58:14.000Z","volume":6000,"label":" ","price":1.27},{"type":"B","date":"2018-03-22T07:58:37.000Z","volume":2000,"label":" ","price":1.27},{"type":"B","date":"2018-03-22T07:59:21.000Z","volume":6000,"label":" ","price":1.27},{"type":"A","date":"2018-03-22T07:59:21.000Z","volume":2000,"label":" ","price":1.27}]