[{"type":"B","date":"2018-04-11T01:40:08.000Z","volume":100000,"label":" ","price":2.64},{"type":"B","date":"2018-04-11T01:40:14.000Z","volume":7000,"label":" ","price":2.64},{"type":"B","date":"2018-04-11T01:41:18.000Z","volume":12000,"label":" ","price":2.64},{"type":"B","date":"2018-04-11T01:41:18.000Z","volume":32000,"label":" ","price":2.64},{"type":"U","date":"2018-04-11T01:41:35.000Z","volume":1000,"label":" ","price":2.64},{"type":"A","date":"2018-04-11T01:44:19.000Z","volume":13000,"label":" ","price":2.65},{"type":"A","date":"2018-04-11T01:44:19.000Z","volume":97000,"label":" ","price":2.66},{"type":"B","date":"2018-04-11T01:47:21.000Z","volume":10000,"label":" ","price":2.56},{"type":"B","date":"2018-04-11T01:56:06.000Z","volume":3000,"label":" ","price":2.62},{"type":"B","date":"2018-04-11T01:58:59.000Z","volume":1000,"label":" ","price":2.62},{"type":"A","date":"2018-04-11T02:05:21.000Z","volume":3000,"label":" ","price":2.66},{"type":"A","date":"2018-04-11T02:19:53.000Z","volume":92000,"label":" ","price":2.67},{"type":"A","date":"2018-04-11T02:19:53.000Z","volume":8000,"label":" ","price":2.67},{"type":"A","date":"2018-04-11T02:19:55.000Z","volume":22000,"label":" ","price":2.68},{"type":"B","date":"2018-04-11T02:20:00.000Z","volume":1000,"label":"Y","price":2.66},{"type":"B","date":"2018-04-11T03:21:20.000Z","volume":1000,"label":" ","price":2.66},{"type":"U","date":"2018-04-11T03:26:49.000Z","volume":9000,"label":" ","price":2.67},{"type":"A","date":"2018-04-11T03:34:33.000Z","volume":370000,"label":" ","price":2.68},{"type":"A","date":"2018-04-11T03:34:50.000Z","volume":10000,"label":" ","price":2.69},{"type":"A","date":"2018-04-11T03:35:26.000Z","volume":16000,"label":" ","price":2.7},{"type":"A","date":"2018-04-11T03:35:30.000Z","volume":10000,"label":" ","price":2.7},{"type":"A","date":"2018-04-11T03:35:44.000Z","volume":5000,"label":" ","price":2.7},{"type":"B","date":"2018-04-11T03:40:40.000Z","volume":3000,"label":" ","price":2.7},{"type":"B","date":"2018-04-11T03:43:13.000Z","volume":16000,"label":" ","price":2.72},{"type":"A","date":"2018-04-11T03:43:17.000Z","volume":53000,"label":" ","price":2.73},{"type":"B","date":"2018-04-11T03:43:41.000Z","volume":16000,"label":" ","price":2.73},{"type":"A","date":"2018-04-11T03:46:02.000Z","volume":20000,"label":" ","price":2.73},{"type":"A","date":"2018-04-11T03:47:49.000Z","volume":20000,"label":" ","price":2.73},{"type":"B","date":"2018-04-11T03:52:02.000Z","volume":1000,"label":" ","price":2.7},{"type":"A","date":"2018-04-11T05:00:00.000Z","volume":10000,"label":" ","price":2.72},{"type":"A","date":"2018-04-11T05:03:30.000Z","volume":1000,"label":" ","price":2.73},{"type":"A","date":"2018-04-11T05:12:49.000Z","volume":160000,"label":" ","price":2.73},{"type":"B","date":"2018-04-11T05:13:17.000Z","volume":1000,"label":" ","price":2.72},{"type":"B","date":"2018-04-11T05:24:07.000Z","volume":5000,"label":" ","price":2.72},{"type":"B","date":"2018-04-11T05:37:43.000Z","volume":4000,"label":" ","price":2.72},{"type":"B","date":"2018-04-11T05:38:51.000Z","volume":4000,"label":" ","price":2.71},{"type":"A","date":"2018-04-11T05:43:48.000Z","volume":16000,"label":" ","price":2.72},{"type":"B","date":"2018-04-11T05:49:48.000Z","volume":1000,"label":" ","price":2.71},{"type":"B","date":"2018-04-11T06:05:45.000Z","volume":15000,"label":" ","price":2.71},{"type":"B","date":"2018-04-11T06:11:40.000Z","volume":62000,"label":" ","price":2.7},{"type":"B","date":"2018-04-11T06:11:40.000Z","volume":11000,"label":" ","price":2.7},{"type":"U","date":"2018-04-11T06:15:25.000Z","volume":20000,"label":" ","price":2.7},{"type":"B","date":"2018-04-11T06:18:30.000Z","volume":12000,"label":" ","price":2.7},{"type":"B","date":"2018-04-11T06:18:35.000Z","volume":7000,"label":" ","price":2.69},{"type":"B","date":"2018-04-11T06:31:01.000Z","volume":13000,"label":" ","price":2.68},{"type":"B","date":"2018-04-11T06:34:19.000Z","volume":1000,"label":" ","price":2.68},{"type":"A","date":"2018-04-11T06:39:24.000Z","volume":1000,"label":" ","price":2.7},{"type":"A","date":"2018-04-11T06:40:16.000Z","volume":1000,"label":" ","price":2.7},{"type":"B","date":"2018-04-11T06:42:08.000Z","volume":1000,"label":" ","price":2.68},{"type":"A","date":"2018-04-11T06:51:13.000Z","volume":86000,"label":" ","price":2.7},{"type":"B","date":"2018-04-11T06:51:20.000Z","volume":1000,"label":" ","price":2.68},{"type":"A","date":"2018-04-11T06:57:00.000Z","volume":13000,"label":" ","price":2.7},{"type":"A","date":"2018-04-11T07:21:24.000Z","volume":20000,"label":" ","price":2.69},{"type":"B","date":"2018-04-11T07:25:43.000Z","volume":6000,"label":" ","price":2.68},{"type":"B","date":"2018-04-11T07:26:40.000Z","volume":3000,"label":" ","price":2.68},{"type":"A","date":"2018-04-11T07:30:48.000Z","volume":90000,"label":" ","price":2.69},{"type":"A","date":"2018-04-11T07:30:48.000Z","volume":100000,"label":" ","price":2.7},{"type":"B","date":"2018-04-11T07:30:52.000Z","volume":1000,"label":" ","price":2.68},{"type":"B","date":"2018-04-11T07:40:52.000Z","volume":1000,"label":" ","price":2.69},{"type":"A","date":"2018-04-11T07:45:20.000Z","volume":11000,"label":" ","price":2.7},{"type":"B","date":"2018-04-11T07:45:43.000Z","volume":9000,"label":" ","price":2.7},{"type":"A","date":"2018-04-11T07:47:24.000Z","volume":88000,"label":" ","price":2.71},{"type":"B","date":"2018-04-11T07:47:25.000Z","volume":10000,"label":" ","price":2.7},{"type":"A","date":"2018-04-11T07:47:54.000Z","volume":40000,"label":" ","price":2.7},{"type":"B","date":"2018-04-11T07:50:52.000Z","volume":1000,"label":" ","price":2.7},{"type":"B","date":"2018-04-11T07:53:23.000Z","volume":11000,"label":" ","price":2.7},{"type":"A","date":"2018-04-11T07:57:20.000Z","volume":20000,"label":" ","price":2.71}]