[{"type":"B","date":"2018-04-23T01:30:00.000Z","volume":2000,"label":" ","price":1.4},{"type":"B","date":"2018-04-23T01:30:00.000Z","volume":72000,"label":" ","price":1.38},{"type":"B","date":"2018-04-23T01:30:00.000Z","volume":26000,"label":" ","price":1.37},{"type":"B","date":"2018-04-23T01:31:24.000Z","volume":14000,"label":" ","price":1.38},{"type":"A","date":"2018-04-23T01:31:41.000Z","volume":12000,"label":" ","price":1.38},{"type":"A","date":"2018-04-23T01:31:43.000Z","volume":8000,"label":" ","price":1.38},{"type":"A","date":"2018-04-23T01:31:46.000Z","volume":6000,"label":" ","price":1.38},{"type":"A","date":"2018-04-23T01:31:47.000Z","volume":6000,"label":" ","price":1.38},{"type":"A","date":"2018-04-23T01:31:48.000Z","volume":4000,"label":" ","price":1.38},{"type":"B","date":"2018-04-23T01:32:02.000Z","volume":10000,"label":" ","price":1.37},{"type":"A","date":"2018-04-23T01:40:19.000Z","volume":4000,"label":" ","price":1.42},{"type":"A","date":"2018-04-23T01:40:19.000Z","volume":36000,"label":" ","price":1.43},{"type":"A","date":"2018-04-23T01:40:19.000Z","volume":12000,"label":" ","price":1.44},{"type":"A","date":"2018-04-23T01:41:05.000Z","volume":8000,"label":" ","price":1.43},{"type":"A","date":"2018-04-23T01:41:31.000Z","volume":28000,"label":" ","price":1.44},{"type":"A","date":"2018-04-23T02:21:05.000Z","volume":34000,"label":" ","price":1.43},{"type":"B","date":"2018-04-23T02:22:38.000Z","volume":60000,"label":" ","price":1.4},{"type":"B","date":"2018-04-23T02:24:57.000Z","volume":48000,"label":" ","price":1.4},{"type":"A","date":"2018-04-23T02:25:10.000Z","volume":54000,"label":" ","price":1.44},{"type":"A","date":"2018-04-23T02:25:10.000Z","volume":98000,"label":" ","price":1.45},{"type":"B","date":"2018-04-23T02:25:55.000Z","volume":74000,"label":" ","price":1.4},{"type":"B","date":"2018-04-23T02:27:55.000Z","volume":66000,"label":" ","price":1.4},{"type":"B","date":"2018-04-23T02:28:32.000Z","volume":20000,"label":" ","price":1.4},{"type":"B","date":"2018-04-23T02:39:09.000Z","volume":2000,"label":" ","price":1.39},{"type":"A","date":"2018-04-23T03:10:53.000Z","volume":30000,"label":" ","price":1.43},{"type":"A","date":"2018-04-23T03:10:53.000Z","volume":22000,"label":" ","price":1.44},{"type":"B","date":"2018-04-23T05:26:48.000Z","volume":8000,"label":" ","price":1.41},{"type":"A","date":"2018-04-23T06:25:20.000Z","volume":50000,"label":" ","price":1.43},{"type":"A","date":"2018-04-23T06:25:20.000Z","volume":100000,"label":" ","price":1.44},{"type":"A","date":"2018-04-23T06:37:05.000Z","volume":76000,"label":" ","price":1.45},{"type":"A","date":"2018-04-23T06:38:26.000Z","volume":12000,"label":" ","price":1.45},{"type":"A","date":"2018-04-23T06:39:02.000Z","volume":100000,"label":" ","price":1.46},{"type":"A","date":"2018-04-23T06:39:22.000Z","volume":10000,"label":" ","price":1.46},{"type":"A","date":"2018-04-23T06:39:52.000Z","volume":14000,"label":" ","price":1.46},{"type":"B","date":"2018-04-23T06:39:52.000Z","volume":8000,"label":" ","price":1.46},{"type":"U","date":"2018-04-23T06:40:13.000Z","volume":1000,"label":"D","price":1.43},{"type":"A","date":"2018-04-23T06:48:25.000Z","volume":54000,"label":" ","price":1.47},{"type":"A","date":"2018-04-23T07:08:08.000Z","volume":124000,"label":" ","price":1.47},{"type":"U","date":"2018-04-23T07:12:15.000Z","volume":1400,"label":"D","price":1.39},{"type":"A","date":"2018-04-23T07:23:40.000Z","volume":2000,"label":" ","price":1.45},{"type":"A","date":"2018-04-23T07:26:10.000Z","volume":2000,"label":" ","price":1.48},{"type":"B","date":"2018-04-23T07:57:40.000Z","volume":4000,"label":" ","price":1.43},{"type":"B","date":"2018-04-23T07:57:40.000Z","volume":46000,"label":" ","price":1.42},{"type":"A","date":"2018-04-23T07:59:06.000Z","volume":2000,"label":" ","price":1.47}]