[{"type":"B","date":"2018-04-04T01:30:06.000Z","volume":70000,"label":" ","price":0.4},{"type":"A","date":"2018-04-04T01:30:14.000Z","volume":50000,"label":" ","price":0.405},{"type":"A","date":"2018-04-04T01:30:16.000Z","volume":100000,"label":" ","price":0.405},{"type":"B","date":"2018-04-04T01:32:21.000Z","volume":100000,"label":" ","price":0.4},{"type":"A","date":"2018-04-04T01:37:44.000Z","volume":180000,"label":" ","price":0.405},{"type":"A","date":"2018-04-04T01:38:25.000Z","volume":20000,"label":" ","price":0.415},{"type":"A","date":"2018-04-04T01:42:40.000Z","volume":510000,"label":" ","price":0.41},{"type":"A","date":"2018-04-04T01:42:40.000Z","volume":40000,"label":" ","price":0.415},{"type":"A","date":"2018-04-04T01:43:46.000Z","volume":10000,"label":" ","price":0.415},{"type":"A","date":"2018-04-04T01:43:46.000Z","volume":400000,"label":" ","price":0.42},{"type":"A","date":"2018-04-04T01:44:46.000Z","volume":20000,"label":" ","price":0.42},{"type":"A","date":"2018-04-04T01:44:46.000Z","volume":300000,"label":" ","price":0.425},{"type":"A","date":"2018-04-04T01:45:47.000Z","volume":30000,"label":" ","price":0.43},{"type":"A","date":"2018-04-04T01:46:26.000Z","volume":160000,"label":" ","price":0.43},{"type":"A","date":"2018-04-04T01:47:53.000Z","volume":30000,"label":" ","price":0.43},{"type":"A","date":"2018-04-04T01:48:16.000Z","volume":120000,"label":" ","price":0.43},{"type":"A","date":"2018-04-04T01:48:16.000Z","volume":200000,"label":" ","price":0.435},{"type":"B","date":"2018-04-04T01:53:13.000Z","volume":30000,"label":" ","price":0.42},{"type":"A","date":"2018-04-04T02:05:15.000Z","volume":200000,"label":" ","price":0.42},{"type":"U","date":"2018-04-04T02:30:56.000Z","volume":90000,"label":" ","price":0.42},{"type":"B","date":"2018-04-04T03:19:10.000Z","volume":90000,"label":" ","price":0.42},{"type":"B","date":"2018-04-04T03:33:15.000Z","volume":80000,"label":" ","price":0.425},{"type":"B","date":"2018-04-04T03:33:15.000Z","volume":20000,"label":" ","price":0.425},{"type":"U","date":"2018-04-04T03:41:18.000Z","volume":70000,"label":" ","price":0.425},{"type":"B","date":"2018-04-04T05:18:48.000Z","volume":60000,"label":" ","price":0.42},{"type":"A","date":"2018-04-04T05:20:32.000Z","volume":10000,"label":" ","price":0.43},{"type":"A","date":"2018-04-04T05:22:50.000Z","volume":50000,"label":" ","price":0.43},{"type":"B","date":"2018-04-04T05:50:19.000Z","volume":150000,"label":" ","price":0.425},{"type":"B","date":"2018-04-04T05:52:16.000Z","volume":100000,"label":" ","price":0.425},{"type":"B","date":"2018-04-04T05:52:21.000Z","volume":120000,"label":" ","price":0.425},{"type":"B","date":"2018-04-04T05:52:21.000Z","volume":40000,"label":" ","price":0.425},{"type":"B","date":"2018-04-04T05:52:22.000Z","volume":10000,"label":" ","price":0.42},{"type":"B","date":"2018-04-04T06:02:46.000Z","volume":100000,"label":" ","price":0.42},{"type":"B","date":"2018-04-04T06:03:11.000Z","volume":100000,"label":" ","price":0.42},{"type":"B","date":"2018-04-04T06:09:50.000Z","volume":160000,"label":" ","price":0.42},{"type":"B","date":"2018-04-04T06:09:52.000Z","volume":10000,"label":" ","price":0.42},{"type":"B","date":"2018-04-04T06:13:09.000Z","volume":20000,"label":" ","price":0.42},{"type":"B","date":"2018-04-04T06:13:31.000Z","volume":100000,"label":" ","price":0.42},{"type":"B","date":"2018-04-04T06:14:01.000Z","volume":100000,"label":" ","price":0.42},{"type":"B","date":"2018-04-04T06:20:21.000Z","volume":200000,"label":" ","price":0.42},{"type":"B","date":"2018-04-04T06:40:39.000Z","volume":50000,"label":" ","price":0.415},{"type":"B","date":"2018-04-04T06:43:57.000Z","volume":50000,"label":" ","price":0.415},{"type":"B","date":"2018-04-04T06:44:06.000Z","volume":10000,"label":" ","price":0.415},{"type":"B","date":"2018-04-04T06:45:48.000Z","volume":20000,"label":" ","price":0.415},{"type":"B","date":"2018-04-04T07:16:06.000Z","volume":100000,"label":" ","price":0.415},{"type":"B","date":"2018-04-04T07:21:37.000Z","volume":20000,"label":" ","price":0.415},{"type":"B","date":"2018-04-04T07:36:47.000Z","volume":370000,"label":" ","price":0.415},{"type":"B","date":"2018-04-04T07:38:06.000Z","volume":100000,"label":" ","price":0.41},{"type":"A","date":"2018-04-04T07:56:46.000Z","volume":20000,"label":" ","price":0.415}]