[{"type":"B","date":"2018-03-19T01:30:12.000Z","volume":200,"label":" ","price":10.8},{"type":"B","date":"2018-03-19T01:30:48.000Z","volume":800,"label":" ","price":10.8},{"type":"U","date":"2018-03-19T01:38:24.000Z","volume":200,"label":" ","price":10.76},{"type":"B","date":"2018-03-19T01:47:52.000Z","volume":400,"label":" ","price":10.74},{"type":"A","date":"2018-03-19T01:52:00.000Z","volume":200,"label":"Y","price":10.78},{"type":"A","date":"2018-03-19T01:58:40.000Z","volume":200,"label":"Y","price":10.78},{"type":"A","date":"2018-03-19T02:04:33.000Z","volume":1600,"label":" ","price":10.78},{"type":"B","date":"2018-03-19T02:04:51.000Z","volume":1000,"label":" ","price":10.78},{"type":"A","date":"2018-03-19T02:14:48.000Z","volume":400,"label":" ","price":10.8},{"type":"A","date":"2018-03-19T02:21:11.000Z","volume":200,"label":" ","price":10.8},{"type":"A","date":"2018-03-19T02:29:01.000Z","volume":9000,"label":" ","price":10.8},{"type":"A","date":"2018-03-19T02:29:01.000Z","volume":200,"label":" ","price":10.82},{"type":"A","date":"2018-03-19T02:33:52.000Z","volume":3400,"label":" ","price":10.84},{"type":"B","date":"2018-03-19T02:33:52.000Z","volume":200,"label":" ","price":10.8},{"type":"A","date":"2018-03-19T02:41:15.000Z","volume":200,"label":" ","price":10.84},{"type":"A","date":"2018-03-19T02:51:47.000Z","volume":200,"label":" ","price":10.82},{"type":"A","date":"2018-03-19T02:51:59.000Z","volume":200,"label":" ","price":10.82},{"type":"B","date":"2018-03-19T02:53:15.000Z","volume":400,"label":" ","price":10.8},{"type":"B","date":"2018-03-19T02:54:12.000Z","volume":1600,"label":" ","price":10.78},{"type":"B","date":"2018-03-19T02:54:12.000Z","volume":200,"label":" ","price":10.76},{"type":"B","date":"2018-03-19T02:59:18.000Z","volume":4800,"label":" ","price":10.76},{"type":"B","date":"2018-03-19T02:59:18.000Z","volume":200,"label":" ","price":10.74},{"type":"A","date":"2018-03-19T03:00:45.000Z","volume":200,"label":" ","price":10.76},{"type":"A","date":"2018-03-19T03:02:59.000Z","volume":2800,"label":" ","price":10.76},{"type":"B","date":"2018-03-19T03:02:59.000Z","volume":200,"label":" ","price":10.76},{"type":"A","date":"2018-03-19T03:15:57.000Z","volume":2400,"label":" ","price":10.8},{"type":"B","date":"2018-03-19T03:16:09.000Z","volume":1600,"label":" ","price":10.8},{"type":"A","date":"2018-03-19T03:41:25.000Z","volume":200,"label":" ","price":10.82},{"type":"A","date":"2018-03-19T03:53:59.000Z","volume":200,"label":" ","price":10.82},{"type":"A","date":"2018-03-19T05:00:00.000Z","volume":4000,"label":" ","price":10.84},{"type":"B","date":"2018-03-19T05:03:02.000Z","volume":4400,"label":" ","price":10.84},{"type":"B","date":"2018-03-19T05:03:02.000Z","volume":200,"label":" ","price":10.84},{"type":"B","date":"2018-03-19T05:03:06.000Z","volume":200,"label":" ","price":10.84},{"type":"U","date":"2018-03-19T05:13:24.000Z","volume":200,"label":" ","price":10.86},{"type":"A","date":"2018-03-19T05:25:07.000Z","volume":200,"label":" ","price":10.88},{"type":"A","date":"2018-03-19T05:26:06.000Z","volume":4200,"label":" ","price":10.88},{"type":"B","date":"2018-03-19T05:26:12.000Z","volume":800,"label":" ","price":10.88},{"type":"A","date":"2018-03-19T05:29:23.000Z","volume":3200,"label":" ","price":10.88},{"type":"B","date":"2018-03-19T05:31:08.000Z","volume":1800,"label":" ","price":10.88},{"type":"B","date":"2018-03-19T05:31:17.000Z","volume":200,"label":" ","price":10.86},{"type":"B","date":"2018-03-19T05:37:15.000Z","volume":1600,"label":" ","price":10.84},{"type":"A","date":"2018-03-19T05:53:06.000Z","volume":600,"label":" ","price":10.84},{"type":"B","date":"2018-03-19T05:56:55.000Z","volume":200,"label":" ","price":10.82},{"type":"B","date":"2018-03-19T05:56:55.000Z","volume":200,"label":" ","price":10.82},{"type":"A","date":"2018-03-19T06:27:20.000Z","volume":200,"label":" ","price":10.84},{"type":"A","date":"2018-03-19T06:37:27.000Z","volume":400,"label":" ","price":10.84},{"type":"A","date":"2018-03-19T06:42:57.000Z","volume":200,"label":" ","price":10.84},{"type":"B","date":"2018-03-19T06:47:55.000Z","volume":200,"label":" ","price":10.82},{"type":"B","date":"2018-03-19T06:56:09.000Z","volume":400,"label":" ","price":10.82},{"type":"A","date":"2018-03-19T06:56:09.000Z","volume":200,"label":" ","price":10.82},{"type":"B","date":"2018-03-19T06:58:50.000Z","volume":800,"label":" ","price":10.8},{"type":"B","date":"2018-03-19T06:58:51.000Z","volume":200,"label":" ","price":10.8},{"type":"B","date":"2018-03-19T07:17:08.000Z","volume":3000,"label":" ","price":10.8},{"type":"B","date":"2018-03-19T07:17:08.000Z","volume":200,"label":" ","price":10.8},{"type":"B","date":"2018-03-19T07:19:42.000Z","volume":1000,"label":" ","price":10.8},{"type":"A","date":"2018-03-19T07:30:14.000Z","volume":10000,"label":" ","price":10.82},{"type":"B","date":"2018-03-19T07:33:10.000Z","volume":200,"label":" ","price":10.8},{"type":"B","date":"2018-03-19T07:46:13.000Z","volume":200,"label":" ","price":10.8},{"type":"B","date":"2018-03-19T07:51:08.000Z","volume":10000,"label":" ","price":10.8},{"type":"B","date":"2018-03-19T07:51:08.000Z","volume":200,"label":" ","price":10.78},{"type":"A","date":"2018-03-19T07:51:11.000Z","volume":200,"label":" ","price":10.82},{"type":"B","date":"2018-03-19T07:54:50.000Z","volume":200,"label":" ","price":10.8},{"type":"B","date":"2018-03-19T07:58:10.000Z","volume":200,"label":" ","price":10.8},{"type":"B","date":"2018-03-19T07:58:10.000Z","volume":8000,"label":" ","price":10.78},{"type":"B","date":"2018-03-19T07:58:51.000Z","volume":200,"label":" ","price":10.76},{"type":"B","date":"2018-03-19T07:58:57.000Z","volume":200,"label":" ","price":10.76},{"type":"B","date":"2018-03-19T07:59:07.000Z","volume":200,"label":" ","price":10.76}]