[{"type":"A","date":"2018-04-24T01:36:38.000Z","volume":8000,"label":" ","price":0.52},{"type":"A","date":"2018-04-24T01:49:26.000Z","volume":1592000,"label":" ","price":0.52},{"type":"A","date":"2018-04-24T01:49:26.000Z","volume":408000,"label":" ","price":0.52},{"type":"B","date":"2018-04-24T01:49:26.000Z","volume":16000,"label":" ","price":0.51},{"type":"B","date":"2018-04-24T01:49:26.000Z","volume":48000,"label":" ","price":0.51},{"type":"A","date":"2018-04-24T01:49:28.000Z","volume":8000,"label":" ","price":0.53},{"type":"B","date":"2018-04-24T01:51:30.000Z","volume":8000,"label":" ","price":0.52},{"type":"A","date":"2018-04-24T01:51:58.000Z","volume":8000,"label":" ","price":0.53},{"type":"B","date":"2018-04-24T01:52:14.000Z","volume":88000,"label":"Y","price":0.52},{"type":"B","date":"2018-04-24T01:52:14.000Z","volume":40000,"label":" ","price":0.52},{"type":"A","date":"2018-04-24T01:55:16.000Z","volume":200000,"label":" ","price":0.52},{"type":"B","date":"2018-04-24T01:57:45.000Z","volume":8000,"label":" ","price":0.51},{"type":"A","date":"2018-04-24T01:57:58.000Z","volume":8000,"label":" ","price":0.52},{"type":"A","date":"2018-04-24T02:00:34.000Z","volume":8000,"label":" ","price":0.52},{"type":"B","date":"2018-04-24T02:30:18.000Z","volume":12000000,"label":" ","price":0.51},{"type":"B","date":"2018-04-24T02:30:18.000Z","volume":72000,"label":" ","price":0.51},{"type":"A","date":"2018-04-24T02:30:29.000Z","volume":32000,"label":" ","price":0.51},{"type":"A","date":"2018-04-24T02:30:29.000Z","volume":32000,"label":" ","price":0.51},{"type":"A","date":"2018-04-24T02:30:53.000Z","volume":1272000,"label":" ","price":0.51},{"type":"A","date":"2018-04-24T02:30:53.000Z","volume":128000,"label":" ","price":0.51},{"type":"A","date":"2018-04-24T02:31:05.000Z","volume":8000,"label":" ","price":0.52},{"type":"B","date":"2018-04-24T02:33:57.000Z","volume":424000,"label":" ","price":0.51},{"type":"B","date":"2018-04-24T02:34:40.000Z","volume":16000,"label":" ","price":0.5},{"type":"A","date":"2018-04-24T02:34:52.000Z","volume":8000,"label":" ","price":0.51},{"type":"A","date":"2018-04-24T02:35:07.000Z","volume":720000,"label":" ","price":0.51},{"type":"B","date":"2018-04-24T02:35:10.000Z","volume":80000,"label":" ","price":0.51},{"type":"A","date":"2018-04-24T02:35:18.000Z","volume":24000,"label":" ","price":0.51},{"type":"A","date":"2018-04-24T02:35:46.000Z","volume":8000,"label":" ","price":0.52},{"type":"A","date":"2018-04-24T02:41:59.000Z","volume":72000,"label":" ","price":0.51},{"type":"B","date":"2018-04-24T02:41:59.000Z","volume":8000000,"label":" ","price":0.5},{"type":"B","date":"2018-04-24T02:41:59.000Z","volume":624000,"label":" ","price":0.5},{"type":"B","date":"2018-04-24T02:42:02.000Z","volume":128000,"label":" ","price":0.5},{"type":"B","date":"2018-04-24T02:42:11.000Z","volume":1144000,"label":" ","price":0.5},{"type":"B","date":"2018-04-24T02:42:20.000Z","volume":40000,"label":" ","price":0.5},{"type":"A","date":"2018-04-24T02:43:15.000Z","volume":7000000,"label":" ","price":0.51},{"type":"B","date":"2018-04-24T02:51:40.000Z","volume":40000,"label":" ","price":0.5},{"type":"A","date":"2018-04-24T02:53:11.000Z","volume":40000,"label":" ","price":0.51},{"type":"B","date":"2018-04-24T02:54:02.000Z","volume":80000,"label":"Y","price":0.5},{"type":"B","date":"2018-04-24T02:54:02.000Z","volume":320000,"label":" ","price":0.5},{"type":"B","date":"2018-04-24T02:55:03.000Z","volume":160000,"label":" ","price":0.5},{"type":"A","date":"2018-04-24T02:55:33.000Z","volume":1000000,"label":" ","price":0.51},{"type":"B","date":"2018-04-24T02:56:21.000Z","volume":192000,"label":" ","price":0.5},{"type":"A","date":"2018-04-24T03:03:48.000Z","volume":8000,"label":" ","price":0.51},{"type":"A","date":"2018-04-24T03:04:19.000Z","volume":1000000,"label":" ","price":0.51},{"type":"A","date":"2018-04-24T03:05:32.000Z","volume":8000,"label":" ","price":0.51},{"type":"A","date":"2018-04-24T03:07:26.000Z","volume":1000000,"label":" ","price":0.51},{"type":"A","date":"2018-04-24T03:18:00.000Z","volume":32000,"label":" ","price":0.51},{"type":"A","date":"2018-04-24T03:19:01.000Z","volume":8000,"label":" ","price":0.51},{"type":"A","date":"2018-04-24T03:22:27.000Z","volume":5800000,"label":" ","price":0.51},{"type":"A","date":"2018-04-24T03:22:27.000Z","volume":48000,"label":" ","price":0.51},{"type":"A","date":"2018-04-24T03:22:56.000Z","volume":8000,"label":" ","price":0.52},{"type":"B","date":"2018-04-24T03:24:51.000Z","volume":56000,"label":" ","price":0.51},{"type":"A","date":"2018-04-24T03:28:31.000Z","volume":32000,"label":" ","price":0.52},{"type":"A","date":"2018-04-24T03:39:01.000Z","volume":32000,"label":" ","price":0.52},{"type":"A","date":"2018-04-24T03:41:07.000Z","volume":8008000,"label":" ","price":0.52},{"type":"A","date":"2018-04-24T03:41:07.000Z","volume":72000,"label":" ","price":0.52},{"type":"A","date":"2018-04-24T03:41:07.000Z","volume":136000,"label":" ","price":0.52},{"type":"A","date":"2018-04-24T03:43:01.000Z","volume":64000,"label":" ","price":0.53},{"type":"A","date":"2018-04-24T03:43:24.000Z","volume":200000,"label":" ","price":0.53},{"type":"B","date":"2018-04-24T03:52:04.000Z","volume":240000,"label":" ","price":0.52},{"type":"A","date":"2018-04-24T05:07:12.000Z","volume":56000,"label":" ","price":0.53},{"type":"A","date":"2018-04-24T05:17:03.000Z","volume":32000,"label":" ","price":0.53},{"type":"A","date":"2018-04-24T05:17:48.000Z","volume":16000,"label":" ","price":0.53},{"type":"A","date":"2018-04-24T05:25:33.000Z","volume":16000,"label":" ","price":0.53},{"type":"A","date":"2018-04-24T05:27:33.000Z","volume":32000,"label":" ","price":0.53},{"type":"A","date":"2018-04-24T05:30:57.000Z","volume":8000,"label":" ","price":0.53},{"type":"A","date":"2018-04-24T05:39:33.000Z","volume":32000,"label":" ","price":0.53},{"type":"A","date":"2018-04-24T05:47:10.000Z","volume":8000,"label":" ","price":0.53},{"type":"A","date":"2018-04-24T05:49:05.000Z","volume":160000,"label":" ","price":0.53},{"type":"A","date":"2018-04-24T05:51:34.000Z","volume":32000,"label":" ","price":0.53},{"type":"B","date":"2018-04-24T05:53:10.000Z","volume":8000,"label":" ","price":0.52},{"type":"A","date":"2018-04-24T05:57:13.000Z","volume":8000,"label":" ","price":0.53},{"type":"A","date":"2018-04-24T06:03:04.000Z","volume":32000,"label":" ","price":0.53},{"type":"A","date":"2018-04-24T06:14:35.000Z","volume":32000,"label":" ","price":0.53},{"type":"A","date":"2018-04-24T06:27:05.000Z","volume":32000,"label":" ","price":0.53},{"type":"B","date":"2018-04-24T06:27:17.000Z","volume":120000,"label":" ","price":0.52},{"type":"A","date":"2018-04-24T06:44:55.000Z","volume":8000,"label":" ","price":0.53},{"type":"B","date":"2018-04-24T06:46:34.000Z","volume":80000,"label":" ","price":0.52},{"type":"A","date":"2018-04-24T06:47:32.000Z","volume":16000,"label":" ","price":0.53},{"type":"A","date":"2018-04-24T06:52:03.000Z","volume":8000,"label":" ","price":0.53},{"type":"A","date":"2018-04-24T06:54:03.000Z","volume":24000,"label":" ","price":0.53},{"type":"A","date":"2018-04-24T07:00:33.000Z","volume":24000,"label":" ","price":0.53},{"type":"A","date":"2018-04-24T07:07:03.000Z","volume":24000,"label":" ","price":0.53},{"type":"B","date":"2018-04-24T07:07:14.000Z","volume":8000,"label":" ","price":0.52},{"type":"A","date":"2018-04-24T07:13:33.000Z","volume":24000,"label":" ","price":0.53},{"type":"A","date":"2018-04-24T07:20:03.000Z","volume":24000,"label":" ","price":0.53},{"type":"A","date":"2018-04-24T07:23:06.000Z","volume":2000000,"label":" ","price":0.53},{"type":"A","date":"2018-04-24T07:26:04.000Z","volume":8000,"label":" ","price":0.53},{"type":"B","date":"2018-04-24T07:26:34.000Z","volume":104000,"label":" ","price":0.52},{"type":"A","date":"2018-04-24T07:28:34.000Z","volume":32000,"label":" ","price":0.53},{"type":"A","date":"2018-04-24T07:36:04.000Z","volume":16000,"label":" ","price":0.53},{"type":"B","date":"2018-04-24T07:38:15.000Z","volume":8000000,"label":" ","price":0.52},{"type":"B","date":"2018-04-24T07:38:35.000Z","volume":8000000,"label":" ","price":0.52},{"type":"B","date":"2018-04-24T07:38:45.000Z","volume":1408000,"label":" ","price":0.52},{"type":"B","date":"2018-04-24T07:39:16.000Z","volume":1000000,"label":" ","price":0.52},{"type":"B","date":"2018-04-24T07:42:28.000Z","volume":1000000,"label":" ","price":0.52},{"type":"B","date":"2018-04-24T07:43:15.000Z","volume":8000,"label":" ","price":0.52},{"type":"A","date":"2018-04-24T07:43:19.000Z","volume":40000,"label":" ","price":0.53},{"type":"B","date":"2018-04-24T07:45:06.000Z","volume":16000,"label":" ","price":0.52},{"type":"A","date":"2018-04-24T07:49:56.000Z","volume":40000,"label":" ","price":0.53},{"type":"A","date":"2018-04-24T07:52:34.000Z","volume":8000,"label":" ","price":0.53},{"type":"A","date":"2018-04-24T07:53:34.000Z","volume":8000,"label":" ","price":0.53},{"type":"A","date":"2018-04-24T07:54:04.000Z","volume":24000,"label":" ","price":0.53},{"type":"A","date":"2018-04-24T07:56:04.000Z","volume":16000,"label":" ","price":0.53},{"type":"B","date":"2018-04-24T07:56:43.000Z","volume":1400000,"label":" ","price":0.52},{"type":"A","date":"2018-04-24T07:56:45.000Z","volume":40000,"label":" ","price":0.53},{"type":"B","date":"2018-04-24T07:56:51.000Z","volume":400000,"label":" ","price":0.52},{"type":"A","date":"2018-04-24T07:56:53.000Z","volume":40000,"label":" ","price":0.53},{"type":"B","date":"2018-04-24T07:57:02.000Z","volume":200000,"label":" ","price":0.52},{"type":"A","date":"2018-04-24T07:57:04.000Z","volume":8000,"label":" ","price":0.53},{"type":"A","date":"2018-04-24T07:57:05.000Z","volume":40000,"label":" ","price":0.53},{"type":"B","date":"2018-04-24T07:57:13.000Z","volume":200000,"label":" ","price":0.52},{"type":"A","date":"2018-04-24T07:57:14.000Z","volume":40000,"label":" ","price":0.53},{"type":"A","date":"2018-04-24T07:58:04.000Z","volume":24000,"label":" ","price":0.53},{"type":"A","date":"2018-04-24T07:59:30.000Z","volume":16000,"label":" ","price":0.53},{"type":"A","date":"2018-04-24T07:59:55.000Z","volume":8000,"label":" ","price":0.53},{"type":"U","date":"2018-04-24T08:08:02.000Z","volume":944000,"label":"U","price":0.52}]