[{"type":"U","date":"2018-05-03T01:20:00.000Z","volume":10000,"label":"U","price":15.68},{"type":"B","date":"2018-05-03T01:30:01.000Z","volume":400,"label":"Y","price":15.6},{"type":"B","date":"2018-05-03T01:30:03.000Z","volume":200,"label":"Y","price":15.6},{"type":"B","date":"2018-05-03T01:30:04.000Z","volume":200,"label":" ","price":15.6},{"type":"B","date":"2018-05-03T01:30:08.000Z","volume":200,"label":" ","price":15.64},{"type":"B","date":"2018-05-03T01:30:19.000Z","volume":600,"label":" ","price":15.64},{"type":"B","date":"2018-05-03T01:30:19.000Z","volume":200,"label":" ","price":15.64},{"type":"B","date":"2018-05-03T01:30:19.000Z","volume":4800,"label":" ","price":15.6},{"type":"B","date":"2018-05-03T01:30:19.000Z","volume":400,"label":" ","price":15.6},{"type":"B","date":"2018-05-03T01:30:19.000Z","volume":400,"label":" ","price":15.6},{"type":"A","date":"2018-05-03T01:30:19.000Z","volume":200,"label":"Y","price":15.62},{"type":"A","date":"2018-05-03T01:30:19.000Z","volume":800,"label":" ","price":15.62},{"type":"B","date":"2018-05-03T01:30:19.000Z","volume":400,"label":" ","price":15.6},{"type":"B","date":"2018-05-03T01:30:29.000Z","volume":200,"label":" ","price":15.6},{"type":"B","date":"2018-05-03T01:30:29.000Z","volume":200,"label":" ","price":15.6},{"type":"B","date":"2018-05-03T01:30:40.000Z","volume":4800,"label":" ","price":15.58},{"type":"B","date":"2018-05-03T01:30:40.000Z","volume":200,"label":" ","price":15.58},{"type":"B","date":"2018-05-03T01:30:40.000Z","volume":200,"label":" ","price":15.58},{"type":"U","date":"2018-05-03T01:30:40.000Z","volume":200,"label":"Y","price":15.6},{"type":"U","date":"2018-05-03T01:30:40.000Z","volume":400,"label":" ","price":15.6},{"type":"A","date":"2018-05-03T01:30:40.000Z","volume":400,"label":" ","price":15.6},{"type":"B","date":"2018-05-03T01:30:40.000Z","volume":200,"label":" ","price":15.58},{"type":"A","date":"2018-05-03T01:30:47.000Z","volume":1000,"label":" ","price":15.6},{"type":"A","date":"2018-05-03T01:30:47.000Z","volume":200,"label":" ","price":15.6},{"type":"A","date":"2018-05-03T01:30:49.000Z","volume":400,"label":" ","price":15.6},{"type":"B","date":"2018-05-03T01:30:50.000Z","volume":1200,"label":" ","price":15.56},{"type":"U","date":"2018-05-03T01:30:50.000Z","volume":800,"label":" ","price":15.58},{"type":"A","date":"2018-05-03T01:30:55.000Z","volume":200,"label":"Y","price":15.56},{"type":"A","date":"2018-05-03T01:30:55.000Z","volume":200,"label":" ","price":15.56},{"type":"B","date":"2018-05-03T01:30:57.000Z","volume":10200,"label":" ","price":15.54},{"type":"A","date":"2018-05-03T01:30:57.000Z","volume":1000,"label":" ","price":15.56},{"type":"B","date":"2018-05-03T01:30:57.000Z","volume":400,"label":" ","price":15.54},{"type":"A","date":"2018-05-03T01:30:57.000Z","volume":800,"label":" ","price":15.56},{"type":"A","date":"2018-05-03T01:30:57.000Z","volume":600,"label":" ","price":15.56},{"type":"A","date":"2018-05-03T01:30:59.000Z","volume":400,"label":" ","price":15.56},{"type":"A","date":"2018-05-03T01:30:59.000Z","volume":200,"label":" ","price":15.56},{"type":"A","date":"2018-05-03T01:31:00.000Z","volume":10400,"label":" ","price":15.56},{"type":"A","date":"2018-05-03T01:31:00.000Z","volume":400,"label":" ","price":15.58},{"type":"A","date":"2018-05-03T01:31:00.000Z","volume":600,"label":" ","price":15.58},{"type":"A","date":"2018-05-03T01:31:01.000Z","volume":200,"label":" ","price":15.58},{"type":"A","date":"2018-05-03T01:31:01.000Z","volume":200,"label":" ","price":15.58},{"type":"A","date":"2018-05-03T01:31:02.000Z","volume":2200,"label":" ","price":15.58},{"type":"A","date":"2018-05-03T01:31:03.000Z","volume":200,"label":" ","price":15.6},{"type":"A","date":"2018-05-03T01:31:03.000Z","volume":1800,"label":" ","price":15.6},{"type":"A","date":"2018-05-03T01:31:03.000Z","volume":2800,"label":" ","price":15.6},{"type":"B","date":"2018-05-03T01:31:03.000Z","volume":1000,"label":" ","price":15.6},{"type":"A","date":"2018-05-03T01:31:03.000Z","volume":400,"label":" ","price":15.6},{"type":"B","date":"2018-05-03T01:31:04.000Z","volume":600,"label":"Y","price":15.58},{"type":"A","date":"2018-05-03T01:31:04.000Z","volume":800,"label":" ","price":15.6},{"type":"A","date":"2018-05-03T01:31:04.000Z","volume":400,"label":" ","price":15.6},{"type":"A","date":"2018-05-03T01:31:06.000Z","volume":7200,"label":" ","price":15.6},{"type":"B","date":"2018-05-03T01:31:08.000Z","volume":400,"label":" ","price":15.6},{"type":"B","date":"2018-05-03T01:31:30.000Z","volume":2600,"label":" ","price":15.6},{"type":"B","date":"2018-05-03T01:31:30.000Z","volume":1200,"label":" ","price":15.6},{"type":"B","date":"2018-05-03T01:31:38.000Z","volume":200,"label":" ","price":15.6},{"type":"B","date":"2018-05-03T01:31:46.000Z","volume":2000,"label":" ","price":15.58},{"type":"A","date":"2018-05-03T01:32:31.000Z","volume":2800,"label":" ","price":15.6},{"type":"A","date":"2018-05-03T01:32:31.000Z","volume":200,"label":" ","price":15.6},{"type":"A","date":"2018-05-03T01:32:31.000Z","volume":3000,"label":" ","price":15.62},{"type":"A","date":"2018-05-03T01:32:31.000Z","volume":200,"label":" ","price":15.62},{"type":"A","date":"2018-05-03T01:32:31.000Z","volume":200,"label":" ","price":15.6},{"type":"U","date":"2018-05-03T01:32:46.000Z","volume":200,"label":" ","price":15.64},{"type":"B","date":"2018-05-03T01:32:47.000Z","volume":1400,"label":" ","price":15.62},{"type":"A","date":"2018-05-03T01:33:29.000Z","volume":1000,"label":" ","price":15.62},{"type":"A","date":"2018-05-03T01:33:29.000Z","volume":15800,"label":" ","price":15.64},{"type":"A","date":"2018-05-03T01:33:29.000Z","volume":3200,"label":" ","price":15.64},{"type":"B","date":"2018-05-03T01:33:29.000Z","volume":800,"label":" ","price":15.64},{"type":"A","date":"2018-05-03T01:33:30.000Z","volume":1200,"label":" ","price":15.66},{"type":"B","date":"2018-05-03T01:33:41.000Z","volume":600,"label":" ","price":15.64},{"type":"A","date":"2018-05-03T01:33:51.000Z","volume":6000,"label":" ","price":15.66},{"type":"B","date":"2018-05-03T01:34:06.000Z","volume":8800,"label":" ","price":15.66},{"type":"A","date":"2018-05-03T01:34:07.000Z","volume":800,"label":" ","price":15.68},{"type":"B","date":"2018-05-03T01:34:44.000Z","volume":3200,"label":" ","price":15.66},{"type":"A","date":"2018-05-03T01:34:56.000Z","volume":200,"label":" ","price":15.7},{"type":"A","date":"2018-05-03T01:34:58.000Z","volume":3800,"label":" ","price":15.7},{"type":"B","date":"2018-05-03T01:35:00.000Z","volume":3400,"label":" ","price":15.7},{"type":"B","date":"2018-05-03T01:36:55.000Z","volume":3200,"label":" ","price":15.7},{"type":"B","date":"2018-05-03T01:36:58.000Z","volume":400,"label":" ","price":15.7},{"type":"A","date":"2018-05-03T01:37:04.000Z","volume":400,"label":"Y","price":15.7},{"type":"A","date":"2018-05-03T01:37:04.000Z","volume":200,"label":" ","price":15.7},{"type":"B","date":"2018-05-03T01:37:55.000Z","volume":1200,"label":" ","price":15.68},{"type":"B","date":"2018-05-03T01:37:55.000Z","volume":600,"label":" ","price":15.68},{"type":"B","date":"2018-05-03T01:37:55.000Z","volume":4800,"label":" ","price":15.66},{"type":"B","date":"2018-05-03T01:37:55.000Z","volume":200,"label":" ","price":15.68},{"type":"A","date":"2018-05-03T01:38:16.000Z","volume":2200,"label":" ","price":15.68},{"type":"B","date":"2018-05-03T01:38:16.000Z","volume":600,"label":" ","price":15.68},{"type":"B","date":"2018-05-03T01:38:16.000Z","volume":200,"label":" ","price":15.68},{"type":"B","date":"2018-05-03T01:38:17.000Z","volume":3400,"label":" ","price":15.68},{"type":"A","date":"2018-05-03T01:39:37.000Z","volume":200,"label":" ","price":15.7},{"type":"A","date":"2018-05-03T01:40:34.000Z","volume":800,"label":" ","price":15.7},{"type":"B","date":"2018-05-03T01:40:45.000Z","volume":600,"label":" ","price":15.68},{"type":"B","date":"2018-05-03T01:40:45.000Z","volume":200,"label":" ","price":15.68},{"type":"B","date":"2018-05-03T01:40:46.000Z","volume":200,"label":" ","price":15.68},{"type":"U","date":"2018-05-03T01:42:13.000Z","volume":800,"label":" ","price":15.68},{"type":"B","date":"2018-05-03T01:43:04.000Z","volume":2000,"label":" ","price":15.66},{"type":"U","date":"2018-05-03T01:44:26.000Z","volume":400,"label":" ","price":15.68},{"type":"U","date":"2018-05-03T01:44:40.000Z","volume":200,"label":" ","price":15.68},{"type":"B","date":"2018-05-03T01:45:16.000Z","volume":3000,"label":" ","price":15.66},{"type":"B","date":"2018-05-03T01:45:28.000Z","volume":2400,"label":" ","price":15.64},{"type":"B","date":"2018-05-03T01:46:28.000Z","volume":5200,"label":" ","price":15.64},{"type":"B","date":"2018-05-03T01:46:28.000Z","volume":200,"label":" ","price":15.64},{"type":"B","date":"2018-05-03T01:46:28.000Z","volume":200,"label":" ","price":15.62},{"type":"A","date":"2018-05-03T01:46:29.000Z","volume":400,"label":" ","price":15.64},{"type":"A","date":"2018-05-03T01:46:29.000Z","volume":400,"label":" ","price":15.64},{"type":"B","date":"2018-05-03T01:46:35.000Z","volume":8000,"label":" ","price":15.62},{"type":"B","date":"2018-05-03T01:46:36.000Z","volume":200,"label":"Y","price":15.6},{"type":"B","date":"2018-05-03T01:46:50.000Z","volume":2600,"label":" ","price":15.6},{"type":"A","date":"2018-05-03T01:46:50.000Z","volume":400,"label":" ","price":15.62},{"type":"A","date":"2018-05-03T01:47:38.000Z","volume":400,"label":" ","price":15.62},{"type":"A","date":"2018-05-03T01:48:01.000Z","volume":5000,"label":" ","price":15.62},{"type":"A","date":"2018-05-03T01:48:01.000Z","volume":9600,"label":" ","price":15.62},{"type":"U","date":"2018-05-03T01:48:01.000Z","volume":200,"label":" ","price":15.62},{"type":"A","date":"2018-05-03T01:48:01.000Z","volume":400,"label":" ","price":15.64},{"type":"A","date":"2018-05-03T01:48:01.000Z","volume":200,"label":" ","price":15.64},{"type":"A","date":"2018-05-03T01:48:09.000Z","volume":200,"label":" ","price":15.64},{"type":"A","date":"2018-05-03T01:49:27.000Z","volume":400,"label":" ","price":15.62},{"type":"A","date":"2018-05-03T01:51:19.000Z","volume":200,"label":" ","price":15.64},{"type":"A","date":"2018-05-03T01:51:19.000Z","volume":800,"label":" ","price":15.64},{"type":"B","date":"2018-05-03T01:52:03.000Z","volume":400,"label":" ","price":15.62},{"type":"A","date":"2018-05-03T01:52:05.000Z","volume":400,"label":" ","price":15.64},{"type":"A","date":"2018-05-03T01:52:05.000Z","volume":200,"label":" ","price":15.64},{"type":"A","date":"2018-05-03T01:52:58.000Z","volume":200,"label":" ","price":15.66},{"type":"A","date":"2018-05-03T01:52:58.000Z","volume":200,"label":" ","price":15.66},{"type":"A","date":"2018-05-03T01:52:58.000Z","volume":200,"label":" ","price":15.66},{"type":"A","date":"2018-05-03T01:56:28.000Z","volume":200,"label":" ","price":15.7},{"type":"A","date":"2018-05-03T01:56:36.000Z","volume":8600,"label":" ","price":15.7},{"type":"A","date":"2018-05-03T01:56:36.000Z","volume":10400,"label":" ","price":15.7},{"type":"A","date":"2018-05-03T01:56:36.000Z","volume":1000,"label":" ","price":15.7},{"type":"A","date":"2018-05-03T01:56:36.000Z","volume":800,"label":" ","price":15.7},{"type":"A","date":"2018-05-03T01:56:36.000Z","volume":1600,"label":" ","price":15.7},{"type":"A","date":"2018-05-03T01:56:36.000Z","volume":200,"label":" ","price":15.7},{"type":"A","date":"2018-05-03T01:56:36.000Z","volume":200,"label":" ","price":15.7},{"type":"B","date":"2018-05-03T01:56:36.000Z","volume":1200,"label":" ","price":15.68},{"type":"B","date":"2018-05-03T01:56:43.000Z","volume":600,"label":" ","price":15.68},{"type":"A","date":"2018-05-03T01:56:45.000Z","volume":200,"label":" ","price":15.7},{"type":"A","date":"2018-05-03T01:56:48.000Z","volume":20000,"label":" ","price":15.7},{"type":"A","date":"2018-05-03T01:56:48.000Z","volume":1600,"label":" ","price":15.7},{"type":"A","date":"2018-05-03T01:56:53.000Z","volume":1200,"label":" ","price":15.7},{"type":"A","date":"2018-05-03T01:56:53.000Z","volume":200,"label":" ","price":15.7},{"type":"A","date":"2018-05-03T01:56:53.000Z","volume":200,"label":" ","price":15.7},{"type":"A","date":"2018-05-03T01:56:53.000Z","volume":200,"label":" ","price":15.7},{"type":"A","date":"2018-05-03T01:57:00.000Z","volume":600,"label":" ","price":15.7},{"type":"B","date":"2018-05-03T01:57:03.000Z","volume":2600,"label":" ","price":15.7},{"type":"U","date":"2018-05-03T01:57:06.000Z","volume":10400,"label":" ","price":15.7},{"type":"U","date":"2018-05-03T01:57:06.000Z","volume":7600,"label":" ","price":15.7},{"type":"U","date":"2018-05-03T01:57:06.000Z","volume":200,"label":" ","price":15.7},{"type":"U","date":"2018-05-03T01:57:06.000Z","volume":1800,"label":" ","price":15.7},{"type":"A","date":"2018-05-03T01:57:15.000Z","volume":400,"label":" ","price":15.7},{"type":"A","date":"2018-05-03T01:57:17.000Z","volume":20000,"label":" ","price":15.7},{"type":"B","date":"2018-05-03T01:57:17.000Z","volume":4000,"label":" ","price":15.68},{"type":"B","date":"2018-05-03T01:57:18.000Z","volume":1000,"label":" ","price":15.7},{"type":"A","date":"2018-05-03T01:57:18.000Z","volume":200,"label":" ","price":15.72},{"type":"B","date":"2018-05-03T01:57:18.000Z","volume":1600,"label":" ","price":15.68},{"type":"A","date":"2018-05-03T01:57:19.000Z","volume":400,"label":" ","price":15.7},{"type":"A","date":"2018-05-03T01:57:25.000Z","volume":600,"label":" ","price":15.7},{"type":"A","date":"2018-05-03T01:58:14.000Z","volume":8200,"label":" ","price":15.72},{"type":"A","date":"2018-05-03T01:58:14.000Z","volume":600,"label":" ","price":15.72},{"type":"A","date":"2018-05-03T01:58:14.000Z","volume":400,"label":" ","price":15.72},{"type":"A","date":"2018-05-03T01:58:15.000Z","volume":200,"label":" ","price":15.72},{"type":"A","date":"2018-05-03T01:59:25.000Z","volume":400,"label":" ","price":15.7},{"type":"A","date":"2018-05-03T01:59:39.000Z","volume":1800,"label":" ","price":15.7},{"type":"A","date":"2018-05-03T01:59:39.000Z","volume":200,"label":" ","price":15.7},{"type":"A","date":"2018-05-03T02:00:22.000Z","volume":5600,"label":" ","price":15.7},{"type":"A","date":"2018-05-03T02:00:22.000Z","volume":2800,"label":" ","price":15.72},{"type":"A","date":"2018-05-03T02:00:49.000Z","volume":2400,"label":" ","price":15.74},{"type":"A","date":"2018-05-03T02:00:49.000Z","volume":400,"label":" ","price":15.76},{"type":"A","date":"2018-05-03T02:01:02.000Z","volume":6000,"label":" ","price":15.76},{"type":"A","date":"2018-05-03T02:01:02.000Z","volume":1000,"label":" ","price":15.76},{"type":"U","date":"2018-05-03T02:01:07.000Z","volume":4000,"label":" ","price":15.76},{"type":"A","date":"2018-05-03T02:01:07.000Z","volume":7600,"label":" ","price":15.78},{"type":"A","date":"2018-05-03T02:01:07.000Z","volume":32200,"label":" ","price":15.8},{"type":"A","date":"2018-05-03T02:01:07.000Z","volume":34000,"label":" ","price":15.8},{"type":"A","date":"2018-05-03T02:01:07.000Z","volume":4200,"label":" ","price":15.8},{"type":"A","date":"2018-05-03T02:01:07.000Z","volume":1200,"label":" ","price":15.8},{"type":"A","date":"2018-05-03T02:01:07.000Z","volume":600,"label":" ","price":15.8},{"type":"A","date":"2018-05-03T02:01:17.000Z","volume":2600,"label":" ","price":15.8},{"type":"B","date":"2018-05-03T02:01:54.000Z","volume":3000,"label":" ","price":15.76},{"type":"B","date":"2018-05-03T02:02:01.000Z","volume":3000,"label":" ","price":15.76},{"type":"A","date":"2018-05-03T02:02:22.000Z","volume":200,"label":" ","price":15.8},{"type":"A","date":"2018-05-03T02:02:22.000Z","volume":200,"label":" ","price":15.8},{"type":"U","date":"2018-05-03T02:03:11.000Z","volume":100,"label":"D","price":15.66},{"type":"B","date":"2018-05-03T02:03:29.000Z","volume":400,"label":" ","price":15.76},{"type":"B","date":"2018-05-03T02:03:44.000Z","volume":400,"label":" ","price":15.76},{"type":"B","date":"2018-05-03T02:04:13.000Z","volume":5000,"label":" ","price":15.76},{"type":"B","date":"2018-05-03T02:04:13.000Z","volume":8600,"label":" ","price":15.74},{"type":"B","date":"2018-05-03T02:04:13.000Z","volume":600,"label":" ","price":15.74},{"type":"A","date":"2018-05-03T02:04:13.000Z","volume":800,"label":" ","price":15.76},{"type":"A","date":"2018-05-03T02:04:13.000Z","volume":800,"label":" ","price":15.76},{"type":"B","date":"2018-05-03T02:04:13.000Z","volume":3600,"label":" ","price":15.72},{"type":"A","date":"2018-05-03T02:04:13.000Z","volume":600,"label":" ","price":15.72},{"type":"B","date":"2018-05-03T02:04:13.000Z","volume":200,"label":" ","price":15.7},{"type":"B","date":"2018-05-03T02:05:01.000Z","volume":200,"label":" ","price":15.7},{"type":"A","date":"2018-05-03T02:05:51.000Z","volume":1800,"label":" ","price":15.72},{"type":"B","date":"2018-05-03T02:06:05.000Z","volume":200,"label":" ","price":15.72},{"type":"A","date":"2018-05-03T02:06:15.000Z","volume":1200,"label":" ","price":15.74},{"type":"A","date":"2018-05-03T02:06:15.000Z","volume":200,"label":" ","price":15.74},{"type":"A","date":"2018-05-03T02:06:16.000Z","volume":1400,"label":" ","price":15.74},{"type":"B","date":"2018-05-03T02:07:04.000Z","volume":800,"label":" ","price":15.74},{"type":"A","date":"2018-05-03T02:07:05.000Z","volume":800,"label":" ","price":15.76},{"type":"A","date":"2018-05-03T02:07:05.000Z","volume":400,"label":" ","price":15.76},{"type":"B","date":"2018-05-03T02:08:01.000Z","volume":5000,"label":" ","price":15.74},{"type":"A","date":"2018-05-03T02:09:08.000Z","volume":800,"label":"Y","price":15.76},{"type":"A","date":"2018-05-03T02:09:08.000Z","volume":1400,"label":" ","price":15.76},{"type":"B","date":"2018-05-03T02:09:33.000Z","volume":3400,"label":" ","price":15.76},{"type":"A","date":"2018-05-03T02:09:47.000Z","volume":5400,"label":" ","price":15.78},{"type":"B","date":"2018-05-03T02:10:01.000Z","volume":5200,"label":" ","price":15.78},{"type":"A","date":"2018-05-03T02:10:01.000Z","volume":600,"label":" ","price":15.78},{"type":"B","date":"2018-05-03T02:10:28.000Z","volume":5600,"label":" ","price":15.76},{"type":"A","date":"2018-05-03T02:11:03.000Z","volume":200,"label":" ","price":15.78},{"type":"A","date":"2018-05-03T02:11:03.000Z","volume":8600,"label":" ","price":15.8},{"type":"A","date":"2018-05-03T02:11:03.000Z","volume":1200,"label":" ","price":15.8},{"type":"B","date":"2018-05-03T02:11:03.000Z","volume":200,"label":"Y","price":15.76},{"type":"B","date":"2018-05-03T02:11:40.000Z","volume":3800,"label":" ","price":15.78},{"type":"B","date":"2018-05-03T02:15:04.000Z","volume":10400,"label":" ","price":15.76},{"type":"B","date":"2018-05-03T02:15:04.000Z","volume":1800,"label":" ","price":15.76},{"type":"A","date":"2018-05-03T02:15:05.000Z","volume":200,"label":"Y","price":15.76},{"type":"A","date":"2018-05-03T02:15:05.000Z","volume":400,"label":" ","price":15.76},{"type":"B","date":"2018-05-03T02:15:24.000Z","volume":11400,"label":" ","price":15.76},{"type":"B","date":"2018-05-03T02:15:24.000Z","volume":600,"label":" ","price":15.76},{"type":"B","date":"2018-05-03T02:15:24.000Z","volume":3800,"label":" ","price":15.74},{"type":"B","date":"2018-05-03T02:15:24.000Z","volume":5000,"label":" ","price":15.72},{"type":"B","date":"2018-05-03T02:15:24.000Z","volume":200,"label":" ","price":15.72},{"type":"A","date":"2018-05-03T02:15:24.000Z","volume":600,"label":"Y","price":15.72},{"type":"A","date":"2018-05-03T02:15:24.000Z","volume":3600,"label":" ","price":15.74},{"type":"A","date":"2018-05-03T02:15:24.000Z","volume":5800,"label":" ","price":15.76},{"type":"U","date":"2018-05-03T02:15:25.000Z","volume":10000,"label":" ","price":15.76},{"type":"B","date":"2018-05-03T02:15:25.000Z","volume":1200,"label":" ","price":15.7},{"type":"U","date":"2018-05-03T02:15:26.000Z","volume":9600,"label":" ","price":15.76},{"type":"U","date":"2018-05-03T02:15:26.000Z","volume":400,"label":" ","price":15.76},{"type":"A","date":"2018-05-03T02:15:27.000Z","volume":1600,"label":"Y","price":15.76},{"type":"A","date":"2018-05-03T02:15:27.000Z","volume":7200,"label":" ","price":15.76},{"type":"A","date":"2018-05-03T02:15:27.000Z","volume":1200,"label":" ","price":15.76},{"type":"U","date":"2018-05-03T02:15:28.000Z","volume":10000,"label":" ","price":15.76},{"type":"A","date":"2018-05-03T02:15:29.000Z","volume":800,"label":"Y","price":15.74},{"type":"A","date":"2018-05-03T02:15:29.000Z","volume":9200,"label":" ","price":15.76},{"type":"A","date":"2018-05-03T02:15:30.000Z","volume":4600,"label":" ","price":15.76},{"type":"A","date":"2018-05-03T02:15:30.000Z","volume":600,"label":"Y","price":15.76},{"type":"A","date":"2018-05-03T02:15:31.000Z","volume":3600,"label":" ","price":15.76},{"type":"A","date":"2018-05-03T02:15:31.000Z","volume":2000,"label":" ","price":15.76},{"type":"A","date":"2018-05-03T02:15:31.000Z","volume":2200,"label":"Y","price":15.76},{"type":"A","date":"2018-05-03T02:15:31.000Z","volume":1200,"label":" ","price":15.76},{"type":"B","date":"2018-05-03T02:15:32.000Z","volume":4200,"label":" ","price":15.76},{"type":"B","date":"2018-05-03T02:15:32.000Z","volume":2400,"label":" ","price":15.76},{"type":"U","date":"2018-05-03T02:15:33.000Z","volume":10000,"label":" ","price":15.76},{"type":"A","date":"2018-05-03T02:15:33.000Z","volume":5000,"label":" ","price":15.76},{"type":"A","date":"2018-05-03T02:15:33.000Z","volume":5000,"label":" ","price":15.76},{"type":"A","date":"2018-05-03T02:15:35.000Z","volume":2400,"label":" ","price":15.76},{"type":"B","date":"2018-05-03T02:15:35.000Z","volume":5000,"label":" ","price":15.76},{"type":"B","date":"2018-05-03T02:15:35.000Z","volume":2600,"label":" ","price":15.76},{"type":"A","date":"2018-05-03T02:15:38.000Z","volume":3600,"label":" ","price":15.78},{"type":"B","date":"2018-05-03T02:15:42.000Z","volume":6000,"label":" ","price":15.76},{"type":"B","date":"2018-05-03T02:15:42.000Z","volume":3200,"label":" ","price":15.76},{"type":"B","date":"2018-05-03T02:15:42.000Z","volume":1800,"label":" ","price":15.76},{"type":"A","date":"2018-05-03T02:15:47.000Z","volume":400,"label":" ","price":15.76},{"type":"A","date":"2018-05-03T02:17:44.000Z","volume":10000,"label":" ","price":15.78},{"type":"A","date":"2018-05-03T02:17:44.000Z","volume":400,"label":" ","price":15.76},{"type":"B","date":"2018-05-03T02:20:34.000Z","volume":800,"label":" ","price":15.76},{"type":"B","date":"2018-05-03T02:20:34.000Z","volume":800,"label":" ","price":15.76},{"type":"B","date":"2018-05-03T02:20:34.000Z","volume":400,"label":" ","price":15.76},{"type":"B","date":"2018-05-03T02:20:48.000Z","volume":200,"label":" ","price":15.76},{"type":"B","date":"2018-05-03T02:20:49.000Z","volume":200,"label":" ","price":15.76},{"type":"A","date":"2018-05-03T02:22:21.000Z","volume":800,"label":" ","price":15.78},{"type":"A","date":"2018-05-03T02:22:23.000Z","volume":400,"label":" ","price":15.78},{"type":"A","date":"2018-05-03T02:22:23.000Z","volume":31000,"label":" ","price":15.8},{"type":"B","date":"2018-05-03T02:22:23.000Z","volume":1400,"label":" ","price":15.8},{"type":"B","date":"2018-05-03T02:22:23.000Z","volume":400,"label":" ","price":15.8},{"type":"A","date":"2018-05-03T02:22:31.000Z","volume":400,"label":" ","price":15.82},{"type":"A","date":"2018-05-03T02:22:31.000Z","volume":400,"label":" ","price":15.82},{"type":"A","date":"2018-05-03T02:22:31.000Z","volume":200,"label":" ","price":15.82},{"type":"U","date":"2018-05-03T02:22:36.000Z","volume":400,"label":"X","price":15.82},{"type":"B","date":"2018-05-03T02:23:37.000Z","volume":5600,"label":" ","price":15.8},{"type":"B","date":"2018-05-03T02:23:37.000Z","volume":101000,"label":" ","price":15.8},{"type":"B","date":"2018-05-03T02:23:37.000Z","volume":22800,"label":" ","price":15.8},{"type":"B","date":"2018-05-03T02:23:39.000Z","volume":1200,"label":" ","price":15.74},{"type":"U","date":"2018-05-03T02:23:39.000Z","volume":400,"label":" ","price":15.76},{"type":"B","date":"2018-05-03T02:23:42.000Z","volume":200,"label":"Y","price":15.74},{"type":"U","date":"2018-05-03T02:23:57.000Z","volume":1000,"label":" ","price":15.76},{"type":"A","date":"2018-05-03T02:23:57.000Z","volume":200,"label":" ","price":15.76},{"type":"A","date":"2018-05-03T02:23:57.000Z","volume":1200,"label":" ","price":15.76},{"type":"B","date":"2018-05-03T02:24:00.000Z","volume":10000,"label":" ","price":15.74},{"type":"B","date":"2018-05-03T02:24:00.000Z","volume":4800,"label":" ","price":15.74},{"type":"B","date":"2018-05-03T02:24:00.000Z","volume":3200,"label":" ","price":15.72},{"type":"B","date":"2018-05-03T02:24:00.000Z","volume":7600,"label":" ","price":15.74},{"type":"B","date":"2018-05-03T02:24:00.000Z","volume":2400,"label":" ","price":15.74},{"type":"A","date":"2018-05-03T02:24:00.000Z","volume":1200,"label":" ","price":15.74},{"type":"B","date":"2018-05-03T02:24:02.000Z","volume":4000,"label":"Y","price":15.74},{"type":"B","date":"2018-05-03T02:24:09.000Z","volume":5400,"label":" ","price":15.74},{"type":"B","date":"2018-05-03T02:24:17.000Z","volume":10000,"label":" ","price":15.74},{"type":"B","date":"2018-05-03T02:24:17.000Z","volume":800,"label":" ","price":15.74},{"type":"B","date":"2018-05-03T02:24:39.000Z","volume":10000,"label":" ","price":15.74},{"type":"B","date":"2018-05-03T02:24:39.000Z","volume":1400,"label":" ","price":15.74},{"type":"A","date":"2018-05-03T02:24:40.000Z","volume":400,"label":" ","price":15.74},{"type":"B","date":"2018-05-03T02:24:43.000Z","volume":400,"label":" ","price":15.74},{"type":"B","date":"2018-05-03T02:25:05.000Z","volume":1200,"label":" ","price":15.74},{"type":"B","date":"2018-05-03T02:25:53.000Z","volume":5000,"label":" ","price":15.72},{"type":"B","date":"2018-05-03T02:25:54.000Z","volume":4600,"label":" ","price":15.72},{"type":"B","date":"2018-05-03T02:25:54.000Z","volume":4200,"label":" ","price":15.72},{"type":"B","date":"2018-05-03T02:26:24.000Z","volume":6800,"label":" ","price":15.72},{"type":"B","date":"2018-05-03T02:26:25.000Z","volume":2800,"label":" ","price":15.7},{"type":"A","date":"2018-05-03T02:26:25.000Z","volume":2800,"label":" ","price":15.72},{"type":"A","date":"2018-05-03T02:26:25.000Z","volume":7200,"label":" ","price":15.72},{"type":"A","date":"2018-05-03T02:26:26.000Z","volume":4400,"label":" ","price":15.72},{"type":"A","date":"2018-05-03T02:26:26.000Z","volume":5600,"label":" ","price":15.72},{"type":"A","date":"2018-05-03T02:26:27.000Z","volume":2400,"label":" ","price":15.72},{"type":"B","date":"2018-05-03T02:26:27.000Z","volume":3400,"label":" ","price":15.72},{"type":"B","date":"2018-05-03T02:26:27.000Z","volume":4200,"label":" ","price":15.72},{"type":"A","date":"2018-05-03T02:26:28.000Z","volume":3200,"label":" ","price":15.7},{"type":"A","date":"2018-05-03T02:26:28.000Z","volume":5200,"label":" ","price":15.72},{"type":"A","date":"2018-05-03T02:26:28.000Z","volume":1600,"label":" ","price":15.72},{"type":"A","date":"2018-05-03T02:26:29.000Z","volume":2800,"label":" ","price":15.72},{"type":"B","date":"2018-05-03T02:26:33.000Z","volume":3800,"label":"Y","price":15.72},{"type":"B","date":"2018-05-03T02:26:33.000Z","volume":3800,"label":" ","price":15.72},{"type":"A","date":"2018-05-03T02:26:34.000Z","volume":3400,"label":" ","price":15.72},{"type":"B","date":"2018-05-03T02:26:34.000Z","volume":6600,"label":" ","price":15.72},{"type":"A","date":"2018-05-03T02:26:35.000Z","volume":2800,"label":" ","price":15.72},{"type":"B","date":"2018-05-03T02:26:40.000Z","volume":3000,"label":" ","price":15.72},{"type":"B","date":"2018-05-03T02:26:40.000Z","volume":4200,"label":" ","price":15.72},{"type":"B","date":"2018-05-03T02:26:40.000Z","volume":10000,"label":" ","price":15.72},{"type":"A","date":"2018-05-03T02:26:41.000Z","volume":7400,"label":" ","price":15.72},{"type":"A","date":"2018-05-03T02:26:41.000Z","volume":2600,"label":" ","price":15.72},{"type":"A","date":"2018-05-03T02:26:42.000Z","volume":1000,"label":" ","price":15.72},{"type":"B","date":"2018-05-03T02:27:00.000Z","volume":9000,"label":" ","price":15.72},{"type":"A","date":"2018-05-03T02:27:01.000Z","volume":4000,"label":" ","price":15.72},{"type":"A","date":"2018-05-03T02:27:01.000Z","volume":6000,"label":" ","price":15.72},{"type":"A","date":"2018-05-03T02:27:01.000Z","volume":8800,"label":" ","price":15.72},{"type":"A","date":"2018-05-03T02:27:01.000Z","volume":1200,"label":" ","price":15.72},{"type":"A","date":"2018-05-03T02:27:02.000Z","volume":6800,"label":" ","price":15.7},{"type":"A","date":"2018-05-03T02:27:02.000Z","volume":3200,"label":" ","price":15.72},{"type":"A","date":"2018-05-03T02:27:02.000Z","volume":1400,"label":"Y","price":15.72},{"type":"A","date":"2018-05-03T02:27:02.000Z","volume":5800,"label":" ","price":15.72},{"type":"A","date":"2018-05-03T02:27:02.000Z","volume":2800,"label":" ","price":15.72},{"type":"A","date":"2018-05-03T02:27:03.000Z","volume":5600,"label":" ","price":15.7},{"type":"A","date":"2018-05-03T02:27:03.000Z","volume":1400,"label":" ","price":15.72},{"type":"A","date":"2018-05-03T02:27:03.000Z","volume":3000,"label":"Y","price":15.72},{"type":"A","date":"2018-05-03T02:27:03.000Z","volume":1000,"label":"Y","price":15.7},{"type":"A","date":"2018-05-03T02:27:03.000Z","volume":600,"label":" ","price":15.72},{"type":"B","date":"2018-05-03T02:27:04.000Z","volume":5200,"label":" ","price":15.72},{"type":"B","date":"2018-05-03T02:27:04.000Z","volume":2600,"label":" ","price":15.72},{"type":"B","date":"2018-05-03T02:27:04.000Z","volume":600,"label":" ","price":15.72},{"type":"B","date":"2018-05-03T02:27:04.000Z","volume":600,"label":" ","price":15.72},{"type":"B","date":"2018-05-03T02:27:05.000Z","volume":2800,"label":" ","price":15.72},{"type":"A","date":"2018-05-03T02:28:38.000Z","volume":9200,"label":" ","price":15.7},{"type":"A","date":"2018-05-03T02:28:38.000Z","volume":800,"label":" ","price":15.7},{"type":"B","date":"2018-05-03T02:28:40.000Z","volume":10400,"label":" ","price":15.7},{"type":"B","date":"2018-05-03T02:28:40.000Z","volume":200,"label":" ","price":15.7},{"type":"B","date":"2018-05-03T02:29:47.000Z","volume":5000,"label":" ","price":15.7},{"type":"B","date":"2018-05-03T02:30:37.000Z","volume":3000,"label":" ","price":15.7},{"type":"B","date":"2018-05-03T02:30:38.000Z","volume":1400,"label":" ","price":15.7},{"type":"A","date":"2018-05-03T02:30:55.000Z","volume":200,"label":" ","price":15.72},{"type":"A","date":"2018-05-03T02:31:52.000Z","volume":6000,"label":" ","price":15.72},{"type":"A","date":"2018-05-03T02:31:53.000Z","volume":600,"label":" ","price":15.72},{"type":"B","date":"2018-05-03T02:31:54.000Z","volume":600,"label":" ","price":15.7},{"type":"B","date":"2018-05-03T02:31:54.000Z","volume":2800,"label":" ","price":15.7},{"type":"A","date":"2018-05-03T02:31:54.000Z","volume":4200,"label":" ","price":15.7},{"type":"B","date":"2018-05-03T02:31:55.000Z","volume":3000,"label":" ","price":15.7},{"type":"B","date":"2018-05-03T02:31:55.000Z","volume":3000,"label":" ","price":15.7},{"type":"B","date":"2018-05-03T02:31:56.000Z","volume":1200,"label":" ","price":15.7},{"type":"B","date":"2018-05-03T02:32:03.000Z","volume":8800,"label":" ","price":15.7},{"type":"B","date":"2018-05-03T02:32:04.000Z","volume":2200,"label":" ","price":15.68},{"type":"A","date":"2018-05-03T02:32:04.000Z","volume":1600,"label":" ","price":15.68},{"type":"A","date":"2018-05-03T02:32:04.000Z","volume":8400,"label":" ","price":15.7},{"type":"A","date":"2018-05-03T02:32:05.000Z","volume":3600,"label":" ","price":15.7},{"type":"A","date":"2018-05-03T02:32:05.000Z","volume":6400,"label":" ","price":15.7},{"type":"A","date":"2018-05-03T02:32:06.000Z","volume":2800,"label":" ","price":15.68},{"type":"A","date":"2018-05-03T02:32:06.000Z","volume":7200,"label":" ","price":15.7},{"type":"A","date":"2018-05-03T02:32:07.000Z","volume":3000,"label":" ","price":15.68},{"type":"A","date":"2018-05-03T02:32:07.000Z","volume":7000,"label":" ","price":15.7},{"type":"A","date":"2018-05-03T02:32:08.000Z","volume":3000,"label":" ","price":15.68},{"type":"A","date":"2018-05-03T02:32:08.000Z","volume":600,"label":"Y","price":15.7},{"type":"A","date":"2018-05-03T02:32:08.000Z","volume":2200,"label":" ","price":15.7},{"type":"A","date":"2018-05-03T02:32:08.000Z","volume":4200,"label":" ","price":15.7},{"type":"A","date":"2018-05-03T02:32:09.000Z","volume":3000,"label":" ","price":15.68},{"type":"A","date":"2018-05-03T02:32:09.000Z","volume":4200,"label":" ","price":15.7},{"type":"B","date":"2018-05-03T02:32:09.000Z","volume":2800,"label":" ","price":15.7},{"type":"A","date":"2018-05-03T02:32:10.000Z","volume":3000,"label":" ","price":15.68},{"type":"A","date":"2018-05-03T02:32:10.000Z","volume":4400,"label":"Y","price":15.7},{"type":"A","date":"2018-05-03T02:32:10.000Z","volume":2600,"label":" ","price":15.7},{"type":"A","date":"2018-05-03T02:32:11.000Z","volume":3000,"label":" ","price":15.7},{"type":"A","date":"2018-05-03T02:32:11.000Z","volume":7000,"label":" ","price":15.7},{"type":"B","date":"2018-05-03T02:32:12.000Z","volume":3000,"label":" ","price":15.66},{"type":"A","date":"2018-05-03T02:32:12.000Z","volume":600,"label":"Y","price":15.68},{"type":"B","date":"2018-05-03T02:32:12.000Z","volume":9400,"label":" ","price":15.7},{"type":"A","date":"2018-05-03T02:32:13.000Z","volume":200,"label":" ","price":15.7},{"type":"A","date":"2018-05-03T02:32:13.000Z","volume":9800,"label":" ","price":15.7},{"type":"A","date":"2018-05-03T02:32:14.000Z","volume":800,"label":"Y","price":15.7},{"type":"A","date":"2018-05-03T02:32:14.000Z","volume":400,"label":" ","price":15.7},{"type":"B","date":"2018-05-03T02:32:15.000Z","volume":400,"label":" ","price":15.7},{"type":"B","date":"2018-05-03T02:32:15.000Z","volume":8400,"label":" ","price":15.7},{"type":"B","date":"2018-05-03T02:32:21.000Z","volume":10200,"label":" ","price":15.7},{"type":"A","date":"2018-05-03T02:32:22.000Z","volume":5000,"label":" ","price":15.7},{"type":"B","date":"2018-05-03T02:32:22.000Z","volume":5000,"label":" ","price":15.7},{"type":"A","date":"2018-05-03T02:32:23.000Z","volume":7400,"label":" ","price":15.7},{"type":"A","date":"2018-05-03T02:32:23.000Z","volume":2600,"label":" ","price":15.7},{"type":"A","date":"2018-05-03T02:32:24.000Z","volume":1200,"label":" ","price":15.7},{"type":"B","date":"2018-05-03T02:32:28.000Z","volume":9000,"label":" ","price":15.7},{"type":"U","date":"2018-05-03T02:32:28.000Z","volume":10000,"label":" ","price":15.7},{"type":"U","date":"2018-05-03T02:32:29.000Z","volume":10000,"label":" ","price":15.7},{"type":"B","date":"2018-05-03T02:32:36.000Z","volume":11600,"label":" ","price":15.7},{"type":"B","date":"2018-05-03T02:32:37.000Z","volume":5000,"label":" ","price":15.7},{"type":"B","date":"2018-05-03T02:32:43.000Z","volume":5000,"label":" ","price":15.7},{"type":"A","date":"2018-05-03T02:32:44.000Z","volume":2200,"label":" ","price":15.7},{"type":"B","date":"2018-05-03T02:32:45.000Z","volume":7800,"label":" ","price":15.7},{"type":"A","date":"2018-05-03T02:32:46.000Z","volume":3200,"label":" ","price":15.7},{"type":"B","date":"2018-05-03T02:32:47.000Z","volume":6800,"label":" ","price":15.7},{"type":"B","date":"2018-05-03T02:32:47.000Z","volume":10000,"label":" ","price":15.7},{"type":"B","date":"2018-05-03T02:32:47.000Z","volume":7200,"label":" ","price":15.7},{"type":"B","date":"2018-05-03T02:32:47.000Z","volume":2800,"label":" ","price":15.7},{"type":"B","date":"2018-05-03T02:32:48.000Z","volume":1200,"label":" ","price":15.7},{"type":"B","date":"2018-05-03T02:32:49.000Z","volume":8800,"label":" ","price":15.7},{"type":"U","date":"2018-05-03T02:32:49.000Z","volume":10000,"label":" ","price":15.7},{"type":"A","date":"2018-05-03T02:32:49.000Z","volume":5000,"label":" ","price":15.7},{"type":"A","date":"2018-05-03T02:32:49.000Z","volume":5000,"label":" ","price":15.7},{"type":"A","date":"2018-05-03T02:32:50.000Z","volume":10000,"label":" ","price":15.68},{"type":"A","date":"2018-05-03T02:32:50.000Z","volume":2400,"label":" ","price":15.68},{"type":"A","date":"2018-05-03T02:32:50.000Z","volume":7600,"label":" ","price":15.7},{"type":"A","date":"2018-05-03T02:32:51.000Z","volume":3200,"label":" ","price":15.68},{"type":"A","date":"2018-05-03T02:32:51.000Z","volume":6800,"label":" ","price":15.7},{"type":"A","date":"2018-05-03T02:32:51.000Z","volume":400,"label":"Y","price":15.7},{"type":"A","date":"2018-05-03T02:32:51.000Z","volume":2200,"label":" ","price":15.7},{"type":"B","date":"2018-05-03T02:32:51.000Z","volume":4000,"label":" ","price":15.7},{"type":"B","date":"2018-05-03T02:32:51.000Z","volume":3400,"label":"Y","price":15.7},{"type":"U","date":"2018-05-03T02:32:52.000Z","volume":10000,"label":" ","price":15.7},{"type":"B","date":"2018-05-03T02:32:52.000Z","volume":5800,"label":" ","price":15.7},{"type":"B","date":"2018-05-03T02:32:52.000Z","volume":4200,"label":" ","price":15.7},{"type":"B","date":"2018-05-03T02:32:53.000Z","volume":1800,"label":" ","price":15.7},{"type":"B","date":"2018-05-03T02:33:00.000Z","volume":8200,"label":" ","price":15.7},{"type":"B","date":"2018-05-03T02:33:00.000Z","volume":200,"label":" ","price":15.7},{"type":"A","date":"2018-05-03T02:33:01.000Z","volume":3600,"label":" ","price":15.7},{"type":"B","date":"2018-05-03T02:33:06.000Z","volume":6400,"label":" ","price":15.7},{"type":"A","date":"2018-05-03T02:33:06.000Z","volume":2800,"label":" ","price":15.7},{"type":"A","date":"2018-05-03T02:33:06.000Z","volume":7200,"label":" ","price":15.7},{"type":"A","date":"2018-05-03T02:33:07.000Z","volume":3000,"label":" ","price":15.68},{"type":"A","date":"2018-05-03T02:33:07.000Z","volume":4800,"label":"Y","price":15.7},{"type":"B","date":"2018-05-03T02:33:07.000Z","volume":1400,"label":" ","price":15.7},{"type":"B","date":"2018-05-03T02:33:07.000Z","volume":800,"label":" ","price":15.7},{"type":"A","date":"2018-05-03T02:33:08.000Z","volume":3000,"label":" ","price":15.68},{"type":"A","date":"2018-05-03T02:33:08.000Z","volume":2400,"label":"Y","price":15.7},{"type":"A","date":"2018-05-03T02:33:08.000Z","volume":4600,"label":" ","price":15.7},{"type":"U","date":"2018-05-03T02:33:09.000Z","volume":3000,"label":" ","price":15.68},{"type":"A","date":"2018-05-03T02:33:09.000Z","volume":4200,"label":" ","price":15.7},{"type":"A","date":"2018-05-03T02:33:09.000Z","volume":2800,"label":" ","price":15.7},{"type":"A","date":"2018-05-03T02:33:09.000Z","volume":200,"label":" ","price":15.7},{"type":"B","date":"2018-05-03T02:33:10.000Z","volume":2800,"label":" ","price":15.66},{"type":"A","date":"2018-05-03T02:33:10.000Z","volume":400,"label":" ","price":15.66},{"type":"A","date":"2018-05-03T02:33:10.000Z","volume":400,"label":"Y","price":15.68},{"type":"A","date":"2018-05-03T02:33:10.000Z","volume":600,"label":" ","price":15.7},{"type":"A","date":"2018-05-03T02:33:10.000Z","volume":8600,"label":" ","price":15.7},{"type":"A","date":"2018-05-03T02:33:11.000Z","volume":4000,"label":" ","price":15.7},{"type":"B","date":"2018-05-03T02:33:12.000Z","volume":6000,"label":" ","price":15.7},{"type":"A","date":"2018-05-03T02:33:12.000Z","volume":2600,"label":" ","price":15.7},{"type":"B","date":"2018-05-03T02:33:13.000Z","volume":7400,"label":" ","price":15.7},{"type":"B","date":"2018-05-03T02:33:14.000Z","volume":3200,"label":" ","price":15.7},{"type":"B","date":"2018-05-03T02:33:25.000Z","volume":7000,"label":" ","price":15.7},{"type":"A","date":"2018-05-03T02:33:26.000Z","volume":3400,"label":" ","price":15.68},{"type":"A","date":"2018-05-03T02:33:26.000Z","volume":3400,"label":" ","price":15.7},{"type":"A","date":"2018-05-03T02:33:26.000Z","volume":3200,"label":" ","price":15.7},{"type":"A","date":"2018-05-03T02:33:27.000Z","volume":3000,"label":" ","price":15.68},{"type":"A","date":"2018-05-03T02:33:27.000Z","volume":1600,"label":" ","price":15.7},{"type":"A","date":"2018-05-03T02:33:27.000Z","volume":5400,"label":" ","price":15.7},{"type":"A","date":"2018-05-03T02:33:28.000Z","volume":3000,"label":" ","price":15.68},{"type":"A","date":"2018-05-03T02:33:28.000Z","volume":7000,"label":" ","price":15.7},{"type":"A","date":"2018-05-03T02:33:29.000Z","volume":3000,"label":" ","price":15.68},{"type":"A","date":"2018-05-03T02:33:29.000Z","volume":1000,"label":"Y","price":15.7},{"type":"A","date":"2018-05-03T02:33:29.000Z","volume":1000,"label":" ","price":15.7},{"type":"B","date":"2018-05-03T02:33:29.000Z","volume":200,"label":" ","price":15.7},{"type":"B","date":"2018-05-03T02:33:29.000Z","volume":4800,"label":" ","price":15.7},{"type":"A","date":"2018-05-03T02:33:30.000Z","volume":1000,"label":" ","price":15.7},{"type":"B","date":"2018-05-03T02:33:30.000Z","volume":2000,"label":" ","price":15.7},{"type":"B","date":"2018-05-03T02:33:31.000Z","volume":7000,"label":" ","price":15.7},{"type":"A","date":"2018-05-03T02:33:32.000Z","volume":10000,"label":" ","price":15.7},{"type":"A","date":"2018-05-03T02:33:33.000Z","volume":3200,"label":" ","price":15.68},{"type":"A","date":"2018-05-03T02:33:33.000Z","volume":1800,"label":"Y","price":15.7},{"type":"A","date":"2018-05-03T02:33:33.000Z","volume":5000,"label":" ","price":15.7},{"type":"A","date":"2018-05-03T02:33:34.000Z","volume":4000,"label":" ","price":15.68},{"type":"A","date":"2018-05-03T02:33:34.000Z","volume":1400,"label":"Y","price":15.7},{"type":"A","date":"2018-05-03T02:33:34.000Z","volume":400,"label":" ","price":15.7},{"type":"A","date":"2018-05-03T02:33:34.000Z","volume":3000,"label":" ","price":15.7},{"type":"A","date":"2018-05-03T02:33:34.000Z","volume":1200,"label":" ","price":15.7},{"type":"A","date":"2018-05-03T02:33:35.000Z","volume":400,"label":" ","price":15.7},{"type":"A","date":"2018-05-03T02:33:35.000Z","volume":1000,"label":"Y","price":15.7},{"type":"B","date":"2018-05-03T02:35:04.000Z","volume":200,"label":" ","price":15.7},{"type":"B","date":"2018-05-03T02:35:52.000Z","volume":1600,"label":" ","price":15.7},{"type":"B","date":"2018-05-03T02:36:00.000Z","volume":1000,"label":" ","price":15.7},{"type":"B","date":"2018-05-03T02:36:59.000Z","volume":4000,"label":" ","price":15.7},{"type":"B","date":"2018-05-03T02:36:59.000Z","volume":2000,"label":" ","price":15.7},{"type":"A","date":"2018-05-03T02:37:27.000Z","volume":200,"label":" ","price":15.72},{"type":"A","date":"2018-05-03T02:37:34.000Z","volume":600,"label":" ","price":15.72},{"type":"A","date":"2018-05-03T02:37:34.000Z","volume":200,"label":" ","price":15.72},{"type":"A","date":"2018-05-03T02:37:34.000Z","volume":800,"label":" ","price":15.72},{"type":"A","date":"2018-05-03T02:37:34.000Z","volume":1200,"label":" ","price":15.72},{"type":"A","date":"2018-05-03T02:37:35.000Z","volume":200,"label":" ","price":15.74},{"type":"A","date":"2018-05-03T02:38:05.000Z","volume":200,"label":" ","price":15.74},{"type":"A","date":"2018-05-03T02:38:43.000Z","volume":200,"label":" ","price":15.74},{"type":"A","date":"2018-05-03T02:39:23.000Z","volume":200,"label":" ","price":15.74},{"type":"B","date":"2018-05-03T02:39:51.000Z","volume":2000,"label":" ","price":15.72},{"type":"B","date":"2018-05-03T02:39:53.000Z","volume":2000,"label":" ","price":15.72},{"type":"B","date":"2018-05-03T02:39:55.000Z","volume":2000,"label":" ","price":15.72},{"type":"A","date":"2018-05-03T02:40:02.000Z","volume":200,"label":" ","price":15.74},{"type":"B","date":"2018-05-03T02:40:04.000Z","volume":1400,"label":" ","price":15.72},{"type":"A","date":"2018-05-03T02:40:04.000Z","volume":200,"label":" ","price":15.74},{"type":"B","date":"2018-05-03T02:40:06.000Z","volume":1400,"label":" ","price":15.72},{"type":"A","date":"2018-05-03T02:40:40.000Z","volume":200,"label":" ","price":15.74},{"type":"A","date":"2018-05-03T02:41:19.000Z","volume":200,"label":" ","price":15.74},{"type":"A","date":"2018-05-03T02:41:57.000Z","volume":200,"label":" ","price":15.74},{"type":"A","date":"2018-05-03T02:42:36.000Z","volume":200,"label":" ","price":15.74},{"type":"A","date":"2018-05-03T02:42:36.000Z","volume":5000,"label":" ","price":15.74},{"type":"B","date":"2018-05-03T02:42:36.000Z","volume":200,"label":"Y","price":15.72},{"type":"A","date":"2018-05-03T02:43:04.000Z","volume":800,"label":" ","price":15.74},{"type":"A","date":"2018-05-03T02:43:10.000Z","volume":3600,"label":" ","price":15.74},{"type":"A","date":"2018-05-03T02:43:10.000Z","volume":400,"label":" ","price":15.74},{"type":"B","date":"2018-05-03T02:43:10.000Z","volume":200,"label":"Y","price":15.72},{"type":"A","date":"2018-05-03T02:43:10.000Z","volume":200,"label":" ","price":15.74},{"type":"A","date":"2018-05-03T02:43:10.000Z","volume":200,"label":" ","price":15.76},{"type":"A","date":"2018-05-03T02:43:15.000Z","volume":200,"label":" ","price":15.76},{"type":"A","date":"2018-05-03T02:43:54.000Z","volume":200,"label":" ","price":15.76},{"type":"A","date":"2018-05-03T02:44:09.000Z","volume":600,"label":" ","price":15.76},{"type":"A","date":"2018-05-03T02:44:32.000Z","volume":200,"label":" ","price":15.76},{"type":"A","date":"2018-05-03T02:44:45.000Z","volume":600,"label":" ","price":15.76},{"type":"U","date":"2018-05-03T02:45:04.000Z","volume":2000,"label":" ","price":15.74},{"type":"B","date":"2018-05-03T02:45:04.000Z","volume":200,"label":"Y","price":15.72},{"type":"A","date":"2018-05-03T02:45:11.000Z","volume":200,"label":" ","price":15.74},{"type":"A","date":"2018-05-03T02:45:23.000Z","volume":600,"label":" ","price":15.74},{"type":"B","date":"2018-05-03T02:45:28.000Z","volume":2000,"label":" ","price":15.72},{"type":"B","date":"2018-05-03T02:45:31.000Z","volume":6000,"label":" ","price":15.72},{"type":"B","date":"2018-05-03T02:45:31.000Z","volume":200,"label":" ","price":15.7},{"type":"A","date":"2018-05-03T02:45:36.000Z","volume":800,"label":" ","price":15.72},{"type":"A","date":"2018-05-03T02:45:49.000Z","volume":200,"label":" ","price":15.72},{"type":"A","date":"2018-05-03T02:46:28.000Z","volume":200,"label":" ","price":15.72},{"type":"A","date":"2018-05-03T02:47:08.000Z","volume":200,"label":" ","price":15.72},{"type":"A","date":"2018-05-03T02:47:28.000Z","volume":200,"label":" ","price":15.72},{"type":"A","date":"2018-05-03T02:47:28.000Z","volume":2800,"label":" ","price":15.72},{"type":"A","date":"2018-05-03T02:47:46.000Z","volume":200,"label":" ","price":15.74},{"type":"A","date":"2018-05-03T02:48:24.000Z","volume":200,"label":" ","price":15.74},{"type":"A","date":"2018-05-03T02:48:55.000Z","volume":400,"label":" ","price":15.74},{"type":"A","date":"2018-05-03T02:49:03.000Z","volume":200,"label":" ","price":15.74},{"type":"A","date":"2018-05-03T02:49:42.000Z","volume":200,"label":" ","price":15.72},{"type":"A","date":"2018-05-03T02:49:47.000Z","volume":600,"label":" ","price":15.72},{"type":"A","date":"2018-05-03T02:49:49.000Z","volume":400,"label":" ","price":15.72},{"type":"A","date":"2018-05-03T02:50:20.000Z","volume":200,"label":" ","price":15.72},{"type":"B","date":"2018-05-03T02:50:41.000Z","volume":4000,"label":" ","price":15.7},{"type":"B","date":"2018-05-03T02:50:43.000Z","volume":4000,"label":" ","price":15.7},{"type":"A","date":"2018-05-03T02:50:53.000Z","volume":600,"label":" ","price":15.72},{"type":"A","date":"2018-05-03T02:51:00.000Z","volume":200,"label":" ","price":15.72},{"type":"A","date":"2018-05-03T02:51:17.000Z","volume":3200,"label":" ","price":15.72},{"type":"B","date":"2018-05-03T02:51:17.000Z","volume":200,"label":"Y","price":15.7},{"type":"A","date":"2018-05-03T02:51:17.000Z","volume":200,"label":" ","price":15.72},{"type":"A","date":"2018-05-03T02:51:18.000Z","volume":400,"label":" ","price":15.72},{"type":"B","date":"2018-05-03T02:51:27.000Z","volume":8000,"label":" ","price":15.7},{"type":"B","date":"2018-05-03T02:51:27.000Z","volume":200,"label":" ","price":15.7},{"type":"A","date":"2018-05-03T02:51:39.000Z","volume":200,"label":" ","price":15.72},{"type":"A","date":"2018-05-03T02:51:41.000Z","volume":400,"label":" ","price":15.72},{"type":"A","date":"2018-05-03T02:52:17.000Z","volume":200,"label":" ","price":15.72},{"type":"A","date":"2018-05-03T02:52:47.000Z","volume":600,"label":" ","price":15.72},{"type":"A","date":"2018-05-03T02:52:55.000Z","volume":200,"label":" ","price":15.72},{"type":"A","date":"2018-05-03T02:53:06.000Z","volume":2000,"label":" ","price":15.72},{"type":"A","date":"2018-05-03T02:53:10.000Z","volume":3800,"label":" ","price":15.72},{"type":"A","date":"2018-05-03T02:53:12.000Z","volume":400,"label":" ","price":15.72},{"type":"A","date":"2018-05-03T02:53:17.000Z","volume":200,"label":" ","price":15.72},{"type":"A","date":"2018-05-03T02:53:19.000Z","volume":1000,"label":" ","price":15.72},{"type":"A","date":"2018-05-03T02:53:34.000Z","volume":200,"label":" ","price":15.72},{"type":"A","date":"2018-05-03T02:53:47.000Z","volume":600,"label":" ","price":15.72},{"type":"A","date":"2018-05-03T02:54:13.000Z","volume":200,"label":" ","price":15.72},{"type":"A","date":"2018-05-03T02:54:14.000Z","volume":600,"label":"Y","price":15.72},{"type":"A","date":"2018-05-03T02:54:14.000Z","volume":200,"label":" ","price":15.72},{"type":"A","date":"2018-05-03T02:54:51.000Z","volume":200,"label":" ","price":15.72},{"type":"A","date":"2018-05-03T02:55:07.000Z","volume":600,"label":" ","price":15.72},{"type":"B","date":"2018-05-03T02:55:27.000Z","volume":10000,"label":" ","price":15.7},{"type":"A","date":"2018-05-03T02:55:30.000Z","volume":200,"label":" ","price":15.72},{"type":"B","date":"2018-05-03T02:55:45.000Z","volume":400,"label":"Y","price":15.7},{"type":"A","date":"2018-05-03T02:56:09.000Z","volume":200,"label":" ","price":15.72},{"type":"B","date":"2018-05-03T02:56:13.000Z","volume":13600,"label":" ","price":15.7},{"type":"A","date":"2018-05-03T02:56:13.000Z","volume":200,"label":" ","price":15.7},{"type":"A","date":"2018-05-03T02:56:13.000Z","volume":10000,"label":" ","price":15.7},{"type":"A","date":"2018-05-03T02:56:14.000Z","volume":10000,"label":" ","price":15.7},{"type":"B","date":"2018-05-03T02:56:15.000Z","volume":400,"label":" ","price":15.68},{"type":"A","date":"2018-05-03T02:56:15.000Z","volume":1400,"label":" ","price":15.7},{"type":"B","date":"2018-05-03T02:56:15.000Z","volume":1600,"label":" ","price":15.68},{"type":"A","date":"2018-05-03T02:56:15.000Z","volume":10000,"label":" ","price":15.7},{"type":"A","date":"2018-05-03T02:56:16.000Z","volume":1000,"label":" ","price":15.7},{"type":"A","date":"2018-05-03T02:56:16.000Z","volume":10000,"label":" ","price":15.7},{"type":"A","date":"2018-05-03T02:56:17.000Z","volume":6600,"label":" ","price":15.7},{"type":"A","date":"2018-05-03T02:56:18.000Z","volume":1200,"label":" ","price":15.7},{"type":"B","date":"2018-05-03T02:56:30.000Z","volume":1800,"label":" ","price":15.68},{"type":"B","date":"2018-05-03T02:56:30.000Z","volume":2200,"label":" ","price":15.68},{"type":"A","date":"2018-05-03T02:56:36.000Z","volume":34600,"label":" ","price":15.7},{"type":"A","date":"2018-05-03T02:56:36.000Z","volume":2200,"label":" ","price":15.7},{"type":"A","date":"2018-05-03T02:56:37.000Z","volume":400,"label":" ","price":15.7},{"type":"B","date":"2018-05-03T02:56:41.000Z","volume":400,"label":" ","price":15.66},{"type":"A","date":"2018-05-03T02:56:47.000Z","volume":200,"label":" ","price":15.7},{"type":"A","date":"2018-05-03T02:57:27.000Z","volume":200,"label":" ","price":15.7},{"type":"A","date":"2018-05-03T02:58:05.000Z","volume":200,"label":" ","price":15.7},{"type":"B","date":"2018-05-03T02:58:06.000Z","volume":200,"label":" ","price":15.66},{"type":"A","date":"2018-05-03T02:58:44.000Z","volume":200,"label":" ","price":15.7},{"type":"A","date":"2018-05-03T02:59:23.000Z","volume":200,"label":" ","price":15.7},{"type":"A","date":"2018-05-03T03:00:00.000Z","volume":200,"label":" ","price":15.7},{"type":"B","date":"2018-05-03T03:00:01.000Z","volume":2400,"label":" ","price":15.66},{"type":"B","date":"2018-05-03T03:00:01.000Z","volume":1000,"label":" ","price":15.66},{"type":"B","date":"2018-05-03T03:00:01.000Z","volume":600,"label":" ","price":15.66},{"type":"B","date":"2018-05-03T03:00:02.000Z","volume":400,"label":" ","price":15.66},{"type":"B","date":"2018-05-03T03:00:17.000Z","volume":4600,"label":" ","price":15.66},{"type":"B","date":"2018-05-03T03:00:18.000Z","volume":1600,"label":" ","price":15.64},{"type":"B","date":"2018-05-03T03:00:25.000Z","volume":600,"label":" ","price":15.64},{"type":"A","date":"2018-05-03T03:00:28.000Z","volume":400,"label":" ","price":15.66},{"type":"A","date":"2018-05-03T03:00:39.000Z","volume":200,"label":" ","price":15.66},{"type":"A","date":"2018-05-03T03:01:01.000Z","volume":11800,"label":" ","price":15.66},{"type":"A","date":"2018-05-03T03:01:01.000Z","volume":200,"label":" ","price":15.66},{"type":"A","date":"2018-05-03T03:01:01.000Z","volume":600,"label":" ","price":15.66},{"type":"B","date":"2018-05-03T03:01:02.000Z","volume":400,"label":" ","price":15.66},{"type":"A","date":"2018-05-03T03:01:19.000Z","volume":200,"label":" ","price":15.68},{"type":"B","date":"2018-05-03T03:01:57.000Z","volume":3400,"label":" ","price":15.66},{"type":"A","date":"2018-05-03T03:01:57.000Z","volume":200,"label":" ","price":15.66},{"type":"B","date":"2018-05-03T03:01:58.000Z","volume":1600,"label":" ","price":15.64},{"type":"A","date":"2018-05-03T03:01:59.000Z","volume":400,"label":" ","price":15.66},{"type":"B","date":"2018-05-03T03:02:00.000Z","volume":200,"label":" ","price":15.64},{"type":"A","date":"2018-05-03T03:02:01.000Z","volume":1800,"label":" ","price":15.66},{"type":"A","date":"2018-05-03T03:02:36.000Z","volume":200,"label":" ","price":15.68},{"type":"A","date":"2018-05-03T03:02:38.000Z","volume":5000,"label":" ","price":15.68},{"type":"A","date":"2018-05-03T03:03:15.000Z","volume":200,"label":" ","price":15.68},{"type":"A","date":"2018-05-03T03:03:53.000Z","volume":200,"label":" ","price":15.68},{"type":"A","date":"2018-05-03T03:04:00.000Z","volume":1400,"label":" ","price":15.68},{"type":"A","date":"2018-05-03T03:04:31.000Z","volume":200,"label":" ","price":15.68},{"type":"A","date":"2018-05-03T03:05:11.000Z","volume":200,"label":" ","price":15.7},{"type":"B","date":"2018-05-03T03:05:12.000Z","volume":200,"label":" ","price":15.66},{"type":"A","date":"2018-05-03T03:05:50.000Z","volume":200,"label":" ","price":15.68},{"type":"B","date":"2018-05-03T03:05:55.000Z","volume":5800,"label":" ","price":15.66},{"type":"B","date":"2018-05-03T03:05:56.000Z","volume":2400,"label":" ","price":15.66},{"type":"A","date":"2018-05-03T03:06:28.000Z","volume":200,"label":" ","price":15.66},{"type":"A","date":"2018-05-03T03:07:07.000Z","volume":200,"label":" ","price":15.66},{"type":"A","date":"2018-05-03T03:07:46.000Z","volume":200,"label":" ","price":15.66},{"type":"B","date":"2018-05-03T03:07:46.000Z","volume":200,"label":" ","price":15.64},{"type":"A","date":"2018-05-03T03:08:23.000Z","volume":200,"label":" ","price":15.66},{"type":"A","date":"2018-05-03T03:08:29.000Z","volume":1400,"label":" ","price":15.66},{"type":"A","date":"2018-05-03T03:08:29.000Z","volume":1000,"label":" ","price":15.66},{"type":"A","date":"2018-05-03T03:08:30.000Z","volume":200,"label":" ","price":15.66},{"type":"A","date":"2018-05-03T03:09:03.000Z","volume":200,"label":" ","price":15.68},{"type":"A","date":"2018-05-03T03:09:42.000Z","volume":200,"label":" ","price":15.68},{"type":"A","date":"2018-05-03T03:10:21.000Z","volume":200,"label":" ","price":15.68},{"type":"A","date":"2018-05-03T03:10:52.000Z","volume":200,"label":" ","price":15.68},{"type":"A","date":"2018-05-03T03:10:52.000Z","volume":1000,"label":" ","price":15.68},{"type":"A","date":"2018-05-03T03:10:58.000Z","volume":200,"label":" ","price":15.68},{"type":"A","date":"2018-05-03T03:10:59.000Z","volume":200,"label":" ","price":15.68},{"type":"A","date":"2018-05-03T03:11:15.000Z","volume":200,"label":" ","price":15.68},{"type":"A","date":"2018-05-03T03:11:23.000Z","volume":2000,"label":" ","price":15.68},{"type":"B","date":"2018-05-03T03:11:24.000Z","volume":1800,"label":" ","price":15.68},{"type":"B","date":"2018-05-03T03:11:27.000Z","volume":2000,"label":" ","price":15.68},{"type":"B","date":"2018-05-03T03:11:27.000Z","volume":1200,"label":" ","price":15.68},{"type":"B","date":"2018-05-03T03:11:28.000Z","volume":600,"label":" ","price":15.66},{"type":"A","date":"2018-05-03T03:11:37.000Z","volume":200,"label":" ","price":15.68},{"type":"B","date":"2018-05-03T03:11:39.000Z","volume":2800,"label":" ","price":15.66},{"type":"A","date":"2018-05-03T03:12:16.000Z","volume":200,"label":" ","price":15.68},{"type":"A","date":"2018-05-03T03:12:56.000Z","volume":200,"label":" ","price":15.68},{"type":"B","date":"2018-05-03T03:13:16.000Z","volume":4000,"label":" ","price":15.66},{"type":"B","date":"2018-05-03T03:13:17.000Z","volume":600,"label":"Y","price":15.64},{"type":"B","date":"2018-05-03T03:13:17.000Z","volume":1000,"label":" ","price":15.64},{"type":"B","date":"2018-05-03T03:13:29.000Z","volume":10800,"label":" ","price":15.64},{"type":"A","date":"2018-05-03T03:13:29.000Z","volume":400,"label":" ","price":15.64},{"type":"B","date":"2018-05-03T03:13:30.000Z","volume":4800,"label":" ","price":15.62},{"type":"A","date":"2018-05-03T03:13:34.000Z","volume":3800,"label":" ","price":15.64},{"type":"A","date":"2018-05-03T03:13:34.000Z","volume":200,"label":" ","price":15.66},{"type":"A","date":"2018-05-03T03:14:13.000Z","volume":200,"label":" ","price":15.66},{"type":"A","date":"2018-05-03T03:14:51.000Z","volume":200,"label":" ","price":15.66},{"type":"B","date":"2018-05-03T03:15:01.000Z","volume":600,"label":" ","price":15.64},{"type":"B","date":"2018-05-03T03:15:02.000Z","volume":400,"label":" ","price":15.64},{"type":"A","date":"2018-05-03T03:15:29.000Z","volume":200,"label":" ","price":15.66},{"type":"A","date":"2018-05-03T03:15:46.000Z","volume":200,"label":" ","price":15.66},{"type":"U","date":"2018-05-03T03:15:52.000Z","volume":124,"label":"D","price":15.66},{"type":"A","date":"2018-05-03T03:16:08.000Z","volume":200,"label":" ","price":15.66},{"type":"B","date":"2018-05-03T03:16:09.000Z","volume":200,"label":" ","price":15.64},{"type":"A","date":"2018-05-03T03:16:48.000Z","volume":200,"label":" ","price":15.66},{"type":"A","date":"2018-05-03T03:16:48.000Z","volume":1200,"label":"Y","price":15.66},{"type":"A","date":"2018-05-03T03:16:48.000Z","volume":1400,"label":" ","price":15.66},{"type":"A","date":"2018-05-03T03:17:26.000Z","volume":200,"label":" ","price":15.68},{"type":"A","date":"2018-05-03T03:18:05.000Z","volume":200,"label":" ","price":15.68},{"type":"B","date":"2018-05-03T03:18:08.000Z","volume":200,"label":" ","price":15.64},{"type":"A","date":"2018-05-03T03:18:08.000Z","volume":400,"label":" ","price":15.68},{"type":"B","date":"2018-05-03T03:18:09.000Z","volume":200,"label":" ","price":15.66},{"type":"A","date":"2018-05-03T03:18:18.000Z","volume":600,"label":" ","price":15.68},{"type":"A","date":"2018-05-03T03:18:44.000Z","volume":200,"label":" ","price":15.7},{"type":"A","date":"2018-05-03T03:18:46.000Z","volume":200,"label":" ","price":15.7},{"type":"A","date":"2018-05-03T03:19:06.000Z","volume":200,"label":" ","price":15.7},{"type":"B","date":"2018-05-03T03:19:07.000Z","volume":200,"label":" ","price":15.68},{"type":"A","date":"2018-05-03T03:19:21.000Z","volume":200,"label":" ","price":15.7},{"type":"A","date":"2018-05-03T03:20:00.000Z","volume":200,"label":" ","price":15.7},{"type":"B","date":"2018-05-03T03:20:01.000Z","volume":200,"label":" ","price":15.68},{"type":"A","date":"2018-05-03T03:20:10.000Z","volume":1800,"label":" ","price":15.7},{"type":"B","date":"2018-05-03T03:20:10.000Z","volume":800,"label":" ","price":15.68},{"type":"B","date":"2018-05-03T03:20:12.000Z","volume":400,"label":" ","price":15.68},{"type":"B","date":"2018-05-03T03:20:16.000Z","volume":600,"label":"Y","price":15.68},{"type":"B","date":"2018-05-03T03:20:17.000Z","volume":400,"label":" ","price":15.68},{"type":"A","date":"2018-05-03T03:20:40.000Z","volume":200,"label":" ","price":15.7},{"type":"A","date":"2018-05-03T03:21:18.000Z","volume":200,"label":" ","price":15.7},{"type":"A","date":"2018-05-03T03:21:28.000Z","volume":5000,"label":" ","price":15.7},{"type":"B","date":"2018-05-03T03:21:28.000Z","volume":2400,"label":" ","price":15.68},{"type":"A","date":"2018-05-03T03:21:57.000Z","volume":200,"label":" ","price":15.7},{"type":"A","date":"2018-05-03T03:22:32.000Z","volume":1600,"label":" ","price":15.7},{"type":"B","date":"2018-05-03T03:22:33.000Z","volume":600,"label":" ","price":15.68},{"type":"A","date":"2018-05-03T03:22:36.000Z","volume":200,"label":" ","price":15.7},{"type":"B","date":"2018-05-03T03:22:37.000Z","volume":400,"label":" ","price":15.68},{"type":"B","date":"2018-05-03T03:22:38.000Z","volume":200,"label":" ","price":15.68},{"type":"A","date":"2018-05-03T03:23:14.000Z","volume":200,"label":" ","price":15.68},{"type":"A","date":"2018-05-03T03:23:53.000Z","volume":200,"label":" ","price":15.68},{"type":"A","date":"2018-05-03T03:24:32.000Z","volume":200,"label":" ","price":15.68},{"type":"B","date":"2018-05-03T03:25:01.000Z","volume":600,"label":" ","price":15.66},{"type":"B","date":"2018-05-03T03:25:02.000Z","volume":400,"label":" ","price":15.66},{"type":"A","date":"2018-05-03T03:25:10.000Z","volume":200,"label":" ","price":15.68},{"type":"A","date":"2018-05-03T03:25:49.000Z","volume":200,"label":" ","price":15.68},{"type":"A","date":"2018-05-03T03:26:19.000Z","volume":200,"label":" ","price":15.68},{"type":"B","date":"2018-05-03T03:26:20.000Z","volume":200,"label":" ","price":15.66},{"type":"A","date":"2018-05-03T03:26:28.000Z","volume":200,"label":" ","price":15.68},{"type":"A","date":"2018-05-03T03:27:04.000Z","volume":400,"label":" ","price":15.68},{"type":"B","date":"2018-05-03T03:27:05.000Z","volume":200,"label":" ","price":15.66},{"type":"A","date":"2018-05-03T03:27:06.000Z","volume":200,"label":" ","price":15.68},{"type":"A","date":"2018-05-03T03:27:45.000Z","volume":200,"label":" ","price":15.68},{"type":"B","date":"2018-05-03T03:27:46.000Z","volume":200,"label":" ","price":15.66},{"type":"A","date":"2018-05-03T03:28:05.000Z","volume":200,"label":" ","price":15.68},{"type":"A","date":"2018-05-03T03:28:24.000Z","volume":200,"label":" ","price":15.68},{"type":"B","date":"2018-05-03T03:28:25.000Z","volume":200,"label":" ","price":15.66},{"type":"A","date":"2018-05-03T03:29:03.000Z","volume":200,"label":" ","price":15.68},{"type":"A","date":"2018-05-03T03:29:04.000Z","volume":600,"label":" ","price":15.68},{"type":"B","date":"2018-05-03T03:29:05.000Z","volume":400,"label":" ","price":15.66},{"type":"A","date":"2018-05-03T03:29:31.000Z","volume":200,"label":"Y","price":15.68},{"type":"A","date":"2018-05-03T03:29:31.000Z","volume":1400,"label":" ","price":15.68},{"type":"A","date":"2018-05-03T03:29:41.000Z","volume":200,"label":" ","price":15.68},{"type":"A","date":"2018-05-03T03:29:49.000Z","volume":600,"label":" ","price":15.68},{"type":"B","date":"2018-05-03T03:30:14.000Z","volume":800,"label":" ","price":15.66},{"type":"A","date":"2018-05-03T03:30:20.000Z","volume":200,"label":" ","price":15.68},{"type":"A","date":"2018-05-03T03:30:20.000Z","volume":200,"label":" ","price":15.68},{"type":"B","date":"2018-05-03T03:30:28.000Z","volume":1000,"label":"Y","price":15.66},{"type":"B","date":"2018-05-03T03:30:28.000Z","volume":1000,"label":" ","price":15.66},{"type":"A","date":"2018-05-03T03:30:56.000Z","volume":1600,"label":" ","price":15.68},{"type":"B","date":"2018-05-03T03:30:57.000Z","volume":800,"label":" ","price":15.66},{"type":"A","date":"2018-05-03T03:30:59.000Z","volume":200,"label":" ","price":15.68},{"type":"B","date":"2018-05-03T03:31:27.000Z","volume":1000,"label":" ","price":15.66},{"type":"A","date":"2018-05-03T03:31:27.000Z","volume":600,"label":" ","price":15.68},{"type":"B","date":"2018-05-03T03:31:27.000Z","volume":800,"label":" ","price":15.66},{"type":"A","date":"2018-05-03T03:31:27.000Z","volume":600,"label":" ","price":15.68},{"type":"B","date":"2018-05-03T03:31:28.000Z","volume":200,"label":" ","price":15.66},{"type":"U","date":"2018-05-03T03:31:31.000Z","volume":600,"label":"X","price":15.66},{"type":"A","date":"2018-05-03T03:31:37.000Z","volume":200,"label":" ","price":15.68},{"type":"A","date":"2018-05-03T03:32:17.000Z","volume":200,"label":" ","price":15.68},{"type":"A","date":"2018-05-03T03:32:17.000Z","volume":4200,"label":" ","price":15.68},{"type":"A","date":"2018-05-03T03:32:24.000Z","volume":200,"label":" ","price":15.7},{"type":"A","date":"2018-05-03T03:32:55.000Z","volume":200,"label":" ","price":15.7},{"type":"B","date":"2018-05-03T03:33:31.000Z","volume":600,"label":" ","price":15.68},{"type":"B","date":"2018-05-03T03:33:32.000Z","volume":2400,"label":" ","price":15.68},{"type":"B","date":"2018-05-03T03:33:33.000Z","volume":1400,"label":" ","price":15.68},{"type":"A","date":"2018-05-03T03:33:33.000Z","volume":200,"label":" ","price":15.7},{"type":"B","date":"2018-05-03T03:33:33.000Z","volume":400,"label":"Y","price":15.68},{"type":"A","date":"2018-05-03T03:33:34.000Z","volume":600,"label":" ","price":15.7},{"type":"B","date":"2018-05-03T03:33:35.000Z","volume":600,"label":" ","price":15.68},{"type":"A","date":"2018-05-03T03:33:38.000Z","volume":600,"label":" ","price":15.7},{"type":"B","date":"2018-05-03T03:33:39.000Z","volume":200,"label":" ","price":15.68},{"type":"A","date":"2018-05-03T03:34:12.000Z","volume":200,"label":" ","price":15.7},{"type":"B","date":"2018-05-03T03:34:29.000Z","volume":1800,"label":"Y","price":15.68},{"type":"B","date":"2018-05-03T03:34:29.000Z","volume":400,"label":" ","price":15.68},{"type":"B","date":"2018-05-03T03:34:30.000Z","volume":1000,"label":" ","price":15.68},{"type":"A","date":"2018-05-03T03:34:51.000Z","volume":200,"label":" ","price":15.7},{"type":"A","date":"2018-05-03T03:35:30.000Z","volume":200,"label":" ","price":15.7},{"type":"B","date":"2018-05-03T03:35:32.000Z","volume":200,"label":" ","price":15.68},{"type":"B","date":"2018-05-03T03:35:37.000Z","volume":2800,"label":" ","price":15.68},{"type":"B","date":"2018-05-03T03:35:38.000Z","volume":1200,"label":" ","price":15.68},{"type":"B","date":"2018-05-03T03:35:40.000Z","volume":400,"label":" ","price":15.68},{"type":"A","date":"2018-05-03T03:36:09.000Z","volume":200,"label":" ","price":15.7},{"type":"B","date":"2018-05-03T03:36:11.000Z","volume":200,"label":" ","price":15.68},{"type":"B","date":"2018-05-03T03:36:38.000Z","volume":2000,"label":" ","price":15.68},{"type":"B","date":"2018-05-03T03:36:39.000Z","volume":1000,"label":" ","price":15.68},{"type":"A","date":"2018-05-03T03:36:48.000Z","volume":200,"label":" ","price":15.7},{"type":"A","date":"2018-05-03T03:37:26.000Z","volume":200,"label":" ","price":15.7},{"type":"B","date":"2018-05-03T03:37:35.000Z","volume":400,"label":"Y","price":15.68},{"type":"B","date":"2018-05-03T03:37:35.000Z","volume":2200,"label":" ","price":15.68},{"type":"B","date":"2018-05-03T03:37:35.000Z","volume":200,"label":" ","price":15.68},{"type":"B","date":"2018-05-03T03:37:36.000Z","volume":800,"label":" ","price":15.68},{"type":"A","date":"2018-05-03T03:38:02.000Z","volume":600,"label":" ","price":15.68},{"type":"A","date":"2018-05-03T03:38:04.000Z","volume":200,"label":" ","price":15.68},{"type":"B","date":"2018-05-03T03:38:06.000Z","volume":200,"label":" ","price":15.66},{"type":"B","date":"2018-05-03T03:38:40.000Z","volume":2200,"label":" ","price":15.66},{"type":"B","date":"2018-05-03T03:38:41.000Z","volume":1000,"label":" ","price":15.66},{"type":"A","date":"2018-05-03T03:38:43.000Z","volume":200,"label":" ","price":15.68},{"type":"A","date":"2018-05-03T03:39:23.000Z","volume":200,"label":" ","price":15.68},{"type":"B","date":"2018-05-03T03:39:39.000Z","volume":2400,"label":" ","price":15.66},{"type":"B","date":"2018-05-03T03:39:41.000Z","volume":800,"label":" ","price":15.66},{"type":"A","date":"2018-05-03T03:40:01.000Z","volume":200,"label":" ","price":15.68},{"type":"B","date":"2018-05-03T03:40:37.000Z","volume":600,"label":" ","price":15.66},{"type":"A","date":"2018-05-03T03:40:39.000Z","volume":1200,"label":" ","price":15.68},{"type":"A","date":"2018-05-03T03:40:40.000Z","volume":200,"label":" ","price":15.68},{"type":"A","date":"2018-05-03T03:40:41.000Z","volume":10600,"label":" ","price":15.68},{"type":"A","date":"2018-05-03T03:40:59.000Z","volume":600,"label":" ","price":15.7},{"type":"A","date":"2018-05-03T03:41:18.000Z","volume":200,"label":" ","price":15.7},{"type":"A","date":"2018-05-03T03:41:56.000Z","volume":200,"label":" ","price":15.68},{"type":"B","date":"2018-05-03T03:42:11.000Z","volume":2400,"label":" ","price":15.66},{"type":"A","date":"2018-05-03T03:42:18.000Z","volume":200,"label":"Y","price":15.68},{"type":"A","date":"2018-05-03T03:42:35.000Z","volume":200,"label":" ","price":15.68},{"type":"A","date":"2018-05-03T03:42:55.000Z","volume":4800,"label":" ","price":15.68},{"type":"A","date":"2018-05-03T03:43:15.000Z","volume":200,"label":" ","price":15.7},{"type":"A","date":"2018-05-03T03:43:28.000Z","volume":3000,"label":" ","price":15.7},{"type":"A","date":"2018-05-03T03:43:31.000Z","volume":400,"label":" ","price":15.7},{"type":"A","date":"2018-05-03T03:43:53.000Z","volume":200,"label":" ","price":15.7},{"type":"A","date":"2018-05-03T03:44:17.000Z","volume":1200,"label":" ","price":15.7},{"type":"A","date":"2018-05-03T03:44:32.000Z","volume":200,"label":" ","price":15.7},{"type":"B","date":"2018-05-03T03:44:42.000Z","volume":2600,"label":" ","price":15.68},{"type":"A","date":"2018-05-03T03:44:45.000Z","volume":200,"label":" ","price":15.7},{"type":"B","date":"2018-05-03T03:45:00.000Z","volume":200,"label":" ","price":15.68},{"type":"A","date":"2018-05-03T03:45:02.000Z","volume":4800,"label":" ","price":15.7},{"type":"A","date":"2018-05-03T03:45:02.000Z","volume":400,"label":" ","price":15.7},{"type":"A","date":"2018-05-03T03:45:08.000Z","volume":600,"label":" ","price":15.7},{"type":"A","date":"2018-05-03T03:45:11.000Z","volume":200,"label":" ","price":15.7},{"type":"A","date":"2018-05-03T03:45:11.000Z","volume":200,"label":" ","price":15.7},{"type":"A","date":"2018-05-03T03:45:14.000Z","volume":600,"label":" ","price":15.7},{"type":"B","date":"2018-05-03T03:45:48.000Z","volume":2200,"label":" ","price":15.68},{"type":"A","date":"2018-05-03T03:45:48.000Z","volume":200,"label":" ","price":15.7},{"type":"A","date":"2018-05-03T03:45:49.000Z","volume":200,"label":" ","price":15.7},{"type":"B","date":"2018-05-03T03:46:01.000Z","volume":200,"label":" ","price":15.68},{"type":"A","date":"2018-05-03T03:46:25.000Z","volume":200,"label":" ","price":15.7},{"type":"A","date":"2018-05-03T03:46:27.000Z","volume":200,"label":" ","price":15.7},{"type":"B","date":"2018-05-03T03:46:48.000Z","volume":2800,"label":" ","price":15.68},{"type":"B","date":"2018-05-03T03:46:52.000Z","volume":200,"label":" ","price":15.68},{"type":"A","date":"2018-05-03T03:47:07.000Z","volume":200,"label":" ","price":15.7},{"type":"A","date":"2018-05-03T03:47:08.000Z","volume":1000,"label":" ","price":15.7},{"type":"B","date":"2018-05-03T03:47:31.000Z","volume":200,"label":" ","price":15.68},{"type":"A","date":"2018-05-03T03:47:45.000Z","volume":200,"label":" ","price":15.7},{"type":"B","date":"2018-05-03T03:47:50.000Z","volume":1200,"label":"Y","price":15.68},{"type":"B","date":"2018-05-03T03:47:50.000Z","volume":1200,"label":" ","price":15.68},{"type":"A","date":"2018-05-03T03:48:06.000Z","volume":200,"label":" ","price":15.7},{"type":"A","date":"2018-05-03T03:48:24.000Z","volume":200,"label":" ","price":15.7},{"type":"A","date":"2018-05-03T03:48:27.000Z","volume":6000,"label":" ","price":15.7},{"type":"A","date":"2018-05-03T03:48:30.000Z","volume":200,"label":" ","price":15.7},{"type":"B","date":"2018-05-03T03:48:50.000Z","volume":1000,"label":"Y","price":15.68},{"type":"B","date":"2018-05-03T03:48:50.000Z","volume":1200,"label":" ","price":15.68},{"type":"A","date":"2018-05-03T03:49:03.000Z","volume":200,"label":" ","price":15.7},{"type":"A","date":"2018-05-03T03:49:08.000Z","volume":200,"label":" ","price":15.7},{"type":"B","date":"2018-05-03T03:49:28.000Z","volume":2000,"label":" ","price":15.68},{"type":"A","date":"2018-05-03T03:49:41.000Z","volume":200,"label":" ","price":15.7},{"type":"B","date":"2018-05-03T03:49:51.000Z","volume":1000,"label":"Y","price":15.68},{"type":"B","date":"2018-05-03T03:49:51.000Z","volume":1000,"label":" ","price":15.68},{"type":"B","date":"2018-05-03T03:49:51.000Z","volume":200,"label":" ","price":15.68},{"type":"B","date":"2018-05-03T03:49:51.000Z","volume":400,"label":" ","price":15.68},{"type":"A","date":"2018-05-03T03:50:20.000Z","volume":200,"label":" ","price":15.7},{"type":"A","date":"2018-05-03T03:50:51.000Z","volume":200,"label":" ","price":15.68},{"type":"A","date":"2018-05-03T03:51:00.000Z","volume":200,"label":" ","price":15.68},{"type":"A","date":"2018-05-03T03:51:02.000Z","volume":3400,"label":" ","price":15.68},{"type":"A","date":"2018-05-03T03:51:03.000Z","volume":200,"label":" ","price":15.68},{"type":"A","date":"2018-05-03T03:51:03.000Z","volume":200,"label":" ","price":15.68},{"type":"A","date":"2018-05-03T03:51:37.000Z","volume":200,"label":" ","price":15.68},{"type":"A","date":"2018-05-03T03:51:38.000Z","volume":200,"label":" ","price":15.68},{"type":"A","date":"2018-05-03T03:51:59.000Z","volume":3000,"label":" ","price":15.68},{"type":"A","date":"2018-05-03T03:52:00.000Z","volume":200,"label":" ","price":15.68},{"type":"A","date":"2018-05-03T03:52:00.000Z","volume":400,"label":" ","price":15.68},{"type":"A","date":"2018-05-03T03:52:16.000Z","volume":200,"label":" ","price":15.68},{"type":"A","date":"2018-05-03T03:52:21.000Z","volume":1600,"label":" ","price":15.68},{"type":"A","date":"2018-05-03T03:52:23.000Z","volume":3600,"label":" ","price":15.7},{"type":"A","date":"2018-05-03T03:52:25.000Z","volume":400,"label":" ","price":15.7},{"type":"A","date":"2018-05-03T03:52:28.000Z","volume":400,"label":" ","price":15.7},{"type":"A","date":"2018-05-03T03:52:54.000Z","volume":200,"label":" ","price":15.7},{"type":"B","date":"2018-05-03T03:52:55.000Z","volume":200,"label":" ","price":15.68},{"type":"A","date":"2018-05-03T03:53:33.000Z","volume":200,"label":" ","price":15.7},{"type":"A","date":"2018-05-03T03:53:56.000Z","volume":10800,"label":" ","price":15.7},{"type":"A","date":"2018-05-03T03:53:56.000Z","volume":16800,"label":" ","price":15.7},{"type":"A","date":"2018-05-03T03:53:56.000Z","volume":200,"label":" ","price":15.7},{"type":"A","date":"2018-05-03T03:53:58.000Z","volume":2000,"label":" ","price":15.7},{"type":"A","date":"2018-05-03T03:53:59.000Z","volume":200,"label":" ","price":15.7},{"type":"A","date":"2018-05-03T03:54:12.000Z","volume":200,"label":" ","price":15.7},{"type":"A","date":"2018-05-03T03:54:52.000Z","volume":200,"label":" ","price":15.7},{"type":"B","date":"2018-05-03T03:55:28.000Z","volume":2600,"label":" ","price":15.68},{"type":"A","date":"2018-05-03T03:55:29.000Z","volume":200,"label":" ","price":15.7},{"type":"A","date":"2018-05-03T03:55:30.000Z","volume":200,"label":" ","price":15.7},{"type":"A","date":"2018-05-03T03:56:09.000Z","volume":200,"label":" ","price":15.7},{"type":"B","date":"2018-05-03T03:56:25.000Z","volume":400,"label":"Y","price":15.68},{"type":"B","date":"2018-05-03T03:56:25.000Z","volume":2200,"label":" ","price":15.68},{"type":"A","date":"2018-05-03T03:56:47.000Z","volume":200,"label":" ","price":15.7},{"type":"A","date":"2018-05-03T03:56:56.000Z","volume":7800,"label":" ","price":15.7},{"type":"A","date":"2018-05-03T03:56:56.000Z","volume":800,"label":" ","price":15.7},{"type":"A","date":"2018-05-03T03:57:25.000Z","volume":200,"label":" ","price":15.7},{"type":"A","date":"2018-05-03T03:57:27.000Z","volume":800,"label":" ","price":15.7},{"type":"A","date":"2018-05-03T03:57:34.000Z","volume":200,"label":" ","price":15.7},{"type":"A","date":"2018-05-03T03:57:55.000Z","volume":400,"label":"Y","price":15.7},{"type":"A","date":"2018-05-03T03:57:55.000Z","volume":2600,"label":" ","price":15.7},{"type":"A","date":"2018-05-03T03:57:55.000Z","volume":200,"label":" ","price":15.7},{"type":"B","date":"2018-05-03T03:58:04.000Z","volume":600,"label":"Y","price":15.68},{"type":"B","date":"2018-05-03T03:58:04.000Z","volume":2000,"label":" ","price":15.68},{"type":"A","date":"2018-05-03T03:58:04.000Z","volume":200,"label":" ","price":15.7},{"type":"B","date":"2018-05-03T03:58:09.000Z","volume":800,"label":"Y","price":15.68},{"type":"B","date":"2018-05-03T03:58:09.000Z","volume":1200,"label":" ","price":15.68},{"type":"A","date":"2018-05-03T03:58:44.000Z","volume":200,"label":" ","price":15.7},{"type":"A","date":"2018-05-03T03:58:44.000Z","volume":200,"label":" ","price":15.7},{"type":"A","date":"2018-05-03T03:59:22.000Z","volume":200,"label":" ","price":15.72},{"type":"A","date":"2018-05-03T03:59:56.000Z","volume":200,"label":" ","price":15.7},{"type":"A","date":"2018-05-03T05:00:00.000Z","volume":600,"label":" ","price":15.7},{"type":"A","date":"2018-05-03T05:00:00.000Z","volume":600,"label":" ","price":15.72},{"type":"A","date":"2018-05-03T05:00:00.000Z","volume":400,"label":"Y","price":15.72},{"type":"A","date":"2018-05-03T05:00:00.000Z","volume":2200,"label":" ","price":15.72},{"type":"B","date":"2018-05-03T05:00:01.000Z","volume":200,"label":" ","price":15.72},{"type":"A","date":"2018-05-03T05:00:06.000Z","volume":200,"label":" ","price":15.74},{"type":"B","date":"2018-05-03T05:00:06.000Z","volume":200,"label":" ","price":15.72},{"type":"B","date":"2018-05-03T05:00:09.000Z","volume":1800,"label":" ","price":15.72},{"type":"B","date":"2018-05-03T05:00:09.000Z","volume":2800,"label":" ","price":15.72},{"type":"U","date":"2018-05-03T05:00:26.000Z","volume":600,"label":" ","price":15.72},{"type":"A","date":"2018-05-03T05:00:26.000Z","volume":200,"label":" ","price":15.72},{"type":"B","date":"2018-05-03T05:00:26.000Z","volume":200,"label":" ","price":15.7},{"type":"B","date":"2018-05-03T05:00:27.000Z","volume":200,"label":" ","price":15.7},{"type":"A","date":"2018-05-03T05:00:45.000Z","volume":200,"label":" ","price":15.74},{"type":"U","date":"2018-05-03T05:00:57.000Z","volume":600,"label":" ","price":15.72},{"type":"A","date":"2018-05-03T05:00:57.000Z","volume":200,"label":" ","price":15.72},{"type":"U","date":"2018-05-03T05:00:57.000Z","volume":200,"label":" ","price":15.72},{"type":"A","date":"2018-05-03T05:01:23.000Z","volume":200,"label":" ","price":15.74},{"type":"A","date":"2018-05-03T05:02:03.000Z","volume":200,"label":" ","price":15.74},{"type":"A","date":"2018-05-03T05:02:42.000Z","volume":200,"label":" ","price":15.74},{"type":"A","date":"2018-05-03T05:03:20.000Z","volume":200,"label":" ","price":15.74},{"type":"U","date":"2018-05-03T05:03:26.000Z","volume":150,"label":"D","price":15.78},{"type":"B","date":"2018-05-03T05:03:27.000Z","volume":200,"label":" ","price":15.7},{"type":"A","date":"2018-05-03T05:03:58.000Z","volume":200,"label":" ","price":15.74},{"type":"A","date":"2018-05-03T05:04:32.000Z","volume":1600,"label":"Y","price":15.72},{"type":"A","date":"2018-05-03T05:04:32.000Z","volume":800,"label":" ","price":15.72},{"type":"A","date":"2018-05-03T05:04:32.000Z","volume":600,"label":" ","price":15.72},{"type":"A","date":"2018-05-03T05:04:32.000Z","volume":1200,"label":" ","price":15.72},{"type":"B","date":"2018-05-03T05:04:32.000Z","volume":200,"label":" ","price":15.7},{"type":"A","date":"2018-05-03T05:04:38.000Z","volume":200,"label":" ","price":15.74},{"type":"B","date":"2018-05-03T05:05:08.000Z","volume":600,"label":" ","price":15.7},{"type":"A","date":"2018-05-03T05:05:13.000Z","volume":400,"label":"Y","price":15.72},{"type":"A","date":"2018-05-03T05:05:13.000Z","volume":1600,"label":" ","price":15.72},{"type":"A","date":"2018-05-03T05:05:14.000Z","volume":5600,"label":" ","price":15.72},{"type":"A","date":"2018-05-03T05:05:17.000Z","volume":200,"label":" ","price":15.74},{"type":"A","date":"2018-05-03T05:05:55.000Z","volume":200,"label":" ","price":15.74},{"type":"A","date":"2018-05-03T05:06:30.000Z","volume":16200,"label":" ","price":15.74},{"type":"B","date":"2018-05-03T05:06:30.000Z","volume":200,"label":" ","price":15.74},{"type":"A","date":"2018-05-03T05:06:35.000Z","volume":200,"label":" ","price":15.76},{"type":"B","date":"2018-05-03T05:06:35.000Z","volume":600,"label":" ","price":15.74},{"type":"A","date":"2018-05-03T05:06:38.000Z","volume":200,"label":" ","price":15.76},{"type":"A","date":"2018-05-03T05:06:40.000Z","volume":200,"label":" ","price":15.76},{"type":"A","date":"2018-05-03T05:06:43.000Z","volume":200,"label":" ","price":15.76},{"type":"A","date":"2018-05-03T05:06:57.000Z","volume":400,"label":" ","price":15.76},{"type":"A","date":"2018-05-03T05:07:02.000Z","volume":800,"label":" ","price":15.76},{"type":"A","date":"2018-05-03T05:07:02.000Z","volume":1200,"label":" ","price":15.76},{"type":"A","date":"2018-05-03T05:07:14.000Z","volume":200,"label":" ","price":15.78},{"type":"A","date":"2018-05-03T05:07:43.000Z","volume":1400,"label":" ","price":15.78},{"type":"A","date":"2018-05-03T05:07:43.000Z","volume":200,"label":" ","price":15.78},{"type":"A","date":"2018-05-03T05:07:52.000Z","volume":200,"label":" ","price":15.8},{"type":"A","date":"2018-05-03T05:08:11.000Z","volume":600,"label":" ","price":15.8},{"type":"A","date":"2018-05-03T05:08:30.000Z","volume":200,"label":" ","price":15.8},{"type":"A","date":"2018-05-03T05:08:44.000Z","volume":1200,"label":" ","price":15.8},{"type":"U","date":"2018-05-03T05:09:00.000Z","volume":1000,"label":" ","price":15.78},{"type":"A","date":"2018-05-03T05:09:00.000Z","volume":400,"label":" ","price":15.78},{"type":"B","date":"2018-05-03T05:09:00.000Z","volume":3200,"label":" ","price":15.78},{"type":"B","date":"2018-05-03T05:09:00.000Z","volume":20400,"label":" ","price":15.76},{"type":"B","date":"2018-05-03T05:09:05.000Z","volume":200,"label":" ","price":15.74},{"type":"A","date":"2018-05-03T05:09:10.000Z","volume":200,"label":" ","price":15.76},{"type":"B","date":"2018-05-03T05:09:10.000Z","volume":1000,"label":" ","price":15.74},{"type":"A","date":"2018-05-03T05:09:46.000Z","volume":1400,"label":" ","price":15.76},{"type":"A","date":"2018-05-03T05:09:48.000Z","volume":200,"label":" ","price":15.76},{"type":"A","date":"2018-05-03T05:10:11.000Z","volume":1400,"label":" ","price":15.76},{"type":"A","date":"2018-05-03T05:10:11.000Z","volume":1200,"label":" ","price":15.76},{"type":"A","date":"2018-05-03T05:10:15.000Z","volume":200,"label":" ","price":15.78},{"type":"A","date":"2018-05-03T05:10:27.000Z","volume":200,"label":" ","price":15.78},{"type":"A","date":"2018-05-03T05:10:30.000Z","volume":400,"label":" ","price":15.78},{"type":"A","date":"2018-05-03T05:10:48.000Z","volume":1200,"label":" ","price":15.78},{"type":"A","date":"2018-05-03T05:11:05.000Z","volume":200,"label":" ","price":15.78},{"type":"A","date":"2018-05-03T05:11:45.000Z","volume":200,"label":" ","price":15.78},{"type":"A","date":"2018-05-03T05:11:48.000Z","volume":200,"label":" ","price":15.78},{"type":"A","date":"2018-05-03T05:11:49.000Z","volume":800,"label":" ","price":15.78},{"type":"A","date":"2018-05-03T05:11:49.000Z","volume":200,"label":" ","price":15.8},{"type":"A","date":"2018-05-03T05:12:24.000Z","volume":200,"label":" ","price":15.8},{"type":"A","date":"2018-05-03T05:12:47.000Z","volume":2800,"label":" ","price":15.8},{"type":"A","date":"2018-05-03T05:12:50.000Z","volume":1200,"label":" ","price":15.8},{"type":"A","date":"2018-05-03T05:12:51.000Z","volume":800,"label":" ","price":15.8},{"type":"A","date":"2018-05-03T05:13:02.000Z","volume":200,"label":"Y","price":15.8},{"type":"A","date":"2018-05-03T05:13:02.000Z","volume":800,"label":" ","price":15.8},{"type":"A","date":"2018-05-03T05:13:02.000Z","volume":1600,"label":" ","price":15.8},{"type":"A","date":"2018-05-03T05:13:50.000Z","volume":200,"label":" ","price":15.82},{"type":"A","date":"2018-05-03T05:13:51.000Z","volume":1200,"label":" ","price":15.82},{"type":"A","date":"2018-05-03T05:14:48.000Z","volume":3800,"label":" ","price":15.82},{"type":"A","date":"2018-05-03T05:14:48.000Z","volume":7000,"label":" ","price":15.84},{"type":"A","date":"2018-05-03T05:14:48.000Z","volume":12400,"label":" ","price":15.86},{"type":"A","date":"2018-05-03T05:14:48.000Z","volume":6000,"label":"Y","price":15.88},{"type":"A","date":"2018-05-03T05:14:48.000Z","volume":44000,"label":" ","price":15.88},{"type":"A","date":"2018-05-03T05:14:48.000Z","volume":6000,"label":" ","price":15.9},{"type":"A","date":"2018-05-03T05:14:48.000Z","volume":62400,"label":" ","price":15.9},{"type":"A","date":"2018-05-03T05:14:48.000Z","volume":8400,"label":" ","price":15.9},{"type":"A","date":"2018-05-03T05:14:48.000Z","volume":200,"label":" ","price":15.9},{"type":"A","date":"2018-05-03T05:14:48.000Z","volume":2800,"label":" ","price":15.9},{"type":"B","date":"2018-05-03T05:14:53.000Z","volume":5800,"label":" ","price":15.82},{"type":"B","date":"2018-05-03T05:14:55.000Z","volume":4800,"label":" ","price":15.82},{"type":"B","date":"2018-05-03T05:14:55.000Z","volume":2800,"label":" ","price":15.82},{"type":"A","date":"2018-05-03T05:15:53.000Z","volume":1200,"label":" ","price":15.88},{"type":"A","date":"2018-05-03T05:16:55.000Z","volume":1200,"label":" ","price":15.88},{"type":"A","date":"2018-05-03T05:17:56.000Z","volume":1200,"label":" ","price":15.88},{"type":"A","date":"2018-05-03T05:18:11.000Z","volume":200,"label":" ","price":15.88},{"type":"A","date":"2018-05-03T05:18:57.000Z","volume":1200,"label":" ","price":15.88},{"type":"A","date":"2018-05-03T05:19:37.000Z","volume":600,"label":" ","price":15.88},{"type":"A","date":"2018-05-03T05:19:58.000Z","volume":1200,"label":" ","price":15.86},{"type":"A","date":"2018-05-03T05:20:04.000Z","volume":200,"label":" ","price":15.86},{"type":"A","date":"2018-05-03T05:20:13.000Z","volume":800,"label":" ","price":15.86},{"type":"A","date":"2018-05-03T05:20:26.000Z","volume":200,"label":" ","price":15.86},{"type":"A","date":"2018-05-03T05:20:47.000Z","volume":600,"label":" ","price":15.86},{"type":"A","date":"2018-05-03T05:20:59.000Z","volume":1200,"label":" ","price":15.86},{"type":"A","date":"2018-05-03T05:22:01.000Z","volume":1200,"label":" ","price":15.84},{"type":"A","date":"2018-05-03T05:22:03.000Z","volume":200,"label":" ","price":15.84},{"type":"A","date":"2018-05-03T05:22:07.000Z","volume":600,"label":" ","price":15.84},{"type":"U","date":"2018-05-03T05:22:12.000Z","volume":400,"label":"X","price":15.83},{"type":"A","date":"2018-05-03T05:23:03.000Z","volume":1200,"label":" ","price":15.84},{"type":"A","date":"2018-05-03T05:23:03.000Z","volume":200,"label":" ","price":15.84},{"type":"A","date":"2018-05-03T05:23:15.000Z","volume":200,"label":" ","price":15.84},{"type":"A","date":"2018-05-03T05:23:57.000Z","volume":600,"label":" ","price":15.84},{"type":"A","date":"2018-05-03T05:24:04.000Z","volume":1200,"label":" ","price":15.84},{"type":"A","date":"2018-05-03T05:25:05.000Z","volume":1200,"label":" ","price":15.84},{"type":"A","date":"2018-05-03T05:25:09.000Z","volume":600,"label":" ","price":15.84},{"type":"A","date":"2018-05-03T05:26:06.000Z","volume":1200,"label":" ","price":15.84},{"type":"A","date":"2018-05-03T05:26:22.000Z","volume":200,"label":" ","price":15.84},{"type":"A","date":"2018-05-03T05:26:35.000Z","volume":200,"label":" ","price":15.84},{"type":"A","date":"2018-05-03T05:26:41.000Z","volume":600,"label":" ","price":15.84},{"type":"A","date":"2018-05-03T05:27:07.000Z","volume":1200,"label":" ","price":15.84},{"type":"A","date":"2018-05-03T05:27:16.000Z","volume":400,"label":" ","price":15.84},{"type":"A","date":"2018-05-03T05:27:16.000Z","volume":1800,"label":" ","price":15.84},{"type":"A","date":"2018-05-03T05:27:16.000Z","volume":200,"label":" ","price":15.84},{"type":"A","date":"2018-05-03T05:27:17.000Z","volume":400,"label":" ","price":15.86},{"type":"A","date":"2018-05-03T05:28:01.000Z","volume":600,"label":" ","price":15.86},{"type":"A","date":"2018-05-03T05:28:08.000Z","volume":1200,"label":" ","price":15.86},{"type":"A","date":"2018-05-03T05:28:08.000Z","volume":4200,"label":" ","price":15.86},{"type":"A","date":"2018-05-03T05:28:08.000Z","volume":1200,"label":" ","price":15.88},{"type":"A","date":"2018-05-03T05:28:14.000Z","volume":200,"label":" ","price":15.88},{"type":"A","date":"2018-05-03T05:29:07.000Z","volume":13400,"label":" ","price":15.88},{"type":"A","date":"2018-05-03T05:29:07.000Z","volume":2600,"label":" ","price":15.88},{"type":"A","date":"2018-05-03T05:29:07.000Z","volume":1200,"label":" ","price":15.88},{"type":"A","date":"2018-05-03T05:29:46.000Z","volume":200,"label":" ","price":15.94},{"type":"A","date":"2018-05-03T05:29:52.000Z","volume":10000,"label":" ","price":15.94},{"type":"A","date":"2018-05-03T05:30:11.000Z","volume":1200,"label":" ","price":15.94},{"type":"A","date":"2018-05-03T05:31:12.000Z","volume":1200,"label":" ","price":15.94},{"type":"B","date":"2018-05-03T05:32:00.000Z","volume":10600,"label":" ","price":15.9},{"type":"A","date":"2018-05-03T05:32:00.000Z","volume":2200,"label":" ","price":15.9},{"type":"B","date":"2018-05-03T05:32:00.000Z","volume":2600,"label":" ","price":15.88},{"type":"B","date":"2018-05-03T05:32:02.000Z","volume":400,"label":"Y","price":15.88},{"type":"B","date":"2018-05-03T05:32:02.000Z","volume":200,"label":" ","price":15.88},{"type":"B","date":"2018-05-03T05:32:02.000Z","volume":1600,"label":" ","price":15.88},{"type":"A","date":"2018-05-03T05:32:13.000Z","volume":1200,"label":" ","price":15.9},{"type":"A","date":"2018-05-03T05:32:56.000Z","volume":7000,"label":" ","price":15.9},{"type":"A","date":"2018-05-03T05:33:15.000Z","volume":1200,"label":" ","price":15.9},{"type":"A","date":"2018-05-03T05:33:27.000Z","volume":200,"label":" ","price":15.9},{"type":"A","date":"2018-05-03T05:33:34.000Z","volume":200,"label":" ","price":15.9},{"type":"A","date":"2018-05-03T05:33:34.000Z","volume":1600,"label":" ","price":15.9},{"type":"A","date":"2018-05-03T05:33:35.000Z","volume":2800,"label":" ","price":15.92},{"type":"A","date":"2018-05-03T05:33:35.000Z","volume":200,"label":" ","price":15.92},{"type":"B","date":"2018-05-03T05:33:35.000Z","volume":600,"label":" ","price":15.92},{"type":"A","date":"2018-05-03T05:34:16.000Z","volume":1200,"label":" ","price":15.94},{"type":"A","date":"2018-05-03T05:34:44.000Z","volume":2000,"label":" ","price":15.94},{"type":"B","date":"2018-05-03T05:35:17.000Z","volume":1200,"label":" ","price":15.9},{"type":"A","date":"2018-05-03T05:35:18.000Z","volume":1200,"label":" ","price":15.94},{"type":"B","date":"2018-05-03T05:35:41.000Z","volume":600,"label":" ","price":15.9},{"type":"A","date":"2018-05-03T05:35:41.000Z","volume":200,"label":" ","price":15.9},{"type":"A","date":"2018-05-03T05:36:19.000Z","volume":1200,"label":" ","price":15.92},{"type":"A","date":"2018-05-03T05:37:09.000Z","volume":400,"label":" ","price":15.92},{"type":"A","date":"2018-05-03T05:37:20.000Z","volume":1200,"label":" ","price":15.92},{"type":"A","date":"2018-05-03T05:38:21.000Z","volume":1200,"label":" ","price":15.92},{"type":"A","date":"2018-05-03T05:39:22.000Z","volume":1200,"label":" ","price":15.92},{"type":"A","date":"2018-05-03T05:40:11.000Z","volume":4000,"label":" ","price":15.92},{"type":"A","date":"2018-05-03T05:40:17.000Z","volume":800,"label":"Y","price":15.92},{"type":"A","date":"2018-05-03T05:40:17.000Z","volume":800,"label":"Y","price":15.92},{"type":"A","date":"2018-05-03T05:40:17.000Z","volume":600,"label":"Y","price":15.92},{"type":"A","date":"2018-05-03T05:40:17.000Z","volume":200,"label":" ","price":15.92},{"type":"A","date":"2018-05-03T05:40:21.000Z","volume":600,"label":" ","price":15.92},{"type":"A","date":"2018-05-03T05:40:24.000Z","volume":1200,"label":" ","price":15.92},{"type":"A","date":"2018-05-03T05:40:25.000Z","volume":5200,"label":" ","price":15.92},{"type":"B","date":"2018-05-03T05:40:25.000Z","volume":600,"label":" ","price":15.92},{"type":"A","date":"2018-05-03T05:40:27.000Z","volume":200,"label":" ","price":15.94},{"type":"B","date":"2018-05-03T05:40:29.000Z","volume":5600,"label":" ","price":15.92},{"type":"B","date":"2018-05-03T05:40:33.000Z","volume":20000,"label":" ","price":15.92},{"type":"B","date":"2018-05-03T05:41:14.000Z","volume":1000,"label":" ","price":15.92},{"type":"A","date":"2018-05-03T05:41:25.000Z","volume":1200,"label":" ","price":15.94},{"type":"B","date":"2018-05-03T05:41:36.000Z","volume":400,"label":" ","price":15.92},{"type":"A","date":"2018-05-03T05:42:27.000Z","volume":1200,"label":" ","price":15.94},{"type":"B","date":"2018-05-03T05:43:13.000Z","volume":13600,"label":" ","price":15.92},{"type":"B","date":"2018-05-03T05:43:13.000Z","volume":1400,"label":" ","price":15.9},{"type":"B","date":"2018-05-03T05:43:13.000Z","volume":6400,"label":" ","price":15.9},{"type":"A","date":"2018-05-03T05:43:28.000Z","volume":1200,"label":" ","price":15.9},{"type":"B","date":"2018-05-03T05:44:04.000Z","volume":2200,"label":" ","price":15.88},{"type":"A","date":"2018-05-03T05:44:04.000Z","volume":600,"label":" ","price":15.9},{"type":"B","date":"2018-05-03T05:44:17.000Z","volume":600,"label":" ","price":15.88},{"type":"B","date":"2018-05-03T05:44:22.000Z","volume":400,"label":" ","price":15.88},{"type":"A","date":"2018-05-03T05:44:30.000Z","volume":1200,"label":" ","price":15.9},{"type":"A","date":"2018-05-03T05:45:31.000Z","volume":1200,"label":" ","price":15.9},{"type":"A","date":"2018-05-03T05:46:32.000Z","volume":1200,"label":" ","price":15.88},{"type":"A","date":"2018-05-03T05:46:35.000Z","volume":600,"label":" ","price":15.88},{"type":"A","date":"2018-05-03T05:47:33.000Z","volume":1200,"label":" ","price":15.88},{"type":"B","date":"2018-05-03T05:48:25.000Z","volume":200,"label":" ","price":15.86},{"type":"A","date":"2018-05-03T05:48:35.000Z","volume":1200,"label":" ","price":15.88},{"type":"A","date":"2018-05-03T05:48:35.000Z","volume":600,"label":" ","price":15.88},{"type":"A","date":"2018-05-03T05:48:54.000Z","volume":200,"label":"Y","price":15.88},{"type":"A","date":"2018-05-03T05:48:54.000Z","volume":600,"label":" ","price":15.88},{"type":"A","date":"2018-05-03T05:48:54.000Z","volume":600,"label":" ","price":15.88},{"type":"A","date":"2018-05-03T05:48:54.000Z","volume":200,"label":" ","price":15.88},{"type":"A","date":"2018-05-03T05:48:54.000Z","volume":600,"label":" ","price":15.88},{"type":"A","date":"2018-05-03T05:48:56.000Z","volume":200,"label":" ","price":15.9},{"type":"A","date":"2018-05-03T05:49:36.000Z","volume":1200,"label":" ","price":15.9},{"type":"A","date":"2018-05-03T05:50:37.000Z","volume":1200,"label":" ","price":15.9},{"type":"A","date":"2018-05-03T05:50:37.000Z","volume":400,"label":" ","price":15.9},{"type":"A","date":"2018-05-03T05:51:03.000Z","volume":200,"label":"Y","price":15.9},{"type":"A","date":"2018-05-03T05:51:38.000Z","volume":1200,"label":" ","price":15.9},{"type":"A","date":"2018-05-03T05:51:56.000Z","volume":1000,"label":" ","price":15.9},{"type":"A","date":"2018-05-03T05:51:56.000Z","volume":400,"label":" ","price":15.9},{"type":"A","date":"2018-05-03T05:51:57.000Z","volume":600,"label":" ","price":15.9},{"type":"A","date":"2018-05-03T05:52:01.000Z","volume":600,"label":" ","price":15.9},{"type":"A","date":"2018-05-03T05:52:01.000Z","volume":1200,"label":" ","price":15.9},{"type":"A","date":"2018-05-03T05:52:08.000Z","volume":600,"label":" ","price":15.92},{"type":"A","date":"2018-05-03T05:52:39.000Z","volume":1200,"label":" ","price":15.92},{"type":"A","date":"2018-05-03T05:53:27.000Z","volume":200,"label":" ","price":15.92},{"type":"A","date":"2018-05-03T05:53:27.000Z","volume":600,"label":" ","price":15.92},{"type":"A","date":"2018-05-03T05:53:40.000Z","volume":1200,"label":" ","price":15.92},{"type":"A","date":"2018-05-03T05:54:42.000Z","volume":1200,"label":" ","price":15.92},{"type":"A","date":"2018-05-03T05:54:47.000Z","volume":1000,"label":" ","price":15.92},{"type":"A","date":"2018-05-03T05:55:01.000Z","volume":200,"label":" ","price":15.92},{"type":"A","date":"2018-05-03T05:55:19.000Z","volume":200,"label":" ","price":15.92},{"type":"A","date":"2018-05-03T05:55:20.000Z","volume":800,"label":" ","price":15.92},{"type":"A","date":"2018-05-03T05:55:22.000Z","volume":400,"label":" ","price":15.92},{"type":"A","date":"2018-05-03T05:55:23.000Z","volume":7000,"label":" ","price":15.92},{"type":"A","date":"2018-05-03T05:55:23.000Z","volume":3000,"label":" ","price":15.92},{"type":"B","date":"2018-05-03T05:55:23.000Z","volume":7800,"label":" ","price":15.92},{"type":"A","date":"2018-05-03T05:55:24.000Z","volume":1800,"label":" ","price":15.94},{"type":"A","date":"2018-05-03T05:55:33.000Z","volume":4200,"label":" ","price":15.94},{"type":"A","date":"2018-05-03T05:55:37.000Z","volume":1800,"label":" ","price":15.94},{"type":"A","date":"2018-05-03T05:55:44.000Z","volume":1200,"label":" ","price":15.94},{"type":"A","date":"2018-05-03T05:55:44.000Z","volume":400,"label":" ","price":15.94},{"type":"A","date":"2018-05-03T05:55:55.000Z","volume":200,"label":" ","price":15.94},{"type":"A","date":"2018-05-03T05:56:03.000Z","volume":3200,"label":" ","price":15.94},{"type":"A","date":"2018-05-03T05:56:05.000Z","volume":1400,"label":" ","price":15.96},{"type":"B","date":"2018-05-03T05:56:21.000Z","volume":4800,"label":" ","price":15.94},{"type":"A","date":"2018-05-03T05:56:45.000Z","volume":1200,"label":" ","price":15.96},{"type":"A","date":"2018-05-03T05:56:46.000Z","volume":600,"label":" ","price":15.96},{"type":"A","date":"2018-05-03T05:57:38.000Z","volume":6800,"label":" ","price":15.96},{"type":"A","date":"2018-05-03T05:57:38.000Z","volume":1800,"label":" ","price":15.96},{"type":"B","date":"2018-05-03T05:57:38.000Z","volume":1400,"label":" ","price":15.96},{"type":"B","date":"2018-05-03T05:57:38.000Z","volume":600,"label":" ","price":15.96},{"type":"A","date":"2018-05-03T05:57:38.000Z","volume":200,"label":" ","price":15.96},{"type":"A","date":"2018-05-03T05:57:38.000Z","volume":200,"label":" ","price":15.96},{"type":"A","date":"2018-05-03T05:57:38.000Z","volume":4800,"label":" ","price":15.98},{"type":"B","date":"2018-05-03T05:57:38.000Z","volume":200,"label":" ","price":15.96},{"type":"A","date":"2018-05-03T05:57:46.000Z","volume":1200,"label":" ","price":15.98},{"type":"A","date":"2018-05-03T05:57:46.000Z","volume":600,"label":" ","price":15.98},{"type":"A","date":"2018-05-03T05:58:09.000Z","volume":1400,"label":" ","price":15.98},{"type":"A","date":"2018-05-03T05:58:12.000Z","volume":600,"label":" ","price":15.98},{"type":"A","date":"2018-05-03T05:58:47.000Z","volume":1200,"label":" ","price":15.98},{"type":"A","date":"2018-05-03T05:58:47.000Z","volume":400,"label":" ","price":15.98},{"type":"A","date":"2018-05-03T05:58:53.000Z","volume":200,"label":" ","price":15.98},{"type":"B","date":"2018-05-03T05:59:33.000Z","volume":9400,"label":" ","price":15.96},{"type":"B","date":"2018-05-03T05:59:33.000Z","volume":800,"label":" ","price":15.94},{"type":"B","date":"2018-05-03T05:59:33.000Z","volume":2000,"label":" ","price":15.94},{"type":"A","date":"2018-05-03T05:59:33.000Z","volume":800,"label":" ","price":15.96},{"type":"A","date":"2018-05-03T05:59:34.000Z","volume":800,"label":" ","price":15.96},{"type":"A","date":"2018-05-03T05:59:48.000Z","volume":1200,"label":" ","price":15.96},{"type":"A","date":"2018-05-03T05:59:48.000Z","volume":600,"label":" ","price":15.96},{"type":"A","date":"2018-05-03T06:00:13.000Z","volume":200,"label":" ","price":15.96},{"type":"A","date":"2018-05-03T06:00:49.000Z","volume":1200,"label":" ","price":15.96},{"type":"A","date":"2018-05-03T06:00:51.000Z","volume":600,"label":" ","price":15.96},{"type":"A","date":"2018-05-03T06:01:02.000Z","volume":800,"label":" ","price":15.96},{"type":"A","date":"2018-05-03T06:01:02.000Z","volume":400,"label":" ","price":15.96},{"type":"B","date":"2018-05-03T06:01:17.000Z","volume":400,"label":" ","price":15.94},{"type":"A","date":"2018-05-03T06:01:41.000Z","volume":1400,"label":" ","price":15.96},{"type":"A","date":"2018-05-03T06:01:41.000Z","volume":14800,"label":" ","price":15.98},{"type":"B","date":"2018-05-03T06:01:41.000Z","volume":200,"label":" ","price":15.98},{"type":"B","date":"2018-05-03T06:01:41.000Z","volume":4200,"label":" ","price":15.98},{"type":"A","date":"2018-05-03T06:01:41.000Z","volume":9000,"label":" ","price":16},{"type":"A","date":"2018-05-03T06:01:42.000Z","volume":600,"label":" ","price":16},{"type":"A","date":"2018-05-03T06:01:51.000Z","volume":1200,"label":" ","price":16},{"type":"A","date":"2018-05-03T06:01:52.000Z","volume":600,"label":" ","price":16}