[{"type":"A","date":"2018-03-20T07:59:23.000Z","volume":4400,"price":10.82,"category":"ubbull"},{"type":"A","date":"2018-03-20T07:53:59.000Z","volume":5000,"price":10.82,"category":"ubbull"},{"type":"A","date":"2018-03-20T07:42:15.000Z","volume":6800,"price":10.82,"category":"ubbull"},{"type":"A","date":"2018-03-20T06:27:38.000Z","volume":5000,"price":10.84,"category":"ubbull"},{"type":"A","date":"2018-03-20T05:51:51.000Z","volume":5000,"price":10.84,"category":"ubbull"},{"type":"A","date":"2018-03-20T05:24:38.000Z","volume":4000,"price":10.84,"category":"ubbull"},{"type":"A","date":"2018-03-20T05:24:38.000Z","volume":4000,"price":10.82,"category":"ubbull"},{"type":"A","date":"2018-03-20T02:44:23.000Z","volume":4800,"price":10.82,"category":"ubbull"},{"type":"A","date":"2018-03-20T02:29:03.000Z","volume":4400,"price":10.82,"category":"ubbull"},{"type":"A","date":"2018-03-20T02:05:59.000Z","volume":5000,"price":10.82,"category":"ubbull"},{"type":"A","date":"2018-03-20T07:51:05.000Z","volume":1200,"price":10.82,"category":"bbull"},{"type":"A","date":"2018-03-20T05:08:39.000Z","volume":2000,"price":10.82,"category":"bbull"},{"type":"A","date":"2018-03-20T02:19:12.000Z","volume":1600,"price":10.8,"category":"bbull"},{"type":"A","date":"2018-03-20T02:09:24.000Z","volume":2000,"price":10.82,"category":"bbull"},{"type":"A","date":"2018-03-20T02:00:53.000Z","volume":1200,"price":10.8,"category":"bbull"},{"type":"A","date":"2018-03-20T02:00:51.000Z","volume":2000,"price":10.8,"category":"bbull"},{"type":"A","date":"2018-03-20T02:00:43.000Z","volume":2000,"price":10.8,"category":"bbull"},{"type":"A","date":"2018-03-20T07:59:30.000Z","volume":200,"price":10.84,"category":"rbull"},{"type":"A","date":"2018-03-20T07:59:30.000Z","volume":200,"price":10.84,"category":"rbull"},{"type":"A","date":"2018-03-20T07:59:00.000Z","volume":200,"price":10.82,"category":"rbull"},{"type":"A","date":"2018-03-20T07:58:28.000Z","volume":200,"price":10.82,"category":"rbull"},{"type":"A","date":"2018-03-20T07:53:07.000Z","volume":200,"price":10.82,"category":"rbull"},{"type":"A","date":"2018-03-20T07:52:43.000Z","volume":200,"price":10.82,"category":"rbull"},{"type":"A","date":"2018-03-20T07:52:08.000Z","volume":200,"price":10.82,"category":"rbull"},{"type":"A","date":"2018-03-20T07:38:13.000Z","volume":200,"price":10.82,"category":"rbull"},{"type":"A","date":"2018-03-20T07:22:01.000Z","volume":200,"price":10.84,"category":"rbull"},{"type":"A","date":"2018-03-20T07:12:03.000Z","volume":200,"price":10.84,"category":"rbull"},{"type":"A","date":"2018-03-20T07:01:14.000Z","volume":200,"price":10.84,"category":"rbull"},{"type":"A","date":"2018-03-20T06:38:44.000Z","volume":200,"price":10.84,"category":"rbull"},{"type":"A","date":"2018-03-20T06:11:34.000Z","volume":200,"price":10.84,"category":"rbull"},{"type":"A","date":"2018-03-20T05:17:43.000Z","volume":200,"price":10.82,"category":"rbull"},{"type":"A","date":"2018-03-20T05:05:45.000Z","volume":200,"price":10.82,"category":"rbull"},{"type":"A","date":"2018-03-20T03:41:18.000Z","volume":200,"price":10.82,"category":"rbull"},{"type":"A","date":"2018-03-20T03:29:38.000Z","volume":200,"price":10.82,"category":"rbull"},{"type":"A","date":"2018-03-20T03:27:18.000Z","volume":200,"price":10.82,"category":"rbull"},{"type":"A","date":"2018-03-20T03:09:20.000Z","volume":200,"price":10.82,"category":"rbull"},{"type":"A","date":"2018-03-20T03:03:33.000Z","volume":200,"price":10.82,"category":"rbull"},{"type":"A","date":"2018-03-20T02:40:00.000Z","volume":200,"price":10.82,"category":"rbull"},{"type":"A","date":"2018-03-20T02:19:12.000Z","volume":200,"price":10.8,"category":"rbull"},{"type":"A","date":"2018-03-20T02:16:34.000Z","volume":200,"price":10.82,"category":"rbull"},{"type":"A","date":"2018-03-20T02:01:02.000Z","volume":200,"price":10.8,"category":"rbull"},{"type":"A","date":"2018-03-20T01:57:55.000Z","volume":200,"price":10.8,"category":"rbull"},{"type":"A","date":"2018-03-20T01:49:50.000Z","volume":200,"price":10.8,"category":"rbull"},{"type":"B","date":"2018-03-20T07:58:59.000Z","volume":200,"price":10.8,"category":"rbear"},{"type":"B","date":"2018-03-20T07:56:48.000Z","volume":200,"price":10.82,"category":"rbear"},{"type":"B","date":"2018-03-20T07:39:27.000Z","volume":200,"price":10.8,"category":"rbear"},{"type":"B","date":"2018-03-20T07:33:17.000Z","volume":200,"price":10.8,"category":"rbear"},{"type":"B","date":"2018-03-20T07:09:42.000Z","volume":200,"price":10.82,"category":"rbear"},{"type":"B","date":"2018-03-20T06:38:44.000Z","volume":200,"price":10.82,"category":"rbear"},{"type":"B","date":"2018-03-20T06:31:58.000Z","volume":200,"price":10.82,"category":"rbear"},{"type":"B","date":"2018-03-20T06:20:42.000Z","volume":200,"price":10.82,"category":"rbear"},{"type":"B","date":"2018-03-20T05:45:24.000Z","volume":200,"price":10.8,"category":"rbear"},{"type":"B","date":"2018-03-20T05:27:11.000Z","volume":200,"price":10.84,"category":"rbear"},{"type":"B","date":"2018-03-20T05:24:27.000Z","volume":200,"price":10.8,"category":"rbear"},{"type":"B","date":"2018-03-20T03:50:17.000Z","volume":200,"price":10.8,"category":"rbear"},{"type":"B","date":"2018-03-20T03:13:56.000Z","volume":200,"price":10.8,"category":"rbear"},{"type":"B","date":"2018-03-20T02:55:19.000Z","volume":200,"price":10.82,"category":"rbear"},{"type":"B","date":"2018-03-20T01:30:05.000Z","volume":200,"price":10.76,"category":"rbear"},{"type":"B","date":"2018-03-20T07:40:54.000Z","volume":2000,"price":10.82,"category":"bbear"},{"type":"B","date":"2018-03-20T05:43:57.000Z","volume":2000,"price":10.82,"category":"bbear"},{"type":"B","date":"2018-03-20T05:30:27.000Z","volume":2000,"price":10.82,"category":"bbear"},{"type":"B","date":"2018-03-20T05:27:32.000Z","volume":2000,"price":10.82,"category":"bbear"},{"type":"B","date":"2018-03-20T03:15:48.000Z","volume":1200,"price":10.8,"category":"bbear"},{"type":"B","date":"2018-03-20T03:03:08.000Z","volume":2400,"price":10.8,"category":"bbear"},{"type":"B","date":"2018-03-20T02:51:45.000Z","volume":2000,"price":10.8,"category":"bbear"},{"type":"B","date":"2018-03-20T07:57:18.000Z","volume":10000,"price":10.8,"category":"ubbear"},{"type":"B","date":"2018-03-20T07:25:04.000Z","volume":5800,"price":10.82,"category":"ubbear"},{"type":"B","date":"2018-03-20T03:17:10.000Z","volume":5000,"price":10.8,"category":"ubbear"},{"type":"B","date":"2018-03-20T02:20:43.000Z","volume":3600,"price":10.78,"category":"ubbear"}]