[{"type":"U","date":"2018-03-28T01:05:03.000Z","volume":66000,"label":"P","price":4},{"type":"U","date":"2018-03-28T01:20:00.000Z","volume":1000,"label":"U","price":4.09},{"type":"A","date":"2018-03-28T01:30:22.000Z","volume":10000,"label":" ","price":4.05},{"type":"B","date":"2018-03-28T01:31:06.000Z","volume":1000,"label":" ","price":3.97},{"type":"U","date":"2018-03-28T01:31:16.000Z","volume":2000,"label":" ","price":4},{"type":"B","date":"2018-03-28T01:33:47.000Z","volume":10000,"label":" ","price":3.96},{"type":"U","date":"2018-03-28T01:34:58.000Z","volume":2000,"label":" ","price":3.97},{"type":"B","date":"2018-03-28T01:38:19.000Z","volume":1000,"label":" ","price":3.96},{"type":"B","date":"2018-03-28T01:38:25.000Z","volume":1000,"label":" ","price":3.96},{"type":"U","date":"2018-03-28T01:42:45.000Z","volume":2000,"label":" ","price":3.97},{"type":"B","date":"2018-03-28T01:49:20.000Z","volume":1000,"label":" ","price":3.97},{"type":"B","date":"2018-03-28T01:49:20.000Z","volume":1000,"label":" ","price":3.96},{"type":"B","date":"2018-03-28T01:54:36.000Z","volume":1000,"label":" ","price":3.97},{"type":"B","date":"2018-03-28T01:54:36.000Z","volume":1000,"label":" ","price":3.96},{"type":"B","date":"2018-03-28T01:55:15.000Z","volume":1000,"label":" ","price":3.96},{"type":"A","date":"2018-03-28T02:03:36.000Z","volume":17000,"label":" ","price":4.01},{"type":"B","date":"2018-03-28T02:03:37.000Z","volume":1000,"label":" ","price":3.97},{"type":"B","date":"2018-03-28T02:03:39.000Z","volume":2000,"label":" ","price":3.97},{"type":"B","date":"2018-03-28T02:08:01.000Z","volume":2000,"label":" ","price":3.98},{"type":"B","date":"2018-03-28T02:13:16.000Z","volume":3000,"label":" ","price":3.98},{"type":"B","date":"2018-03-28T02:21:26.000Z","volume":1000,"label":" ","price":3.96},{"type":"B","date":"2018-03-28T02:27:12.000Z","volume":46000,"label":" ","price":3.96},{"type":"B","date":"2018-03-28T02:27:13.000Z","volume":12000,"label":" ","price":3.95},{"type":"B","date":"2018-03-28T02:27:14.000Z","volume":38000,"label":" ","price":3.93},{"type":"A","date":"2018-03-28T02:27:14.000Z","volume":5000,"label":" ","price":3.93},{"type":"B","date":"2018-03-28T02:27:15.000Z","volume":10000,"label":" ","price":3.91},{"type":"B","date":"2018-03-28T02:27:15.000Z","volume":39000,"label":" ","price":3.91},{"type":"A","date":"2018-03-28T02:27:18.000Z","volume":2000,"label":" ","price":3.93},{"type":"B","date":"2018-03-28T02:27:18.000Z","volume":10000,"label":" ","price":3.93},{"type":"B","date":"2018-03-28T02:27:19.000Z","volume":8000,"label":" ","price":3.93},{"type":"B","date":"2018-03-28T02:27:43.000Z","volume":10000,"label":" ","price":3.93},{"type":"B","date":"2018-03-28T02:27:44.000Z","volume":1000,"label":" ","price":3.91},{"type":"B","date":"2018-03-28T02:27:51.000Z","volume":4000,"label":" ","price":3.93},{"type":"B","date":"2018-03-28T02:28:24.000Z","volume":1000,"label":" ","price":3.93},{"type":"A","date":"2018-03-28T02:29:51.000Z","volume":1000,"label":" ","price":3.93},{"type":"A","date":"2018-03-28T02:30:06.000Z","volume":1000,"label":" ","price":3.93},{"type":"B","date":"2018-03-28T02:32:13.000Z","volume":9000,"label":" ","price":3.93},{"type":"B","date":"2018-03-28T02:35:43.000Z","volume":7000,"label":" ","price":3.94},{"type":"B","date":"2018-03-28T02:37:31.000Z","volume":1000,"label":"Y","price":3.94},{"type":"B","date":"2018-03-28T02:39:18.000Z","volume":8000,"label":" ","price":3.94},{"type":"B","date":"2018-03-28T03:10:34.000Z","volume":10000,"label":"Y","price":3.94},{"type":"B","date":"2018-03-28T03:10:34.000Z","volume":10000,"label":" ","price":3.94},{"type":"B","date":"2018-03-28T03:11:52.000Z","volume":3000,"label":" ","price":3.94},{"type":"B","date":"2018-03-28T03:32:56.000Z","volume":16000,"label":" ","price":3.95},{"type":"B","date":"2018-03-28T03:32:56.000Z","volume":12000,"label":" ","price":3.94},{"type":"B","date":"2018-03-28T03:51:55.000Z","volume":4000,"label":" ","price":3.97},{"type":"B","date":"2018-03-28T03:52:05.000Z","volume":2000,"label":" ","price":3.97},{"type":"B","date":"2018-03-28T03:52:33.000Z","volume":1000,"label":" ","price":3.97},{"type":"B","date":"2018-03-28T03:57:48.000Z","volume":1000,"label":" ","price":3.98},{"type":"B","date":"2018-03-28T05:00:11.000Z","volume":2000,"label":" ","price":3.98},{"type":"B","date":"2018-03-28T05:13:24.000Z","volume":1000,"label":" ","price":3.96},{"type":"B","date":"2018-03-28T05:20:54.000Z","volume":5000,"label":" ","price":3.95},{"type":"B","date":"2018-03-28T05:21:48.000Z","volume":2000,"label":" ","price":3.95},{"type":"B","date":"2018-03-28T05:33:52.000Z","volume":21000,"label":" ","price":3.94},{"type":"B","date":"2018-03-28T05:34:20.000Z","volume":6000,"label":" ","price":3.94},{"type":"B","date":"2018-03-28T05:34:20.000Z","volume":19000,"label":" ","price":3.94},{"type":"B","date":"2018-03-28T05:34:24.000Z","volume":14000,"label":" ","price":3.93},{"type":"A","date":"2018-03-28T05:35:09.000Z","volume":2000,"label":" ","price":3.93},{"type":"A","date":"2018-03-28T05:36:00.000Z","volume":4000,"label":" ","price":3.93},{"type":"A","date":"2018-03-28T06:01:30.000Z","volume":1000,"label":" ","price":3.95},{"type":"A","date":"2018-03-28T06:03:48.000Z","volume":3000,"label":" ","price":3.95},{"type":"A","date":"2018-03-28T06:06:24.000Z","volume":2000,"label":"Y","price":3.97},{"type":"A","date":"2018-03-28T06:06:24.000Z","volume":5000,"label":" ","price":3.97},{"type":"B","date":"2018-03-28T06:06:24.000Z","volume":1000,"label":"Y","price":3.97},{"type":"B","date":"2018-03-28T06:06:24.000Z","volume":2000,"label":" ","price":3.97},{"type":"A","date":"2018-03-28T06:06:58.000Z","volume":7000,"label":" ","price":3.97},{"type":"A","date":"2018-03-28T06:06:58.000Z","volume":9000,"label":" ","price":3.98},{"type":"A","date":"2018-03-28T06:06:58.000Z","volume":3000,"label":" ","price":3.99},{"type":"A","date":"2018-03-28T06:06:58.000Z","volume":1000,"label":" ","price":4},{"type":"U","date":"2018-03-28T06:06:59.000Z","volume":5000,"label":" ","price":3.98},{"type":"U","date":"2018-03-28T06:07:03.000Z","volume":2000,"label":" ","price":3.98},{"type":"A","date":"2018-03-28T06:17:25.000Z","volume":4000,"label":" ","price":3.97},{"type":"A","date":"2018-03-28T06:17:25.000Z","volume":1000,"label":" ","price":3.97},{"type":"A","date":"2018-03-28T06:17:25.000Z","volume":2000,"label":" ","price":3.97},{"type":"B","date":"2018-03-28T06:21:19.000Z","volume":8000,"label":" ","price":3.96},{"type":"B","date":"2018-03-28T06:21:19.000Z","volume":2000,"label":" ","price":3.95},{"type":"A","date":"2018-03-28T06:38:39.000Z","volume":1000,"label":" ","price":3.97},{"type":"B","date":"2018-03-28T06:47:28.000Z","volume":10000,"label":" ","price":3.96},{"type":"B","date":"2018-03-28T06:47:28.000Z","volume":1000,"label":" ","price":3.96},{"type":"B","date":"2018-03-28T06:50:54.000Z","volume":15000,"label":" ","price":3.96},{"type":"A","date":"2018-03-28T06:52:59.000Z","volume":5000,"label":" ","price":3.96},{"type":"A","date":"2018-03-28T07:06:31.000Z","volume":2000,"label":" ","price":3.97},{"type":"B","date":"2018-03-28T07:06:31.000Z","volume":1000,"label":" ","price":3.97},{"type":"A","date":"2018-03-28T07:06:31.000Z","volume":5000,"label":" ","price":3.97},{"type":"A","date":"2018-03-28T07:06:56.000Z","volume":3000,"label":" ","price":3.97},{"type":"B","date":"2018-03-28T07:08:17.000Z","volume":1000,"label":" ","price":3.96},{"type":"A","date":"2018-03-28T07:11:38.000Z","volume":3000,"label":"Y","price":3.97},{"type":"A","date":"2018-03-28T07:11:38.000Z","volume":3000,"label":"Y","price":3.98},{"type":"A","date":"2018-03-28T07:11:38.000Z","volume":3000,"label":"Y","price":3.99},{"type":"A","date":"2018-03-28T07:11:38.000Z","volume":7000,"label":"Y","price":4},{"type":"A","date":"2018-03-28T07:11:38.000Z","volume":14000,"label":" ","price":4},{"type":"A","date":"2018-03-28T07:12:06.000Z","volume":4000,"label":" ","price":4.01},{"type":"A","date":"2018-03-28T07:14:33.000Z","volume":3000,"label":" ","price":4.01},{"type":"B","date":"2018-03-28T07:24:02.000Z","volume":1000,"label":"Y","price":4},{"type":"B","date":"2018-03-28T07:24:02.000Z","volume":1000,"label":"Y","price":4},{"type":"B","date":"2018-03-28T07:25:32.000Z","volume":1000,"label":" ","price":4.01},{"type":"B","date":"2018-03-28T07:25:32.000Z","volume":1000,"label":" ","price":4.01},{"type":"B","date":"2018-03-28T07:25:32.000Z","volume":1000,"label":" ","price":4.01},{"type":"B","date":"2018-03-28T07:25:56.000Z","volume":1000,"label":" ","price":4.01},{"type":"A","date":"2018-03-28T07:26:13.000Z","volume":1000,"label":" ","price":4.02},{"type":"A","date":"2018-03-28T07:27:13.000Z","volume":2000,"label":" ","price":4.02},{"type":"B","date":"2018-03-28T07:28:11.000Z","volume":1000,"label":" ","price":4.01},{"type":"B","date":"2018-03-28T07:28:42.000Z","volume":4000,"label":" ","price":4.01},{"type":"A","date":"2018-03-28T07:29:51.000Z","volume":3000,"label":" ","price":4.01},{"type":"A","date":"2018-03-28T07:30:35.000Z","volume":8000,"label":" ","price":4.01},{"type":"B","date":"2018-03-28T07:30:41.000Z","volume":1000,"label":" ","price":4.01},{"type":"A","date":"2018-03-28T07:34:21.000Z","volume":3000,"label":" ","price":4.02},{"type":"A","date":"2018-03-28T07:34:27.000Z","volume":3000,"label":" ","price":4.02},{"type":"A","date":"2018-03-28T07:34:46.000Z","volume":1000,"label":" ","price":4.02},{"type":"A","date":"2018-03-28T07:35:25.000Z","volume":5000,"label":" ","price":4.02},{"type":"A","date":"2018-03-28T07:36:01.000Z","volume":52000,"label":" ","price":4.03},{"type":"A","date":"2018-03-28T07:36:07.000Z","volume":7000,"label":" ","price":4.04},{"type":"B","date":"2018-03-28T07:41:17.000Z","volume":29000,"label":" ","price":4.03},{"type":"B","date":"2018-03-28T07:41:56.000Z","volume":10000,"label":" ","price":4.03},{"type":"B","date":"2018-03-28T07:42:02.000Z","volume":1000,"label":" ","price":4.03},{"type":"B","date":"2018-03-28T07:42:02.000Z","volume":1000,"label":" ","price":4.03},{"type":"B","date":"2018-03-28T07:42:02.000Z","volume":1000,"label":" ","price":4.03},{"type":"B","date":"2018-03-28T07:42:03.000Z","volume":1000,"label":" ","price":4.03},{"type":"B","date":"2018-03-28T07:42:56.000Z","volume":1000,"label":" ","price":4.03},{"type":"B","date":"2018-03-28T07:44:11.000Z","volume":1000,"label":" ","price":4.03},{"type":"A","date":"2018-03-28T07:44:54.000Z","volume":1000,"label":" ","price":4.05},{"type":"B","date":"2018-03-28T07:45:26.000Z","volume":1000,"label":" ","price":4.03},{"type":"B","date":"2018-03-28T07:46:13.000Z","volume":1000,"label":" ","price":4.03},{"type":"B","date":"2018-03-28T07:46:29.000Z","volume":6000,"label":" ","price":4.04},{"type":"B","date":"2018-03-28T07:46:41.000Z","volume":1000,"label":" ","price":4.04},{"type":"B","date":"2018-03-28T07:47:10.000Z","volume":5000,"label":" ","price":4.04},{"type":"B","date":"2018-03-28T07:47:10.000Z","volume":10000,"label":" ","price":4.03},{"type":"A","date":"2018-03-28T07:48:36.000Z","volume":21000,"label":" ","price":4.03},{"type":"B","date":"2018-03-28T07:48:47.000Z","volume":1000,"label":" ","price":4.01},{"type":"B","date":"2018-03-28T07:48:47.000Z","volume":1000,"label":" ","price":4.01},{"type":"B","date":"2018-03-28T07:52:28.000Z","volume":20000,"label":"Y","price":4},{"type":"B","date":"2018-03-28T07:52:47.000Z","volume":1000,"label":"Y","price":4},{"type":"B","date":"2018-03-28T07:52:47.000Z","volume":1000,"label":"Y","price":4},{"type":"B","date":"2018-03-28T07:52:47.000Z","volume":1000,"label":"Y","price":4},{"type":"B","date":"2018-03-28T07:52:59.000Z","volume":8000,"label":" ","price":4},{"type":"B","date":"2018-03-28T07:53:11.000Z","volume":1000,"label":" ","price":4},{"type":"B","date":"2018-03-28T07:53:11.000Z","volume":9000,"label":"Y","price":3.96},{"type":"B","date":"2018-03-28T07:54:32.000Z","volume":1000,"label":" ","price":3.99},{"type":"B","date":"2018-03-28T07:56:56.000Z","volume":1000,"label":" ","price":3.99},{"type":"B","date":"2018-03-28T07:57:17.000Z","volume":1000,"label":" ","price":3.99},{"type":"A","date":"2018-03-28T07:57:26.000Z","volume":1000,"label":" ","price":4.02},{"type":"A","date":"2018-03-28T07:58:05.000Z","volume":10000,"label":" ","price":4.01},{"type":"B","date":"2018-03-28T07:58:14.000Z","volume":1000,"label":" ","price":3.99},{"type":"A","date":"2018-03-28T07:59:39.000Z","volume":4000,"label":" ","price":4.01}]