[{"type":"A","date":"2018-03-14T07:53:04.000Z","volume":240000,"price":0.5,"category":"ubbull"},{"type":"A","date":"2018-03-14T07:37:42.000Z","volume":780000,"price":0.51,"category":"ubbull"},{"type":"A","date":"2018-03-14T06:57:17.000Z","volume":500000,"price":0.51,"category":"ubbull"},{"type":"A","date":"2018-03-14T06:54:33.000Z","volume":280000,"price":0.5,"category":"ubbull"},{"type":"A","date":"2018-03-14T06:03:54.000Z","volume":430000,"price":0.495,"category":"ubbull"},{"type":"A","date":"2018-03-14T02:53:06.000Z","volume":400000,"price":0.495,"category":"ubbull"},{"type":"A","date":"2018-03-14T02:51:53.000Z","volume":300000,"price":0.495,"category":"ubbull"},{"type":"A","date":"2018-03-14T02:46:53.000Z","volume":970000,"price":0.49,"category":"ubbull"},{"type":"A","date":"2018-03-14T02:22:59.000Z","volume":700000,"price":0.49,"category":"ubbull"},{"type":"A","date":"2018-03-14T02:22:39.000Z","volume":550000,"price":0.485,"category":"ubbull"},{"type":"A","date":"2018-03-14T02:18:36.000Z","volume":300000,"price":0.48,"category":"ubbull"},{"type":"A","date":"2018-03-14T02:15:38.000Z","volume":1320000,"price":0.48,"category":"ubbull"},{"type":"A","date":"2018-03-14T02:05:10.000Z","volume":960000,"price":0.48,"category":"ubbull"},{"type":"A","date":"2018-03-14T02:04:00.000Z","volume":260000,"price":0.475,"category":"ubbull"},{"type":"A","date":"2018-03-14T01:59:14.000Z","volume":500000,"price":0.47,"category":"ubbull"},{"type":"A","date":"2018-03-14T07:53:01.000Z","volume":200000,"price":0.5,"category":"bbull"},{"type":"A","date":"2018-03-14T07:27:22.000Z","volume":160000,"price":0.5,"category":"bbull"},{"type":"A","date":"2018-03-14T07:27:02.000Z","volume":100000,"price":0.5,"category":"bbull"},{"type":"A","date":"2018-03-14T07:16:02.000Z","volume":120000,"price":0.5,"category":"bbull"},{"type":"A","date":"2018-03-14T07:01:44.000Z","volume":200000,"price":0.52,"category":"bbull"},{"type":"A","date":"2018-03-14T07:01:34.000Z","volume":120000,"price":0.52,"category":"bbull"},{"type":"A","date":"2018-03-14T07:01:34.000Z","volume":100000,"price":0.51,"category":"bbull"},{"type":"A","date":"2018-03-14T07:01:15.000Z","volume":100000,"price":0.51,"category":"bbull"},{"type":"A","date":"2018-03-14T07:00:09.000Z","volume":200000,"price":0.51,"category":"bbull"},{"type":"A","date":"2018-03-14T06:59:51.000Z","volume":150000,"price":0.51,"category":"bbull"},{"type":"A","date":"2018-03-14T06:59:51.000Z","volume":100000,"price":0.51,"category":"bbull"},{"type":"A","date":"2018-03-14T06:57:17.000Z","volume":150000,"price":0.51,"category":"bbull"},{"type":"A","date":"2018-03-14T06:54:33.000Z","volume":210000,"price":0.5,"category":"bbull"},{"type":"A","date":"2018-03-14T06:54:33.000Z","volume":190000,"price":0.5,"category":"bbull"},{"type":"A","date":"2018-03-14T06:47:20.000Z","volume":150000,"price":0.495,"category":"bbull"},{"type":"A","date":"2018-03-14T06:19:56.000Z","volume":200000,"price":0.5,"category":"bbull"},{"type":"A","date":"2018-03-14T06:01:23.000Z","volume":100000,"price":0.49,"category":"bbull"},{"type":"A","date":"2018-03-14T06:00:43.000Z","volume":100000,"price":0.49,"category":"bbull"},{"type":"A","date":"2018-03-14T05:58:35.000Z","volume":100000,"price":0.49,"category":"bbull"},{"type":"A","date":"2018-03-14T05:00:08.000Z","volume":110000,"price":0.495,"category":"bbull"},{"type":"A","date":"2018-03-14T03:53:12.000Z","volume":100000,"price":0.495,"category":"bbull"},{"type":"A","date":"2018-03-14T02:51:53.000Z","volume":100000,"price":0.495,"category":"bbull"},{"type":"A","date":"2018-03-14T02:23:28.000Z","volume":100000,"price":0.49,"category":"bbull"},{"type":"A","date":"2018-03-14T02:23:20.000Z","volume":100000,"price":0.49,"category":"bbull"},{"type":"A","date":"2018-03-14T02:22:48.000Z","volume":200000,"price":0.485,"category":"bbull"},{"type":"A","date":"2018-03-14T02:15:59.000Z","volume":100000,"price":0.48,"category":"bbull"},{"type":"A","date":"2018-03-14T02:15:31.000Z","volume":100000,"price":0.475,"category":"bbull"},{"type":"A","date":"2018-03-14T02:10:42.000Z","volume":100000,"price":0.48,"category":"bbull"},{"type":"A","date":"2018-03-14T02:07:14.000Z","volume":100000,"price":0.48,"category":"bbull"},{"type":"A","date":"2018-03-14T02:05:11.000Z","volume":100000,"price":0.48,"category":"bbull"},{"type":"A","date":"2018-03-14T02:03:58.000Z","volume":200000,"price":0.475,"category":"bbull"},{"type":"A","date":"2018-03-14T02:03:53.000Z","volume":200000,"price":0.475,"category":"bbull"},{"type":"A","date":"2018-03-14T01:52:59.000Z","volume":100000,"price":0.47,"category":"bbull"},{"type":"A","date":"2018-03-14T01:50:59.000Z","volume":110000,"price":0.47,"category":"bbull"},{"type":"A","date":"2018-03-14T01:39:58.000Z","volume":100000,"price":0.49,"category":"bbull"},{"type":"A","date":"2018-03-14T01:30:04.000Z","volume":200000,"price":0.495,"category":"bbull"},{"type":"A","date":"2018-03-14T07:59:41.000Z","volume":10000,"price":0.51,"category":"rbull"},{"type":"A","date":"2018-03-14T07:59:11.000Z","volume":10000,"price":0.51,"category":"rbull"},{"type":"A","date":"2018-03-14T07:58:36.000Z","volume":10000,"price":0.51,"category":"rbull"},{"type":"A","date":"2018-03-14T07:58:14.000Z","volume":10000,"price":0.51,"category":"rbull"},{"type":"A","date":"2018-03-14T07:57:27.000Z","volume":10000,"price":0.51,"category":"rbull"},{"type":"A","date":"2018-03-14T07:54:05.000Z","volume":10000,"price":0.51,"category":"rbull"},{"type":"A","date":"2018-03-14T07:49:39.000Z","volume":10000,"price":0.51,"category":"rbull"},{"type":"A","date":"2018-03-14T07:45:19.000Z","volume":10000,"price":0.51,"category":"rbull"},{"type":"A","date":"2018-03-14T07:44:29.000Z","volume":10000,"price":0.51,"category":"rbull"},{"type":"A","date":"2018-03-14T07:41:35.000Z","volume":10000,"price":0.52,"category":"rbull"},{"type":"A","date":"2018-03-14T07:41:35.000Z","volume":10000,"price":0.51,"category":"rbull"},{"type":"A","date":"2018-03-14T07:35:21.000Z","volume":10000,"price":0.51,"category":"rbull"},{"type":"A","date":"2018-03-14T07:29:30.000Z","volume":10000,"price":0.51,"category":"rbull"},{"type":"A","date":"2018-03-14T07:28:08.000Z","volume":10000,"price":0.5,"category":"rbull"},{"type":"A","date":"2018-03-14T07:22:05.000Z","volume":10000,"price":0.5,"category":"rbull"},{"type":"A","date":"2018-03-14T07:06:44.000Z","volume":10000,"price":0.5,"category":"rbull"},{"type":"A","date":"2018-03-14T07:01:34.000Z","volume":10000,"price":0.53,"category":"rbull"},{"type":"A","date":"2018-03-14T07:00:17.000Z","volume":10000,"price":0.51,"category":"rbull"},{"type":"A","date":"2018-03-14T07:00:17.000Z","volume":10000,"price":0.51,"category":"rbull"},{"type":"A","date":"2018-03-14T06:57:59.000Z","volume":10000,"price":0.52,"category":"rbull"},{"type":"A","date":"2018-03-14T06:54:55.000Z","volume":10000,"price":0.51,"category":"rbull"},{"type":"A","date":"2018-03-14T06:54:36.000Z","volume":10000,"price":0.51,"category":"rbull"},{"type":"A","date":"2018-03-14T06:50:20.000Z","volume":10000,"price":0.5,"category":"rbull"},{"type":"A","date":"2018-03-14T06:25:12.000Z","volume":10000,"price":0.5,"category":"rbull"},{"type":"A","date":"2018-03-14T06:22:07.000Z","volume":10000,"price":0.5,"category":"rbull"},{"type":"A","date":"2018-03-14T06:03:54.000Z","volume":10000,"price":0.5,"category":"rbull"},{"type":"A","date":"2018-03-14T06:01:43.000Z","volume":10000,"price":0.495,"category":"rbull"},{"type":"A","date":"2018-03-14T05:55:16.000Z","volume":10000,"price":0.495,"category":"rbull"},{"type":"A","date":"2018-03-14T05:50:05.000Z","volume":10000,"price":0.495,"category":"rbull"},{"type":"A","date":"2018-03-14T05:35:25.000Z","volume":10000,"price":0.495,"category":"rbull"},{"type":"A","date":"2018-03-14T05:15:01.000Z","volume":10000,"price":0.495,"category":"rbull"},{"type":"A","date":"2018-03-14T05:00:03.000Z","volume":10000,"price":0.495,"category":"rbull"},{"type":"A","date":"2018-03-14T03:47:34.000Z","volume":10000,"price":0.495,"category":"rbull"},{"type":"A","date":"2018-03-14T03:37:10.000Z","volume":10000,"price":0.495,"category":"rbull"},{"type":"A","date":"2018-03-14T03:19:28.000Z","volume":10000,"price":0.495,"category":"rbull"},{"type":"A","date":"2018-03-14T02:54:34.000Z","volume":10000,"price":0.5,"category":"rbull"},{"type":"A","date":"2018-03-14T02:48:29.000Z","volume":10000,"price":0.495,"category":"rbull"},{"type":"A","date":"2018-03-14T02:38:24.000Z","volume":10000,"price":0.49,"category":"rbull"},{"type":"A","date":"2018-03-14T02:29:19.000Z","volume":10000,"price":0.49,"category":"rbull"},{"type":"A","date":"2018-03-14T02:27:11.000Z","volume":10000,"price":0.49,"category":"rbull"},{"type":"A","date":"2018-03-14T02:25:13.000Z","volume":10000,"price":0.49,"category":"rbull"},{"type":"A","date":"2018-03-14T02:23:42.000Z","volume":10000,"price":0.49,"category":"rbull"},{"type":"A","date":"2018-03-14T02:23:30.000Z","volume":10000,"price":0.49,"category":"rbull"},{"type":"A","date":"2018-03-14T02:23:02.000Z","volume":10000,"price":0.495,"category":"rbull"},{"type":"A","date":"2018-03-14T02:22:54.000Z","volume":10000,"price":0.49,"category":"rbull"},{"type":"A","date":"2018-03-14T02:18:42.000Z","volume":10000,"price":0.485,"category":"rbull"},{"type":"A","date":"2018-03-14T02:18:36.000Z","volume":10000,"price":0.48,"category":"rbull"},{"type":"A","date":"2018-03-14T02:15:18.000Z","volume":10000,"price":0.475,"category":"rbull"},{"type":"A","date":"2018-03-14T02:05:22.000Z","volume":10000,"price":0.485,"category":"rbull"},{"type":"A","date":"2018-03-14T02:04:46.000Z","volume":10000,"price":0.48,"category":"rbull"},{"type":"A","date":"2018-03-14T02:04:31.000Z","volume":10000,"price":0.475,"category":"rbull"},{"type":"A","date":"2018-03-14T02:04:05.000Z","volume":10000,"price":0.48,"category":"rbull"},{"type":"A","date":"2018-03-14T02:01:07.000Z","volume":10000,"price":0.47,"category":"rbull"},{"type":"A","date":"2018-03-14T01:59:23.000Z","volume":10000,"price":0.475,"category":"rbull"},{"type":"A","date":"2018-03-14T01:56:08.000Z","volume":10000,"price":0.47,"category":"rbull"},{"type":"A","date":"2018-03-14T01:50:33.000Z","volume":10000,"price":0.48,"category":"rbull"},{"type":"A","date":"2018-03-14T01:43:23.000Z","volume":10000,"price":0.485,"category":"rbull"},{"type":"B","date":"2018-03-14T07:59:58.000Z","volume":10000,"price":0.5,"category":"rbear"},{"type":"B","date":"2018-03-14T07:59:33.000Z","volume":10000,"price":0.5,"category":"rbear"},{"type":"B","date":"2018-03-14T07:59:09.000Z","volume":10000,"price":0.5,"category":"rbear"},{"type":"B","date":"2018-03-14T07:50:34.000Z","volume":10000,"price":0.5,"category":"rbear"},{"type":"B","date":"2018-03-14T07:11:29.000Z","volume":10000,"price":0.5,"category":"rbear"},{"type":"B","date":"2018-03-14T07:07:46.000Z","volume":10000,"price":0.5,"category":"rbear"},{"type":"B","date":"2018-03-14T06:30:12.000Z","volume":10000,"price":0.495,"category":"rbear"},{"type":"B","date":"2018-03-14T02:57:07.000Z","volume":10000,"price":0.49,"category":"rbear"},{"type":"B","date":"2018-03-14T02:06:59.000Z","volume":10000,"price":0.48,"category":"rbear"},{"type":"B","date":"2018-03-14T02:05:20.000Z","volume":10000,"price":0.48,"category":"rbear"},{"type":"B","date":"2018-03-14T02:02:10.000Z","volume":10000,"price":0.47,"category":"rbear"},{"type":"B","date":"2018-03-14T01:57:41.000Z","volume":10000,"price":0.465,"category":"rbear"},{"type":"B","date":"2018-03-14T01:57:18.000Z","volume":10000,"price":0.465,"category":"rbear"},{"type":"B","date":"2018-03-14T01:56:05.000Z","volume":10000,"price":0.465,"category":"rbear"},{"type":"B","date":"2018-03-14T01:53:02.000Z","volume":10000,"price":0.47,"category":"rbear"},{"type":"B","date":"2018-03-14T01:51:19.000Z","volume":10000,"price":0.47,"category":"rbear"},{"type":"B","date":"2018-03-14T01:51:15.000Z","volume":10000,"price":0.47,"category":"rbear"},{"type":"B","date":"2018-03-14T01:46:16.000Z","volume":10000,"price":0.485,"category":"rbear"},{"type":"B","date":"2018-03-14T01:43:51.000Z","volume":10000,"price":0.485,"category":"rbear"},{"type":"B","date":"2018-03-14T01:33:58.000Z","volume":10000,"price":0.485,"category":"rbear"},{"type":"B","date":"2018-03-14T07:58:14.000Z","volume":100000,"price":0.5,"category":"bbear"},{"type":"B","date":"2018-03-14T07:50:09.000Z","volume":130000,"price":0.5,"category":"bbear"},{"type":"B","date":"2018-03-14T07:50:09.000Z","volume":100000,"price":0.5,"category":"bbear"},{"type":"B","date":"2018-03-14T07:47:37.000Z","volume":120000,"price":0.5,"category":"bbear"},{"type":"B","date":"2018-03-14T07:44:04.000Z","volume":200000,"price":0.5,"category":"bbear"},{"type":"B","date":"2018-03-14T07:44:04.000Z","volume":170000,"price":0.51,"category":"bbear"},{"type":"B","date":"2018-03-14T07:01:54.000Z","volume":190000,"price":0.51,"category":"bbear"},{"type":"B","date":"2018-03-14T07:00:55.000Z","volume":120000,"price":0.51,"category":"bbear"},{"type":"B","date":"2018-03-14T07:00:27.000Z","volume":170000,"price":0.51,"category":"bbear"},{"type":"B","date":"2018-03-14T07:00:21.000Z","volume":170000,"price":0.51,"category":"bbear"},{"type":"B","date":"2018-03-14T06:24:56.000Z","volume":200000,"price":0.495,"category":"bbear"},{"type":"B","date":"2018-03-14T06:01:04.000Z","volume":100000,"price":0.49,"category":"bbear"},{"type":"B","date":"2018-03-14T03:48:59.000Z","volume":200000,"price":0.49,"category":"bbear"},{"type":"B","date":"2018-03-14T03:28:53.000Z","volume":100000,"price":0.49,"category":"bbear"},{"type":"B","date":"2018-03-14T03:28:49.000Z","volume":100000,"price":0.49,"category":"bbear"},{"type":"B","date":"2018-03-14T02:52:38.000Z","volume":220000,"price":0.495,"category":"bbear"},{"type":"B","date":"2018-03-14T02:47:24.000Z","volume":200000,"price":0.49,"category":"bbear"},{"type":"B","date":"2018-03-14T02:35:14.000Z","volume":110000,"price":0.485,"category":"bbear"},{"type":"B","date":"2018-03-14T02:15:37.000Z","volume":180000,"price":0.47,"category":"bbear"},{"type":"B","date":"2018-03-14T02:15:07.000Z","volume":100000,"price":0.47,"category":"bbear"},{"type":"B","date":"2018-03-14T02:03:44.000Z","volume":200000,"price":0.47,"category":"bbear"},{"type":"B","date":"2018-03-14T02:00:23.000Z","volume":200000,"price":0.47,"category":"bbear"},{"type":"B","date":"2018-03-14T01:58:27.000Z","volume":170000,"price":0.465,"category":"bbear"},{"type":"B","date":"2018-03-14T01:53:52.000Z","volume":100000,"price":0.47,"category":"bbear"},{"type":"B","date":"2018-03-14T01:50:52.000Z","volume":120000,"price":0.47,"category":"bbear"},{"type":"B","date":"2018-03-14T01:49:44.000Z","volume":150000,"price":0.47,"category":"bbear"},{"type":"B","date":"2018-03-14T01:49:44.000Z","volume":190000,"price":0.475,"category":"bbear"},{"type":"B","date":"2018-03-14T01:48:16.000Z","volume":150000,"price":0.48,"category":"bbear"},{"type":"B","date":"2018-03-14T01:47:38.000Z","volume":130000,"price":0.48,"category":"bbear"},{"type":"B","date":"2018-03-14T01:38:27.000Z","volume":100000,"price":0.485,"category":"bbear"},{"type":"B","date":"2018-03-14T01:38:19.000Z","volume":200000,"price":0.485,"category":"bbear"},{"type":"B","date":"2018-03-14T07:58:07.000Z","volume":840000,"price":0.5,"category":"ubbear"},{"type":"B","date":"2018-03-14T07:49:49.000Z","volume":560000,"price":0.5,"category":"ubbear"},{"type":"B","date":"2018-03-14T07:06:11.000Z","volume":710000,"price":0.5,"category":"ubbear"},{"type":"B","date":"2018-03-14T07:06:11.000Z","volume":640000,"price":0.5,"category":"ubbear"},{"type":"B","date":"2018-03-14T06:59:29.000Z","volume":350000,"price":0.51,"category":"ubbear"},{"type":"B","date":"2018-03-14T05:58:23.000Z","volume":300000,"price":0.49,"category":"ubbear"},{"type":"B","date":"2018-03-14T03:03:59.000Z","volume":260000,"price":0.49,"category":"ubbear"},{"type":"B","date":"2018-03-14T02:28:10.000Z","volume":270000,"price":0.485,"category":"ubbear"},{"type":"B","date":"2018-03-14T02:23:08.000Z","volume":270000,"price":0.49,"category":"ubbear"},{"type":"B","date":"2018-03-14T02:17:11.000Z","volume":260000,"price":0.475,"category":"ubbear"},{"type":"B","date":"2018-03-14T02:14:40.000Z","volume":410000,"price":0.475,"category":"ubbear"},{"type":"B","date":"2018-03-14T02:04:31.000Z","volume":340000,"price":0.475,"category":"ubbear"},{"type":"B","date":"2018-03-14T01:52:46.000Z","volume":350000,"price":0.47,"category":"ubbear"},{"type":"B","date":"2018-03-14T01:50:52.000Z","volume":730000,"price":0.47,"category":"ubbear"},{"type":"B","date":"2018-03-14T01:49:44.000Z","volume":380000,"price":0.475,"category":"ubbear"},{"type":"B","date":"2018-03-14T01:49:44.000Z","volume":800000,"price":0.48,"category":"ubbear"},{"type":"B","date":"2018-03-14T01:42:58.000Z","volume":1270000,"price":0.485,"category":"ubbear"},{"type":"B","date":"2018-03-14T01:34:57.000Z","volume":310000,"price":0.49,"category":"ubbear"}]