[{"type":"U","date":"2018-05-03T01:20:00.000Z","volume":24000,"label":"U","price":10.4},{"type":"A","date":"2018-05-03T01:30:01.000Z","volume":1000,"label":" ","price":10.38},{"type":"B","date":"2018-05-03T01:30:03.000Z","volume":2000,"label":" ","price":10.36},{"type":"B","date":"2018-05-03T01:30:05.000Z","volume":1000,"label":" ","price":10.36},{"type":"U","date":"2018-05-03T01:32:23.000Z","volume":907,"label":"D","price":10.4},{"type":"U","date":"2018-05-03T01:32:49.000Z","volume":162,"label":"D","price":10.26},{"type":"B","date":"2018-05-03T01:32:57.000Z","volume":2000,"label":" ","price":10.36},{"type":"A","date":"2018-05-03T01:32:58.000Z","volume":1000,"label":" ","price":10.38},{"type":"B","date":"2018-05-03T01:33:03.000Z","volume":1000,"label":" ","price":10.36},{"type":"B","date":"2018-05-03T01:33:07.000Z","volume":1000,"label":" ","price":10.36},{"type":"A","date":"2018-05-03T01:33:08.000Z","volume":1000,"label":" ","price":10.38},{"type":"A","date":"2018-05-03T01:33:15.000Z","volume":1000,"label":" ","price":10.38},{"type":"B","date":"2018-05-03T01:33:19.000Z","volume":1000,"label":" ","price":10.36},{"type":"B","date":"2018-05-03T01:33:21.000Z","volume":15000,"label":" ","price":10.36},{"type":"B","date":"2018-05-03T01:33:21.000Z","volume":2000,"label":" ","price":10.36},{"type":"A","date":"2018-05-03T01:33:22.000Z","volume":2000,"label":" ","price":10.38},{"type":"A","date":"2018-05-03T01:33:22.000Z","volume":1000,"label":" ","price":10.38},{"type":"U","date":"2018-05-03T01:33:23.000Z","volume":724,"label":"D","price":10.26},{"type":"A","date":"2018-05-03T01:33:23.000Z","volume":2000,"label":" ","price":10.38},{"type":"A","date":"2018-05-03T01:33:24.000Z","volume":2000,"label":" ","price":10.38},{"type":"B","date":"2018-05-03T01:33:27.000Z","volume":6000,"label":" ","price":10.36},{"type":"B","date":"2018-05-03T01:33:34.000Z","volume":1000,"label":" ","price":10.36},{"type":"A","date":"2018-05-03T01:33:35.000Z","volume":1000,"label":" ","price":10.38},{"type":"B","date":"2018-05-03T01:33:39.000Z","volume":1000,"label":" ","price":10.36},{"type":"B","date":"2018-05-03T01:33:44.000Z","volume":2000,"label":" ","price":10.36},{"type":"B","date":"2018-05-03T01:33:51.000Z","volume":1000,"label":" ","price":10.36},{"type":"B","date":"2018-05-03T01:34:03.000Z","volume":11000,"label":" ","price":10.36},{"type":"B","date":"2018-05-03T01:34:03.000Z","volume":2000,"label":"Y","price":10.36},{"type":"B","date":"2018-05-03T01:34:09.000Z","volume":3000,"label":" ","price":10.36},{"type":"B","date":"2018-05-03T01:34:14.000Z","volume":1000,"label":" ","price":10.36},{"type":"B","date":"2018-05-03T01:34:14.000Z","volume":3000,"label":"Y","price":10.36},{"type":"B","date":"2018-05-03T01:34:19.000Z","volume":1000,"label":" ","price":10.36},{"type":"B","date":"2018-05-03T01:34:40.000Z","volume":1000,"label":" ","price":10.36},{"type":"B","date":"2018-05-03T01:35:03.000Z","volume":3000,"label":" ","price":10.36},{"type":"B","date":"2018-05-03T01:35:09.000Z","volume":1000,"label":" ","price":10.36},{"type":"U","date":"2018-05-03T01:35:11.000Z","volume":5000,"label":"X","price":10.363},{"type":"A","date":"2018-05-03T01:37:12.000Z","volume":1000,"label":" ","price":10.38},{"type":"B","date":"2018-05-03T01:37:15.000Z","volume":1000,"label":" ","price":10.36},{"type":"B","date":"2018-05-03T01:38:34.000Z","volume":19000,"label":" ","price":10.36},{"type":"B","date":"2018-05-03T01:38:34.000Z","volume":2000,"label":" ","price":10.36},{"type":"B","date":"2018-05-03T01:38:38.000Z","volume":5000,"label":" ","price":10.34},{"type":"B","date":"2018-05-03T01:38:43.000Z","volume":2000,"label":" ","price":10.34},{"type":"U","date":"2018-05-03T01:38:56.000Z","volume":42,"label":"D","price":10.24},{"type":"B","date":"2018-05-03T01:39:38.000Z","volume":1000,"label":" ","price":10.34},{"type":"B","date":"2018-05-03T01:41:20.000Z","volume":1000,"label":" ","price":10.34},{"type":"B","date":"2018-05-03T01:41:21.000Z","volume":1000,"label":" ","price":10.34},{"type":"B","date":"2018-05-03T01:41:32.000Z","volume":1000,"label":" ","price":10.34},{"type":"A","date":"2018-05-03T01:41:34.000Z","volume":1000,"label":" ","price":10.36},{"type":"B","date":"2018-05-03T01:42:49.000Z","volume":48000,"label":" ","price":10.34},{"type":"B","date":"2018-05-03T01:42:49.000Z","volume":1000,"label":" ","price":10.34},{"type":"B","date":"2018-05-03T01:42:50.000Z","volume":13000,"label":" ","price":10.34},{"type":"B","date":"2018-05-03T01:42:53.000Z","volume":3000,"label":" ","price":10.34},{"type":"B","date":"2018-05-03T01:43:01.000Z","volume":1000,"label":" ","price":10.34},{"type":"B","date":"2018-05-03T01:43:08.000Z","volume":1000,"label":"Y","price":10.34},{"type":"B","date":"2018-05-03T01:44:10.000Z","volume":1000,"label":" ","price":10.34},{"type":"B","date":"2018-05-03T01:44:14.000Z","volume":1000,"label":" ","price":10.34},{"type":"B","date":"2018-05-03T01:44:23.000Z","volume":1000,"label":" ","price":10.34},{"type":"B","date":"2018-05-03T01:44:33.000Z","volume":6000,"label":" ","price":10.34},{"type":"B","date":"2018-05-03T01:44:34.000Z","volume":2000,"label":" ","price":10.34},{"type":"U","date":"2018-05-03T01:44:44.000Z","volume":4,"label":"D","price":10.24},{"type":"U","date":"2018-05-03T01:45:11.000Z","volume":2000,"label":"X","price":10.344},{"type":"B","date":"2018-05-03T01:45:11.000Z","volume":1000,"label":" ","price":10.34},{"type":"A","date":"2018-05-03T01:46:15.000Z","volume":1000,"label":" ","price":10.36},{"type":"B","date":"2018-05-03T01:46:18.000Z","volume":1000,"label":" ","price":10.34},{"type":"B","date":"2018-05-03T01:48:18.000Z","volume":5000,"label":" ","price":10.34},{"type":"B","date":"2018-05-03T01:48:21.000Z","volume":1000,"label":" ","price":10.34},{"type":"U","date":"2018-05-03T01:49:32.000Z","volume":4000,"label":"X","price":10.342},{"type":"U","date":"2018-05-03T01:49:32.000Z","volume":2000,"label":"X","price":10.342},{"type":"B","date":"2018-05-03T01:50:08.000Z","volume":1000,"label":" ","price":10.34},{"type":"B","date":"2018-05-03T01:50:11.000Z","volume":1000,"label":" ","price":10.34},{"type":"B","date":"2018-05-03T01:51:18.000Z","volume":5000,"label":" ","price":10.34},{"type":"B","date":"2018-05-03T01:51:18.000Z","volume":2000,"label":" ","price":10.34},{"type":"B","date":"2018-05-03T01:51:20.000Z","volume":2000,"label":" ","price":10.34},{"type":"U","date":"2018-05-03T01:51:32.000Z","volume":2000,"label":"X","price":10.34},{"type":"U","date":"2018-05-03T01:51:32.000Z","volume":1000,"label":"X","price":10.34},{"type":"A","date":"2018-05-03T01:51:36.000Z","volume":1000,"label":" ","price":10.36},{"type":"A","date":"2018-05-03T01:51:39.000Z","volume":1000,"label":" ","price":10.36},{"type":"B","date":"2018-05-03T01:51:43.000Z","volume":1000,"label":" ","price":10.34},{"type":"B","date":"2018-05-03T01:51:46.000Z","volume":2000,"label":" ","price":10.34},{"type":"B","date":"2018-05-03T01:52:12.000Z","volume":1000,"label":" ","price":10.34},{"type":"B","date":"2018-05-03T01:52:45.000Z","volume":2000,"label":" ","price":10.34},{"type":"B","date":"2018-05-03T01:53:15.000Z","volume":15000,"label":" ","price":10.34},{"type":"A","date":"2018-05-03T01:53:15.000Z","volume":6000,"label":" ","price":10.34},{"type":"A","date":"2018-05-03T01:53:15.000Z","volume":1000,"label":" ","price":10.34},{"type":"B","date":"2018-05-03T01:53:18.000Z","volume":2000,"label":" ","price":10.34},{"type":"A","date":"2018-05-03T01:53:18.000Z","volume":1000,"label":" ","price":10.34},{"type":"B","date":"2018-05-03T01:53:21.000Z","volume":7000,"label":" ","price":10.32},{"type":"A","date":"2018-05-03T01:53:21.000Z","volume":7000,"label":" ","price":10.34},{"type":"B","date":"2018-05-03T01:53:25.000Z","volume":1000,"label":" ","price":10.32},{"type":"B","date":"2018-05-03T01:53:28.000Z","volume":3000,"label":" ","price":10.32},{"type":"B","date":"2018-05-03T01:53:30.000Z","volume":1000,"label":" ","price":10.32},{"type":"B","date":"2018-05-03T01:53:35.000Z","volume":1000,"label":" ","price":10.32},{"type":"B","date":"2018-05-03T01:53:40.000Z","volume":1000,"label":" ","price":10.32},{"type":"U","date":"2018-05-03T01:57:28.000Z","volume":3000,"label":"X","price":10.336},{"type":"U","date":"2018-05-03T01:57:28.000Z","volume":1000,"label":"X","price":10.336},{"type":"A","date":"2018-05-03T01:58:56.000Z","volume":2000,"label":" ","price":10.34},{"type":"B","date":"2018-05-03T01:58:59.000Z","volume":1000,"label":" ","price":10.32},{"type":"U","date":"2018-05-03T01:59:28.000Z","volume":1000,"label":"X","price":10.333},{"type":"U","date":"2018-05-03T02:00:32.000Z","volume":42,"label":"D","price":10.22},{"type":"A","date":"2018-05-03T02:00:58.000Z","volume":1000,"label":" ","price":10.34},{"type":"U","date":"2018-05-03T02:01:26.000Z","volume":1000,"label":"X","price":10.34},{"type":"U","date":"2018-05-03T02:01:26.000Z","volume":1000,"label":"X","price":10.34},{"type":"B","date":"2018-05-03T02:02:33.000Z","volume":6000,"label":" ","price":10.32},{"type":"B","date":"2018-05-03T02:02:35.000Z","volume":2000,"label":" ","price":10.32},{"type":"B","date":"2018-05-03T02:02:50.000Z","volume":1000,"label":" ","price":10.32},{"type":"B","date":"2018-05-03T02:03:58.000Z","volume":1000,"label":" ","price":10.32},{"type":"B","date":"2018-05-03T02:04:01.000Z","volume":1000,"label":" ","price":10.32},{"type":"B","date":"2018-05-03T02:04:04.000Z","volume":49000,"label":" ","price":10.32},{"type":"B","date":"2018-05-03T02:04:04.000Z","volume":2000,"label":" ","price":10.3},{"type":"B","date":"2018-05-03T02:04:05.000Z","volume":13000,"label":" ","price":10.3},{"type":"A","date":"2018-05-03T02:04:05.000Z","volume":4000,"label":" ","price":10.32},{"type":"A","date":"2018-05-03T02:04:06.000Z","volume":2000,"label":" ","price":10.32},{"type":"B","date":"2018-05-03T02:04:08.000Z","volume":4000,"label":" ","price":10.3},{"type":"B","date":"2018-05-03T02:04:15.000Z","volume":1000,"label":" ","price":10.3},{"type":"B","date":"2018-05-03T02:04:21.000Z","volume":1000,"label":" ","price":10.3},{"type":"B","date":"2018-05-03T02:06:53.000Z","volume":1000,"label":" ","price":10.3},{"type":"B","date":"2018-05-03T02:07:18.000Z","volume":6000,"label":" ","price":10.3},{"type":"B","date":"2018-05-03T02:07:19.000Z","volume":2000,"label":" ","price":10.3},{"type":"B","date":"2018-05-03T02:07:59.000Z","volume":1000,"label":" ","price":10.3},{"type":"B","date":"2018-05-03T02:08:05.000Z","volume":1000,"label":" ","price":10.3},{"type":"B","date":"2018-05-03T02:10:28.000Z","volume":1000,"label":" ","price":10.3},{"type":"A","date":"2018-05-03T02:11:01.000Z","volume":1000,"label":" ","price":10.32},{"type":"B","date":"2018-05-03T02:11:18.000Z","volume":6000,"label":" ","price":10.3},{"type":"B","date":"2018-05-03T02:11:21.000Z","volume":2000,"label":" ","price":10.3},{"type":"U","date":"2018-05-03T02:11:26.000Z","volume":4000,"label":"X","price":10.312},{"type":"A","date":"2018-05-03T02:11:30.000Z","volume":1000,"label":" ","price":10.32},{"type":"B","date":"2018-05-03T02:11:31.000Z","volume":1000,"label":" ","price":10.3},{"type":"B","date":"2018-05-03T02:12:20.000Z","volume":1000,"label":" ","price":10.3},{"type":"A","date":"2018-05-03T02:13:32.000Z","volume":1000,"label":" ","price":10.32},{"type":"B","date":"2018-05-03T02:13:32.000Z","volume":1000,"label":" ","price":10.3},{"type":"B","date":"2018-05-03T02:13:45.000Z","volume":1000,"label":" ","price":10.3},{"type":"A","date":"2018-05-03T02:14:24.000Z","volume":1000,"label":" ","price":10.32},{"type":"A","date":"2018-05-03T02:14:49.000Z","volume":1000,"label":" ","price":10.32},{"type":"B","date":"2018-05-03T02:14:53.000Z","volume":1000,"label":" ","price":10.3},{"type":"B","date":"2018-05-03T02:15:18.000Z","volume":7000,"label":" ","price":10.3},{"type":"B","date":"2018-05-03T02:15:20.000Z","volume":2000,"label":" ","price":10.3},{"type":"U","date":"2018-05-03T02:15:26.000Z","volume":86,"label":"D","price":10.22},{"type":"A","date":"2018-05-03T02:15:40.000Z","volume":1000,"label":" ","price":10.32},{"type":"U","date":"2018-05-03T02:16:26.000Z","volume":4000,"label":"X","price":10.305},{"type":"U","date":"2018-05-03T02:16:26.000Z","volume":2000,"label":"X","price":10.305},{"type":"B","date":"2018-05-03T02:16:38.000Z","volume":1000,"label":" ","price":10.3},{"type":"B","date":"2018-05-03T02:16:42.000Z","volume":1000,"label":" ","price":10.3},{"type":"A","date":"2018-05-03T02:17:01.000Z","volume":1000,"label":" ","price":10.32},{"type":"A","date":"2018-05-03T02:17:09.000Z","volume":1000,"label":" ","price":10.32},{"type":"A","date":"2018-05-03T02:17:45.000Z","volume":1000,"label":" ","price":10.32},{"type":"A","date":"2018-05-03T02:18:15.000Z","volume":1000,"label":" ","price":10.32},{"type":"B","date":"2018-05-03T02:18:18.000Z","volume":1000,"label":" ","price":10.3},{"type":"B","date":"2018-05-03T02:18:18.000Z","volume":1000,"label":" ","price":10.3},{"type":"B","date":"2018-05-03T02:18:31.000Z","volume":1000,"label":" ","price":10.3},{"type":"A","date":"2018-05-03T02:18:52.000Z","volume":1000,"label":" ","price":10.32},{"type":"B","date":"2018-05-03T02:18:56.000Z","volume":1000,"label":" ","price":10.3},{"type":"B","date":"2018-05-03T02:19:18.000Z","volume":6000,"label":" ","price":10.3},{"type":"B","date":"2018-05-03T02:19:21.000Z","volume":2000,"label":" ","price":10.3},{"type":"A","date":"2018-05-03T02:19:31.000Z","volume":4000,"label":" ","price":10.32},{"type":"B","date":"2018-05-03T02:19:40.000Z","volume":1000,"label":" ","price":10.3},{"type":"A","date":"2018-05-03T02:19:43.000Z","volume":2000,"label":" ","price":10.32},{"type":"B","date":"2018-05-03T02:19:46.000Z","volume":1000,"label":" ","price":10.3},{"type":"U","date":"2018-05-03T02:19:52.000Z","volume":254,"label":"D","price":10.2},{"type":"B","date":"2018-05-03T02:20:08.000Z","volume":1000,"label":" ","price":10.3},{"type":"A","date":"2018-05-03T02:21:16.000Z","volume":1000,"label":" ","price":10.32},{"type":"U","date":"2018-05-03T02:21:26.000Z","volume":3000,"label":"X","price":10.308},{"type":"U","date":"2018-05-03T02:21:26.000Z","volume":1000,"label":"X","price":10.308},{"type":"A","date":"2018-05-03T02:21:38.000Z","volume":3000,"label":" ","price":10.32},{"type":"B","date":"2018-05-03T02:21:39.000Z","volume":5000,"label":" ","price":10.3},{"type":"B","date":"2018-05-03T02:21:40.000Z","volume":1000,"label":" ","price":10.3},{"type":"B","date":"2018-05-03T02:21:40.000Z","volume":3000,"label":" ","price":10.3},{"type":"A","date":"2018-05-03T02:21:45.000Z","volume":3000,"label":" ","price":10.32},{"type":"B","date":"2018-05-03T02:21:51.000Z","volume":1000,"label":" ","price":10.3},{"type":"B","date":"2018-05-03T02:22:08.000Z","volume":1000,"label":" ","price":10.3},{"type":"B","date":"2018-05-03T02:23:28.000Z","volume":1000,"label":" ","price":10.3},{"type":"B","date":"2018-05-03T02:24:48.000Z","volume":6000,"label":" ","price":10.3},{"type":"B","date":"2018-05-03T02:24:54.000Z","volume":2000,"label":" ","price":10.3},{"type":"U","date":"2018-05-03T02:25:59.000Z","volume":126,"label":"D","price":10.2},{"type":"B","date":"2018-05-03T02:27:10.000Z","volume":1000,"label":" ","price":10.3},{"type":"B","date":"2018-05-03T02:27:18.000Z","volume":1000,"label":" ","price":10.3},{"type":"B","date":"2018-05-03T02:27:18.000Z","volume":1000,"label":" ","price":10.3},{"type":"B","date":"2018-05-03T02:27:23.000Z","volume":1000,"label":" ","price":10.3},{"type":"B","date":"2018-05-03T02:28:18.000Z","volume":5000,"label":" ","price":10.3},{"type":"B","date":"2018-05-03T02:28:22.000Z","volume":2000,"label":" ","price":10.3},{"type":"A","date":"2018-05-03T02:28:57.000Z","volume":1000,"label":" ","price":10.32},{"type":"B","date":"2018-05-03T02:29:00.000Z","volume":1000,"label":" ","price":10.3},{"type":"A","date":"2018-05-03T02:29:32.000Z","volume":1000,"label":" ","price":10.32},{"type":"A","date":"2018-05-03T02:30:23.000Z","volume":2000,"label":" ","price":10.32},{"type":"B","date":"2018-05-03T02:30:28.000Z","volume":1000,"label":" ","price":10.3},{"type":"B","date":"2018-05-03T02:30:53.000Z","volume":1000,"label":" ","price":10.3},{"type":"B","date":"2018-05-03T02:31:00.000Z","volume":1000,"label":" ","price":10.3},{"type":"B","date":"2018-05-03T02:31:16.000Z","volume":1000,"label":" ","price":10.3},{"type":"B","date":"2018-05-03T02:31:20.000Z","volume":1000,"label":" ","price":10.3},{"type":"B","date":"2018-05-03T02:31:48.000Z","volume":4000,"label":" ","price":10.3},{"type":"B","date":"2018-05-03T02:31:49.000Z","volume":1000,"label":" ","price":10.3},{"type":"A","date":"2018-05-03T02:33:27.000Z","volume":1000,"label":" ","price":10.32},{"type":"U","date":"2018-05-03T02:35:49.000Z","volume":218,"label":"D","price":10.269},{"type":"B","date":"2018-05-03T02:35:58.000Z","volume":1000,"label":" ","price":10.3},{"type":"B","date":"2018-05-03T02:36:03.000Z","volume":1000,"label":" ","price":10.3},{"type":"B","date":"2018-05-03T02:36:03.000Z","volume":1000,"label":" ","price":10.3},{"type":"A","date":"2018-05-03T02:38:48.000Z","volume":1000,"label":" ","price":10.32},{"type":"B","date":"2018-05-03T02:38:52.000Z","volume":1000,"label":" ","price":10.3},{"type":"B","date":"2018-05-03T02:40:20.000Z","volume":1000,"label":" ","price":10.3},{"type":"A","date":"2018-05-03T02:40:31.000Z","volume":1000,"label":" ","price":10.32},{"type":"B","date":"2018-05-03T02:40:33.000Z","volume":1000,"label":" ","price":10.3},{"type":"B","date":"2018-05-03T02:40:37.000Z","volume":1000,"label":" ","price":10.3},{"type":"A","date":"2018-05-03T02:40:41.000Z","volume":1000,"label":" ","price":10.32},{"type":"A","date":"2018-05-03T02:41:08.000Z","volume":2000,"label":" ","price":10.32},{"type":"B","date":"2018-05-03T02:41:09.000Z","volume":1000,"label":" ","price":10.3},{"type":"B","date":"2018-05-03T02:41:18.000Z","volume":1000,"label":" ","price":10.3},{"type":"B","date":"2018-05-03T02:41:23.000Z","volume":1000,"label":"Y","price":10.3},{"type":"B","date":"2018-05-03T02:42:48.000Z","volume":3000,"label":" ","price":10.3},{"type":"B","date":"2018-05-03T02:42:48.000Z","volume":1000,"label":" ","price":10.3},{"type":"B","date":"2018-05-03T02:42:48.000Z","volume":2000,"label":" ","price":10.3},{"type":"B","date":"2018-05-03T02:42:49.000Z","volume":1000,"label":" ","price":10.3},{"type":"B","date":"2018-05-03T02:44:58.000Z","volume":1000,"label":" ","price":10.3},{"type":"A","date":"2018-05-03T02:45:30.000Z","volume":1000,"label":" ","price":10.32},{"type":"A","date":"2018-05-03T02:45:32.000Z","volume":1000,"label":" ","price":10.32},{"type":"B","date":"2018-05-03T02:45:32.000Z","volume":1000,"label":" ","price":10.3},{"type":"B","date":"2018-05-03T02:45:32.000Z","volume":2000,"label":" ","price":10.3},{"type":"B","date":"2018-05-03T02:45:33.000Z","volume":1000,"label":" ","price":10.3},{"type":"A","date":"2018-05-03T02:45:46.000Z","volume":1000,"label":" ","price":10.32},{"type":"A","date":"2018-05-03T02:46:00.000Z","volume":4000,"label":" ","price":10.32},{"type":"B","date":"2018-05-03T02:46:01.000Z","volume":2000,"label":" ","price":10.3},{"type":"B","date":"2018-05-03T02:46:03.000Z","volume":2000,"label":" ","price":10.3},{"type":"A","date":"2018-05-03T02:46:45.000Z","volume":1000,"label":" ","price":10.32},{"type":"A","date":"2018-05-03T02:48:12.000Z","volume":1000,"label":" ","price":10.32},{"type":"B","date":"2018-05-03T02:48:16.000Z","volume":1000,"label":" ","price":10.3},{"type":"B","date":"2018-05-03T02:48:18.000Z","volume":1000,"label":" ","price":10.3},{"type":"A","date":"2018-05-03T02:49:32.000Z","volume":1000,"label":" ","price":10.32},{"type":"B","date":"2018-05-03T02:49:40.000Z","volume":1000,"label":" ","price":10.3},{"type":"B","date":"2018-05-03T02:49:43.000Z","volume":1000,"label":" ","price":10.3},{"type":"B","date":"2018-05-03T02:50:18.000Z","volume":3000,"label":"Y","price":10.3},{"type":"B","date":"2018-05-03T02:50:19.000Z","volume":1000,"label":" ","price":10.3},{"type":"B","date":"2018-05-03T02:50:33.000Z","volume":1000,"label":" ","price":10.3},{"type":"B","date":"2018-05-03T02:51:33.000Z","volume":1000,"label":" ","price":10.3},{"type":"A","date":"2018-05-03T02:51:43.000Z","volume":1000,"label":" ","price":10.32},{"type":"B","date":"2018-05-03T02:51:48.000Z","volume":1000,"label":" ","price":10.3},{"type":"B","date":"2018-05-03T02:51:51.000Z","volume":1000,"label":" ","price":10.3},{"type":"B","date":"2018-05-03T02:52:17.000Z","volume":1000,"label":" ","price":10.3},{"type":"A","date":"2018-05-03T02:52:18.000Z","volume":1000,"label":" ","price":10.32},{"type":"B","date":"2018-05-03T02:52:18.000Z","volume":1000,"label":" ","price":10.3},{"type":"B","date":"2018-05-03T02:52:22.000Z","volume":2000,"label":" ","price":10.3},{"type":"A","date":"2018-05-03T02:53:23.000Z","volume":1000,"label":" ","price":10.32},{"type":"A","date":"2018-05-03T02:53:23.000Z","volume":1000,"label":" ","price":10.32},{"type":"B","date":"2018-05-03T02:53:33.000Z","volume":1000,"label":" ","price":10.3},{"type":"B","date":"2018-05-03T02:56:03.000Z","volume":1000,"label":" ","price":10.3},{"type":"B","date":"2018-05-03T02:56:04.000Z","volume":1000,"label":" ","price":10.3},{"type":"B","date":"2018-05-03T02:56:07.000Z","volume":360000,"label":" ","price":10.3},{"type":"B","date":"2018-05-03T02:56:07.000Z","volume":52000,"label":" ","price":10.3},{"type":"B","date":"2018-05-03T02:56:08.000Z","volume":2000,"label":" ","price":10.3},{"type":"B","date":"2018-05-03T02:56:08.000Z","volume":3000,"label":" ","price":10.3},{"type":"A","date":"2018-05-03T02:56:08.000Z","volume":1000,"label":" ","price":10.32},{"type":"B","date":"2018-05-03T02:56:10.000Z","volume":41000,"label":" ","price":10.3},{"type":"B","date":"2018-05-03T02:56:12.000Z","volume":4000,"label":" ","price":10.3},{"type":"B","date":"2018-05-03T02:56:16.000Z","volume":41000,"label":" ","price":10.3},{"type":"B","date":"2018-05-03T02:56:16.000Z","volume":5000,"label":" ","price":10.3},{"type":"B","date":"2018-05-03T02:56:17.000Z","volume":1000,"label":" ","price":10.3},{"type":"B","date":"2018-05-03T02:56:17.000Z","volume":1000,"label":" ","price":10.3},{"type":"B","date":"2018-05-03T02:56:18.000Z","volume":7000,"label":" ","price":10.3},{"type":"B","date":"2018-05-03T02:56:33.000Z","volume":1000,"label":" ","price":10.28},{"type":"B","date":"2018-05-03T02:56:33.000Z","volume":4000,"label":" ","price":10.28},{"type":"B","date":"2018-05-03T02:56:33.000Z","volume":5000,"label":" ","price":10.28},{"type":"B","date":"2018-05-03T02:56:33.000Z","volume":5000,"label":" ","price":10.28},{"type":"B","date":"2018-05-03T02:56:33.000Z","volume":6000,"label":" ","price":10.28},{"type":"B","date":"2018-05-03T02:56:33.000Z","volume":8000,"label":" ","price":10.28},{"type":"A","date":"2018-05-03T02:56:35.000Z","volume":1000,"label":" ","price":10.3},{"type":"A","date":"2018-05-03T02:57:08.000Z","volume":2000,"label":" ","price":10.3},{"type":"A","date":"2018-05-03T02:57:15.000Z","volume":3000,"label":" ","price":10.3},{"type":"U","date":"2018-05-03T02:57:25.000Z","volume":1000,"label":"X","price":10.283},{"type":"U","date":"2018-05-03T02:59:09.000Z","volume":1000,"label":"X","price":10.28},{"type":"U","date":"2018-05-03T02:59:09.000Z","volume":1000,"label":"X","price":10.28},{"type":"B","date":"2018-05-03T02:59:10.000Z","volume":1000,"label":" ","price":10.28},{"type":"U","date":"2018-05-03T03:00:51.000Z","volume":1000,"label":"X","price":10.28},{"type":"A","date":"2018-05-03T03:02:05.000Z","volume":13000,"label":" ","price":10.3},{"type":"B","date":"2018-05-03T03:02:05.000Z","volume":2000,"label":" ","price":10.28},{"type":"A","date":"2018-05-03T03:02:06.000Z","volume":2000,"label":"Y","price":10.3},{"type":"A","date":"2018-05-03T03:02:06.000Z","volume":16000,"label":" ","price":10.3},{"type":"A","date":"2018-05-03T03:02:40.000Z","volume":2000,"label":" ","price":10.3},{"type":"A","date":"2018-05-03T03:03:15.000Z","volume":2000,"label":" ","price":10.3},{"type":"A","date":"2018-05-03T03:03:16.000Z","volume":1000,"label":" ","price":10.3},{"type":"U","date":"2018-05-03T03:03:36.000Z","volume":1000,"label":"X","price":10.299},{"type":"U","date":"2018-05-03T03:03:36.000Z","volume":1000,"label":"X","price":10.299},{"type":"B","date":"2018-05-03T03:03:46.000Z","volume":1000,"label":" ","price":10.28},{"type":"U","date":"2018-05-03T03:05:15.000Z","volume":1000,"label":"X","price":10.29},{"type":"A","date":"2018-05-03T03:05:15.000Z","volume":1000,"label":" ","price":10.3},{"type":"A","date":"2018-05-03T03:05:15.000Z","volume":4000,"label":"Y","price":10.3},{"type":"A","date":"2018-05-03T03:05:15.000Z","volume":20000,"label":" ","price":10.3},{"type":"U","date":"2018-05-03T03:05:15.000Z","volume":5000,"label":"X","price":10.3},{"type":"A","date":"2018-05-03T03:05:18.000Z","volume":5000,"label":" ","price":10.3},{"type":"B","date":"2018-05-03T03:05:22.000Z","volume":7000,"label":" ","price":10.28},{"type":"B","date":"2018-05-03T03:05:25.000Z","volume":2000,"label":" ","price":10.28},{"type":"B","date":"2018-05-03T03:06:54.000Z","volume":1000,"label":" ","price":10.28},{"type":"A","date":"2018-05-03T03:07:30.000Z","volume":1000,"label":" ","price":10.3},{"type":"A","date":"2018-05-03T03:08:15.000Z","volume":1000,"label":"Y","price":10.3},{"type":"A","date":"2018-05-03T03:08:15.000Z","volume":1000,"label":" ","price":10.3},{"type":"A","date":"2018-05-03T03:08:15.000Z","volume":1000,"label":" ","price":10.3},{"type":"B","date":"2018-05-03T03:08:16.000Z","volume":1000,"label":" ","price":10.28},{"type":"B","date":"2018-05-03T03:08:30.000Z","volume":1000,"label":" ","price":10.28},{"type":"B","date":"2018-05-03T03:08:31.000Z","volume":1000,"label":" ","price":10.28},{"type":"A","date":"2018-05-03T03:11:45.000Z","volume":2000,"label":" ","price":10.3},{"type":"U","date":"2018-05-03T03:12:06.000Z","volume":1000,"label":"X","price":10.3},{"type":"B","date":"2018-05-03T03:12:14.000Z","volume":1000,"label":" ","price":10.28},{"type":"B","date":"2018-05-03T03:12:19.000Z","volume":1000,"label":" ","price":10.28},{"type":"A","date":"2018-05-03T03:12:25.000Z","volume":10000,"label":" ","price":10.3},{"type":"A","date":"2018-05-03T03:12:32.000Z","volume":1000,"label":" ","price":10.3},{"type":"A","date":"2018-05-03T03:12:32.000Z","volume":1000,"label":" ","price":10.3},{"type":"A","date":"2018-05-03T03:12:33.000Z","volume":1000,"label":" ","price":10.3},{"type":"B","date":"2018-05-03T03:12:36.000Z","volume":1000,"label":" ","price":10.3},{"type":"B","date":"2018-05-03T03:12:37.000Z","volume":1000,"label":"Y","price":10.3},{"type":"B","date":"2018-05-03T03:12:37.000Z","volume":5000,"label":" ","price":10.3},{"type":"U","date":"2018-05-03T03:12:37.000Z","volume":223,"label":"D","price":10.2},{"type":"B","date":"2018-05-03T03:12:44.000Z","volume":2000,"label":" ","price":10.3},{"type":"B","date":"2018-05-03T03:13:02.000Z","volume":8000,"label":" ","price":10.3},{"type":"B","date":"2018-05-03T03:13:03.000Z","volume":2000,"label":" ","price":10.3},{"type":"B","date":"2018-05-03T03:13:07.000Z","volume":1000,"label":" ","price":10.3},{"type":"U","date":"2018-05-03T03:14:36.000Z","volume":1000,"label":"X","price":10.3},{"type":"U","date":"2018-05-03T03:14:50.000Z","volume":42,"label":"D","price":10.22},{"type":"A","date":"2018-05-03T03:15:41.000Z","volume":1000,"label":" ","price":10.32},{"type":"B","date":"2018-05-03T03:15:48.000Z","volume":5000,"label":" ","price":10.3},{"type":"B","date":"2018-05-03T03:15:48.000Z","volume":2000,"label":" ","price":10.3},{"type":"B","date":"2018-05-03T03:16:18.000Z","volume":219000,"label":" ","price":10.3},{"type":"A","date":"2018-05-03T03:16:19.000Z","volume":28000,"label":" ","price":10.3},{"type":"B","date":"2018-05-03T03:16:20.000Z","volume":62000,"label":" ","price":10.28},{"type":"B","date":"2018-05-03T03:16:23.000Z","volume":16000,"label":" ","price":10.28},{"type":"B","date":"2018-05-03T03:16:31.000Z","volume":4000,"label":" ","price":10.28},{"type":"B","date":"2018-05-03T03:17:50.000Z","volume":1000,"label":" ","price":10.28},{"type":"B","date":"2018-05-03T03:17:51.000Z","volume":1000,"label":" ","price":10.28},{"type":"B","date":"2018-05-03T03:18:33.000Z","volume":5000,"label":" ","price":10.28},{"type":"B","date":"2018-05-03T03:18:36.000Z","volume":1000,"label":" ","price":10.28},{"type":"B","date":"2018-05-03T03:21:03.000Z","volume":4000,"label":" ","price":10.28},{"type":"B","date":"2018-05-03T03:21:06.000Z","volume":2000,"label":" ","price":10.28},{"type":"A","date":"2018-05-03T03:23:01.000Z","volume":7000,"label":" ","price":10.3},{"type":"B","date":"2018-05-03T03:23:01.000Z","volume":2000,"label":" ","price":10.28},{"type":"B","date":"2018-05-03T03:23:09.000Z","volume":1000,"label":" ","price":10.28},{"type":"B","date":"2018-05-03T03:23:18.000Z","volume":4000,"label":" ","price":10.28},{"type":"B","date":"2018-05-03T03:23:23.000Z","volume":1000,"label":" ","price":10.28},{"type":"A","date":"2018-05-03T03:24:13.000Z","volume":1000,"label":" ","price":10.3},{"type":"A","date":"2018-05-03T03:24:18.000Z","volume":50000,"label":" ","price":10.3},{"type":"B","date":"2018-05-03T03:24:20.000Z","volume":13000,"label":" ","price":10.28},{"type":"B","date":"2018-05-03T03:24:29.000Z","volume":3000,"label":" ","price":10.28},{"type":"B","date":"2018-05-03T03:24:36.000Z","volume":1000,"label":" ","price":10.28},{"type":"U","date":"2018-05-03T03:24:36.000Z","volume":1000,"label":"X","price":10.294},{"type":"A","date":"2018-05-03T03:25:12.000Z","volume":4000,"label":" ","price":10.3},{"type":"B","date":"2018-05-03T03:25:13.000Z","volume":1000,"label":" ","price":10.28},{"type":"B","date":"2018-05-03T03:25:37.000Z","volume":5000,"label":" ","price":10.28},{"type":"B","date":"2018-05-03T03:25:42.000Z","volume":2000,"label":" ","price":10.28},{"type":"U","date":"2018-05-03T03:26:36.000Z","volume":2000,"label":"X","price":10.286},{"type":"B","date":"2018-05-03T03:27:10.000Z","volume":1000,"label":" ","price":10.28},{"type":"B","date":"2018-05-03T03:28:33.000Z","volume":5000,"label":" ","price":10.28},{"type":"U","date":"2018-05-03T03:28:36.000Z","volume":1000,"label":"X","price":10.28},{"type":"U","date":"2018-05-03T03:28:36.000Z","volume":1000,"label":"X","price":10.28},{"type":"B","date":"2018-05-03T03:28:39.000Z","volume":2000,"label":" ","price":10.28},{"type":"A","date":"2018-05-03T03:28:44.000Z","volume":1000,"label":" ","price":10.3},{"type":"A","date":"2018-05-03T03:29:49.000Z","volume":10000,"label":" ","price":10.3},{"type":"B","date":"2018-05-03T03:29:51.000Z","volume":3000,"label":" ","price":10.28},{"type":"A","date":"2018-05-03T03:29:53.000Z","volume":39000,"label":" ","price":10.3},{"type":"B","date":"2018-05-03T03:29:57.000Z","volume":11000,"label":" ","price":10.28},{"type":"U","date":"2018-05-03T03:29:58.000Z","volume":4000,"label":"X","price":10.3},{"type":"U","date":"2018-05-03T03:29:58.000Z","volume":1000,"label":"X","price":10.29},{"type":"U","date":"2018-05-03T03:29:58.000Z","volume":1000,"label":"X","price":10.3},{"type":"A","date":"2018-05-03T03:29:58.000Z","volume":27000,"label":" ","price":10.3},{"type":"U","date":"2018-05-03T03:29:58.000Z","volume":1000,"label":"X","price":10.3},{"type":"A","date":"2018-05-03T03:30:02.000Z","volume":2000,"label":" ","price":10.3},{"type":"B","date":"2018-05-03T03:30:03.000Z","volume":10000,"label":" ","price":10.28},{"type":"B","date":"2018-05-03T03:30:11.000Z","volume":2000,"label":" ","price":10.28},{"type":"U","date":"2018-05-03T03:30:36.000Z","volume":1000,"label":"X","price":10.295},{"type":"U","date":"2018-05-03T03:30:36.000Z","volume":2000,"label":"X","price":10.295},{"type":"A","date":"2018-05-03T03:30:45.000Z","volume":2000,"label":" ","price":10.3},{"type":"B","date":"2018-05-03T03:30:47.000Z","volume":1000,"label":" ","price":10.28},{"type":"A","date":"2018-05-03T03:31:06.000Z","volume":2000,"label":" ","price":10.3},{"type":"U","date":"2018-05-03T03:31:06.000Z","volume":1000,"label":"X","price":10.3},{"type":"A","date":"2018-05-03T03:31:16.000Z","volume":3000,"label":" ","price":10.3},{"type":"U","date":"2018-05-03T03:31:20.000Z","volume":1000,"label":"X","price":10.298},{"type":"U","date":"2018-05-03T03:31:20.000Z","volume":1000,"label":"X","price":10.298},{"type":"B","date":"2018-05-03T03:31:24.000Z","volume":2000,"label":" ","price":10.28},{"type":"A","date":"2018-05-03T03:31:46.000Z","volume":2000,"label":" ","price":10.3},{"type":"B","date":"2018-05-03T03:32:03.000Z","volume":5000,"label":" ","price":10.28},{"type":"B","date":"2018-05-03T03:32:05.000Z","volume":2000,"label":" ","price":10.28},{"type":"U","date":"2018-05-03T03:33:20.000Z","volume":1000,"label":"X","price":10.284},{"type":"A","date":"2018-05-03T03:33:47.000Z","volume":1000,"label":" ","price":10.3},{"type":"A","date":"2018-05-03T03:33:56.000Z","volume":2000,"label":" ","price":10.3},{"type":"B","date":"2018-05-03T03:34:00.000Z","volume":1000,"label":" ","price":10.28},{"type":"A","date":"2018-05-03T03:34:33.000Z","volume":3000,"label":"Y","price":10.3},{"type":"A","date":"2018-05-03T03:34:35.000Z","volume":1000,"label":" ","price":10.3},{"type":"A","date":"2018-05-03T03:34:35.000Z","volume":3000,"label":"Y","price":10.3},{"type":"B","date":"2018-05-03T03:34:36.000Z","volume":2000,"label":" ","price":10.28},{"type":"A","date":"2018-05-03T03:34:46.000Z","volume":2000,"label":" ","price":10.3},{"type":"B","date":"2018-05-03T03:35:03.000Z","volume":5000,"label":" ","price":10.28},{"type":"A","date":"2018-05-03T03:35:07.000Z","volume":20000,"label":" ","price":10.3},{"type":"B","date":"2018-05-03T03:35:09.000Z","volume":5000,"label":" ","price":10.28},{"type":"A","date":"2018-05-03T03:37:11.000Z","volume":7000,"label":" ","price":10.32},{"type":"B","date":"2018-05-03T03:37:18.000Z","volume":5000,"label":" ","price":10.3},{"type":"A","date":"2018-05-03T03:38:36.000Z","volume":1000,"label":" ","price":10.32},{"type":"A","date":"2018-05-03T03:38:45.000Z","volume":1000,"label":" ","price":10.32},{"type":"B","date":"2018-05-03T03:38:47.000Z","volume":2000,"label":" ","price":10.3},{"type":"A","date":"2018-05-03T03:39:48.000Z","volume":2000,"label":"Y","price":10.32},{"type":"A","date":"2018-05-03T03:39:56.000Z","volume":1000,"label":" ","price":10.32},{"type":"B","date":"2018-05-03T03:40:03.000Z","volume":4000,"label":" ","price":10.3},{"type":"B","date":"2018-05-03T03:40:03.000Z","volume":3000,"label":" ","price":10.3},{"type":"B","date":"2018-05-03T03:40:05.000Z","volume":3000,"label":" ","price":10.3},{"type":"A","date":"2018-05-03T03:40:13.000Z","volume":3000,"label":"Y","price":10.32},{"type":"A","date":"2018-05-03T03:41:24.000Z","volume":2000,"label":" ","price":10.32},{"type":"A","date":"2018-05-03T03:41:34.000Z","volume":1000,"label":" ","price":10.32},{"type":"A","date":"2018-05-03T03:43:23.000Z","volume":3000,"label":" ","price":10.32},{"type":"A","date":"2018-05-03T03:43:41.000Z","volume":1000,"label":" ","price":10.32},{"type":"B","date":"2018-05-03T03:44:18.000Z","volume":4000,"label":" ","price":10.3},{"type":"B","date":"2018-05-03T03:44:18.000Z","volume":5000,"label":" ","price":10.3},{"type":"U","date":"2018-05-03T03:44:47.000Z","volume":1000,"label":"X","price":10.303},{"type":"A","date":"2018-05-03T03:45:28.000Z","volume":2000,"label":"Y","price":10.32},{"type":"B","date":"2018-05-03T03:46:00.000Z","volume":1000,"label":" ","price":10.3},{"type":"A","date":"2018-05-03T03:46:23.000Z","volume":2000,"label":"Y","price":10.32},{"type":"A","date":"2018-05-03T03:47:32.000Z","volume":1000,"label":" ","price":10.32},{"type":"U","date":"2018-05-03T03:47:47.000Z","volume":1000,"label":"X","price":10.315},{"type":"A","date":"2018-05-03T03:47:48.000Z","volume":1000,"label":" ","price":10.32},{"type":"A","date":"2018-05-03T03:48:30.000Z","volume":1000,"label":" ","price":10.32},{"type":"A","date":"2018-05-03T03:49:36.000Z","volume":1000,"label":" ","price":10.32},{"type":"B","date":"2018-05-03T03:49:41.000Z","volume":2000,"label":" ","price":10.3},{"type":"B","date":"2018-05-03T03:50:03.000Z","volume":5000,"label":" ","price":10.3},{"type":"A","date":"2018-05-03T03:50:41.000Z","volume":3000,"label":" ","price":10.32},{"type":"B","date":"2018-05-03T03:50:42.000Z","volume":2000,"label":" ","price":10.3},{"type":"B","date":"2018-05-03T03:51:48.000Z","volume":6000,"label":" ","price":10.3},{"type":"B","date":"2018-05-03T03:51:50.000Z","volume":3000,"label":" ","price":10.3},{"type":"A","date":"2018-05-03T03:52:03.000Z","volume":1000,"label":"Y","price":10.32},{"type":"B","date":"2018-05-03T03:53:48.000Z","volume":3000,"label":" ","price":10.3},{"type":"A","date":"2018-05-03T03:54:12.000Z","volume":1000,"label":" ","price":10.32},{"type":"B","date":"2018-05-03T03:54:48.000Z","volume":5000,"label":" ","price":10.3},{"type":"B","date":"2018-05-03T03:54:52.000Z","volume":2000,"label":" ","price":10.3},{"type":"B","date":"2018-05-03T03:55:20.000Z","volume":1000,"label":" ","price":10.3},{"type":"B","date":"2018-05-03T03:56:33.000Z","volume":2000,"label":" ","price":10.3},{"type":"A","date":"2018-05-03T03:56:50.000Z","volume":1000,"label":" ","price":10.32},{"type":"B","date":"2018-05-03T03:57:18.000Z","volume":1000,"label":" ","price":10.3},{"type":"B","date":"2018-05-03T03:57:18.000Z","volume":5000,"label":" ","price":10.3},{"type":"B","date":"2018-05-03T03:57:20.000Z","volume":2000,"label":" ","price":10.3},{"type":"B","date":"2018-05-03T03:57:20.000Z","volume":1000,"label":" ","price":10.3},{"type":"B","date":"2018-05-03T03:59:33.000Z","volume":1000,"label":" ","price":10.3},{"type":"A","date":"2018-05-03T03:59:38.000Z","volume":1000,"label":" ","price":10.32},{"type":"A","date":"2018-05-03T03:59:50.000Z","volume":1000,"label":" ","price":10.32},{"type":"B","date":"2018-05-03T05:00:10.000Z","volume":1000,"label":" ","price":10.3},{"type":"U","date":"2018-05-03T05:02:06.000Z","volume":1000,"label":"X","price":10.3},{"type":"B","date":"2018-05-03T05:03:23.000Z","volume":3000,"label":" ","price":10.3},{"type":"B","date":"2018-05-03T05:03:25.000Z","volume":1000,"label":" ","price":10.3},{"type":"A","date":"2018-05-03T05:05:21.000Z","volume":1000,"label":" ","price":10.32},{"type":"A","date":"2018-05-03T05:05:47.000Z","volume":1000,"label":" ","price":10.32},{"type":"B","date":"2018-05-03T05:05:53.000Z","volume":1000,"label":" ","price":10.3},{"type":"A","date":"2018-05-03T05:06:29.000Z","volume":1000,"label":" ","price":10.32},{"type":"B","date":"2018-05-03T05:07:32.000Z","volume":6000,"label":" ","price":10.3},{"type":"A","date":"2018-05-03T05:07:35.000Z","volume":1000,"label":"Y","price":10.32},{"type":"A","date":"2018-05-03T05:07:35.000Z","volume":1000,"label":" ","price":10.32},{"type":"B","date":"2018-05-03T05:07:37.000Z","volume":2000,"label":" ","price":10.3},{"type":"B","date":"2018-05-03T05:07:44.000Z","volume":1000,"label":" ","price":10.3},{"type":"A","date":"2018-05-03T05:07:56.000Z","volume":3000,"label":" ","price":10.32},{"type":"B","date":"2018-05-03T05:07:59.000Z","volume":1000,"label":" ","price":10.3},{"type":"A","date":"2018-05-03T05:08:04.000Z","volume":1000,"label":"Y","price":10.32},{"type":"A","date":"2018-05-03T05:09:22.000Z","volume":30000,"label":" ","price":10.32},{"type":"B","date":"2018-05-03T05:09:30.000Z","volume":8000,"label":" ","price":10.3},{"type":"B","date":"2018-05-03T05:09:34.000Z","volume":2000,"label":" ","price":10.3},{"type":"U","date":"2018-05-03T05:10:12.000Z","volume":629,"label":"D","price":10.24},{"type":"B","date":"2018-05-03T05:10:17.000Z","volume":17000,"label":" ","price":10.3},{"type":"B","date":"2018-05-03T05:10:21.000Z","volume":5000,"label":" ","price":10.3},{"type":"B","date":"2018-05-03T05:10:27.000Z","volume":1000,"label":" ","price":10.3},{"type":"B","date":"2018-05-03T05:14:10.000Z","volume":1000,"label":" ","price":10.3},{"type":"B","date":"2018-05-03T05:14:12.000Z","volume":1000,"label":" ","price":10.3},{"type":"B","date":"2018-05-03T05:15:04.000Z","volume":1000,"label":" ","price":10.3},{"type":"A","date":"2018-05-03T05:15:23.000Z","volume":1000,"label":" ","price":10.32},{"type":"U","date":"2018-05-03T05:16:06.000Z","volume":1000,"label":"X","price":10.305},{"type":"B","date":"2018-05-03T05:17:33.000Z","volume":1000,"label":" ","price":10.3},{"type":"B","date":"2018-05-03T05:17:38.000Z","volume":1000,"label":" ","price":10.3},{"type":"B","date":"2018-05-03T05:18:24.000Z","volume":3000,"label":" ","price":10.3},{"type":"B","date":"2018-05-03T05:18:29.000Z","volume":1000,"label":" ","price":10.3},{"type":"A","date":"2018-05-03T05:19:25.000Z","volume":1000,"label":" ","price":10.32},{"type":"B","date":"2018-05-03T05:19:47.000Z","volume":4000,"label":" ","price":10.3},{"type":"B","date":"2018-05-03T05:19:47.000Z","volume":5000,"label":" ","price":10.3},{"type":"B","date":"2018-05-03T05:19:49.000Z","volume":2000,"label":" ","price":10.3},{"type":"B","date":"2018-05-03T05:19:52.000Z","volume":1000,"label":" ","price":10.3},{"type":"B","date":"2018-05-03T05:20:33.000Z","volume":1000,"label":" ","price":10.3},{"type":"A","date":"2018-05-03T05:20:49.000Z","volume":1000,"label":" ","price":10.32},{"type":"B","date":"2018-05-03T05:20:50.000Z","volume":1000,"label":" ","price":10.3},{"type":"A","date":"2018-05-03T05:21:28.000Z","volume":1000,"label":" ","price":10.32},{"type":"A","date":"2018-05-03T05:21:37.000Z","volume":2000,"label":" ","price":10.32},{"type":"B","date":"2018-05-03T05:21:39.000Z","volume":1000,"label":" ","price":10.3},{"type":"A","date":"2018-05-03T05:21:39.000Z","volume":2000,"label":" ","price":10.32},{"type":"B","date":"2018-05-03T05:21:42.000Z","volume":1000,"label":" ","price":10.3},{"type":"A","date":"2018-05-03T05:22:15.000Z","volume":1000,"label":" ","price":10.32},{"type":"A","date":"2018-05-03T05:22:32.000Z","volume":1000,"label":" ","price":10.32},{"type":"B","date":"2018-05-03T05:22:48.000Z","volume":1000,"label":" ","price":10.3},{"type":"B","date":"2018-05-03T05:22:50.000Z","volume":1000,"label":" ","price":10.3},{"type":"B","date":"2018-05-03T05:23:20.000Z","volume":1000,"label":" ","price":10.3},{"type":"B","date":"2018-05-03T05:24:08.000Z","volume":1000,"label":" ","price":10.3},{"type":"A","date":"2018-05-03T05:24:37.000Z","volume":1000,"label":" ","price":10.32},{"type":"B","date":"2018-05-03T05:24:40.000Z","volume":1000,"label":" ","price":10.3},{"type":"U","date":"2018-05-03T05:26:06.000Z","volume":1000,"label":"X","price":10.305},{"type":"B","date":"2018-05-03T05:26:47.000Z","volume":5000,"label":" ","price":10.3},{"type":"B","date":"2018-05-03T05:26:47.000Z","volume":5000,"label":" ","price":10.3},{"type":"B","date":"2018-05-03T05:26:47.000Z","volume":2000,"label":" ","price":10.3},{"type":"B","date":"2018-05-03T05:26:54.000Z","volume":1000,"label":" ","price":10.3},{"type":"B","date":"2018-05-03T05:27:24.000Z","volume":2000,"label":" ","price":10.3},{"type":"B","date":"2018-05-03T05:27:32.000Z","volume":1000,"label":" ","price":10.3},{"type":"B","date":"2018-05-03T05:27:38.000Z","volume":1000,"label":" ","price":10.3},{"type":"B","date":"2018-05-03T05:31:23.000Z","volume":1000,"label":" ","price":10.3},{"type":"B","date":"2018-05-03T05:31:26.000Z","volume":1000,"label":" ","price":10.3},{"type":"A","date":"2018-05-03T05:32:28.000Z","volume":5000,"label":" ","price":10.32},{"type":"B","date":"2018-05-03T05:32:30.000Z","volume":1000,"label":" ","price":10.3},{"type":"B","date":"2018-05-03T05:32:32.000Z","volume":1000,"label":"Y","price":10.3},{"type":"B","date":"2018-05-03T05:32:32.000Z","volume":4000,"label":" ","price":10.3},{"type":"B","date":"2018-05-03T05:32:32.000Z","volume":1000,"label":"Y","price":10.3},{"type":"B","date":"2018-05-03T05:32:32.000Z","volume":4000,"label":" ","price":10.3},{"type":"B","date":"2018-05-03T05:32:36.000Z","volume":3000,"label":" ","price":10.3},{"type":"B","date":"2018-05-03T05:32:44.000Z","volume":1000,"label":" ","price":10.3},{"type":"B","date":"2018-05-03T05:32:50.000Z","volume":1000,"label":" ","price":10.3},{"type":"A","date":"2018-05-03T05:33:11.000Z","volume":7000,"label":" ","price":10.32},{"type":"B","date":"2018-05-03T05:33:16.000Z","volume":2000,"label":" ","price":10.3},{"type":"U","date":"2018-05-03T05:33:58.000Z","volume":1000,"label":"X","price":10.32},{"type":"A","date":"2018-05-03T05:34:39.000Z","volume":6000,"label":" ","price":10.32},{"type":"B","date":"2018-05-03T05:34:55.000Z","volume":3000,"label":" ","price":10.3},{"type":"A","date":"2018-05-03T05:34:59.000Z","volume":5000,"label":" ","price":10.32},{"type":"A","date":"2018-05-03T05:35:19.000Z","volume":1000,"label":" ","price":10.32},{"type":"A","date":"2018-05-03T05:35:49.000Z","volume":1000,"label":" ","price":10.32},{"type":"A","date":"2018-05-03T05:35:50.000Z","volume":12000,"label":" ","price":10.32},{"type":"A","date":"2018-05-03T05:35:51.000Z","volume":6000,"label":" ","price":10.32},{"type":"A","date":"2018-05-03T05:36:07.000Z","volume":1000,"label":"Y","price":10.32},{"type":"U","date":"2018-05-03T05:36:07.000Z","volume":1000,"label":"X","price":10.312},{"type":"A","date":"2018-05-03T05:37:23.000Z","volume":3000,"label":" ","price":10.32},{"type":"A","date":"2018-05-03T05:37:59.000Z","volume":1000,"label":" ","price":10.32},{"type":"B","date":"2018-05-03T05:38:02.000Z","volume":5000,"label":" ","price":10.3},{"type":"B","date":"2018-05-03T05:38:48.000Z","volume":4000,"label":" ","price":10.3},{"type":"A","date":"2018-05-03T05:39:02.000Z","volume":1000,"label":" ","price":10.32},{"type":"A","date":"2018-05-03T05:40:39.000Z","volume":1000,"label":"Y","price":10.32},{"type":"A","date":"2018-05-03T05:40:39.000Z","volume":31000,"label":" ","price":10.32},{"type":"A","date":"2018-05-03T05:41:18.000Z","volume":1000,"label":" ","price":10.34},{"type":"B","date":"2018-05-03T05:41:32.000Z","volume":5000,"label":" ","price":10.32},{"type":"B","date":"2018-05-03T05:41:32.000Z","volume":6000,"label":" ","price":10.32},{"type":"B","date":"2018-05-03T05:41:35.000Z","volume":3000,"label":" ","price":10.32},{"type":"B","date":"2018-05-03T05:41:42.000Z","volume":1000,"label":" ","price":10.32},{"type":"A","date":"2018-05-03T05:42:32.000Z","volume":3000,"label":" ","price":10.34},{"type":"B","date":"2018-05-03T05:42:34.000Z","volume":1000,"label":" ","price":10.32},{"type":"A","date":"2018-05-03T05:43:41.000Z","volume":1000,"label":"Y","price":10.34},{"type":"A","date":"2018-05-03T05:43:49.000Z","volume":4000,"label":" ","price":10.34},{"type":"B","date":"2018-05-03T05:43:50.000Z","volume":1000,"label":" ","price":10.32},{"type":"B","date":"2018-05-03T05:43:55.000Z","volume":1000,"label":" ","price":10.32},{"type":"A","date":"2018-05-03T05:44:57.000Z","volume":3000,"label":" ","price":10.34},{"type":"B","date":"2018-05-03T05:45:01.000Z","volume":1000,"label":" ","price":10.32},{"type":"U","date":"2018-05-03T05:45:10.000Z","volume":1000,"label":"X","price":10.34},{"type":"A","date":"2018-05-03T05:45:50.000Z","volume":1000,"label":" ","price":10.34},{"type":"A","date":"2018-05-03T05:46:32.000Z","volume":2000,"label":" ","price":10.34},{"type":"B","date":"2018-05-03T05:46:33.000Z","volume":1000,"label":" ","price":10.32},{"type":"B","date":"2018-05-03T05:47:02.000Z","volume":5000,"label":" ","price":10.32},{"type":"B","date":"2018-05-03T05:47:02.000Z","volume":5000,"label":" ","price":10.32},{"type":"B","date":"2018-05-03T05:47:03.000Z","volume":1000,"label":" ","price":10.32},{"type":"B","date":"2018-05-03T05:47:06.000Z","volume":3000,"label":" ","price":10.32},{"type":"A","date":"2018-05-03T05:47:18.000Z","volume":1000,"label":" ","price":10.34},{"type":"B","date":"2018-05-03T05:47:21.000Z","volume":1000,"label":" ","price":10.32},{"type":"A","date":"2018-05-03T05:47:29.000Z","volume":1000,"label":" ","price":10.34},{"type":"A","date":"2018-05-03T05:48:10.000Z","volume":2000,"label":" ","price":10.34},{"type":"B","date":"2018-05-03T05:48:11.000Z","volume":1000,"label":" ","price":10.32},{"type":"A","date":"2018-05-03T05:48:32.000Z","volume":1000,"label":" ","price":10.34},{"type":"U","date":"2018-05-03T05:48:33.000Z","volume":1000,"label":"X","price":10.323},{"type":"A","date":"2018-05-03T05:48:53.000Z","volume":1000,"label":" ","price":10.34},{"type":"A","date":"2018-05-03T05:49:15.000Z","volume":5000,"label":" ","price":10.34},{"type":"B","date":"2018-05-03T05:49:16.000Z","volume":1000,"label":" ","price":10.32},{"type":"B","date":"2018-05-03T05:49:22.000Z","volume":2000,"label":" ","price":10.32},{"type":"A","date":"2018-05-03T05:50:27.000Z","volume":2000,"label":" ","price":10.34},{"type":"B","date":"2018-05-03T05:50:33.000Z","volume":1000,"label":" ","price":10.32},{"type":"B","date":"2018-05-03T05:51:22.000Z","volume":1000,"label":" ","price":10.32},{"type":"A","date":"2018-05-03T05:51:23.000Z","volume":1000,"label":" ","price":10.34},{"type":"B","date":"2018-05-03T05:51:23.000Z","volume":1000,"label":" ","price":10.32},{"type":"B","date":"2018-05-03T05:51:30.000Z","volume":1000,"label":" ","price":10.32},{"type":"A","date":"2018-05-03T05:51:30.000Z","volume":1000,"label":" ","price":10.34},{"type":"B","date":"2018-05-03T05:51:35.000Z","volume":1000,"label":" ","price":10.32},{"type":"A","date":"2018-05-03T05:53:09.000Z","volume":1000,"label":" ","price":10.34},{"type":"B","date":"2018-05-03T05:53:17.000Z","volume":5000,"label":" ","price":10.32},{"type":"B","date":"2018-05-03T05:53:17.000Z","volume":5000,"label":" ","price":10.32},{"type":"B","date":"2018-05-03T05:53:18.000Z","volume":1000,"label":" ","price":10.32},{"type":"B","date":"2018-05-03T05:53:23.000Z","volume":3000,"label":" ","price":10.32},{"type":"B","date":"2018-05-03T05:53:27.000Z","volume":1000,"label":" ","price":10.32},{"type":"A","date":"2018-05-03T05:53:35.000Z","volume":1000,"label":" ","price":10.34},{"type":"U","date":"2018-05-03T05:53:54.000Z","volume":176,"label":"D","price":10.24},{"type":"A","date":"2018-05-03T05:54:10.000Z","volume":1000,"label":" ","price":10.34},{"type":"U","date":"2018-05-03T05:54:10.000Z","volume":1000,"label":"X","price":10.34},{"type":"A","date":"2018-05-03T05:54:15.000Z","volume":7000,"label":" ","price":10.34},{"type":"B","date":"2018-05-03T05:54:19.000Z","volume":2000,"label":" ","price":10.32},{"type":"B","date":"2018-05-03T05:54:20.000Z","volume":1000,"label":" ","price":10.32},{"type":"B","date":"2018-05-03T05:54:22.000Z","volume":1000,"label":" ","price":10.32},{"type":"A","date":"2018-05-03T05:55:32.000Z","volume":1000,"label":" ","price":10.34},{"type":"A","date":"2018-05-03T05:55:33.000Z","volume":2000,"label":" ","price":10.34},{"type":"B","date":"2018-05-03T05:55:34.000Z","volume":1000,"label":" ","price":10.32},{"type":"A","date":"2018-05-03T05:56:07.000Z","volume":1000,"label":" ","price":10.34},{"type":"A","date":"2018-05-03T05:56:18.000Z","volume":1000,"label":" ","price":10.34},{"type":"B","date":"2018-05-03T05:56:21.000Z","volume":1000,"label":" ","price":10.32},{"type":"A","date":"2018-05-03T05:57:53.000Z","volume":1000,"label":" ","price":10.34},{"type":"B","date":"2018-05-03T05:58:51.000Z","volume":4000,"label":" ","price":10.32},{"type":"B","date":"2018-05-03T05:58:58.000Z","volume":1000,"label":" ","price":10.32},{"type":"B","date":"2018-05-03T05:59:04.000Z","volume":1000,"label":" ","price":10.32},{"type":"A","date":"2018-05-03T05:59:10.000Z","volume":1000,"label":" ","price":10.34},{"type":"A","date":"2018-05-03T06:00:22.000Z","volume":1000,"label":" ","price":10.34},{"type":"A","date":"2018-05-03T06:00:33.000Z","volume":2000,"label":" ","price":10.34},{"type":"B","date":"2018-05-03T06:00:34.000Z","volume":1000,"label":" ","price":10.32},{"type":"B","date":"2018-05-03T06:00:39.000Z","volume":1000,"label":" ","price":10.32},{"type":"A","date":"2018-05-03T06:00:41.000Z","volume":11000,"label":" ","price":10.34},{"type":"B","date":"2018-05-03T06:00:46.000Z","volume":3000,"label":" ","price":10.32},{"type":"B","date":"2018-05-03T06:00:49.000Z","volume":1000,"label":" ","price":10.32},{"type":"B","date":"2018-05-03T06:01:00.000Z","volume":1000,"label":" ","price":10.32},{"type":"A","date":"2018-05-03T06:01:42.000Z","volume":1000,"label":" ","price":10.34},{"type":"B","date":"2018-05-03T06:01:43.000Z","volume":1000,"label":" ","price":10.32},{"type":"B","date":"2018-05-03T06:01:44.000Z","volume":1000,"label":" ","price":10.32},{"type":"B","date":"2018-05-03T06:01:47.000Z","volume":5000,"label":" ","price":10.32},{"type":"B","date":"2018-05-03T06:01:47.000Z","volume":5000,"label":" ","price":10.32},{"type":"B","date":"2018-05-03T06:01:51.000Z","volume":3000,"label":" ","price":10.32},{"type":"A","date":"2018-05-03T06:02:52.000Z","volume":1000,"label":" ","price":10.34},{"type":"A","date":"2018-05-03T06:03:05.000Z","volume":1000,"label":" ","price":10.34},{"type":"B","date":"2018-05-03T06:03:08.000Z","volume":1000,"label":" ","price":10.32},{"type":"A","date":"2018-05-03T06:03:10.000Z","volume":4000,"label":" ","price":10.34},{"type":"B","date":"2018-05-03T06:03:11.000Z","volume":1000,"label":" ","price":10.32},{"type":"B","date":"2018-05-03T06:03:12.000Z","volume":1000,"label":" ","price":10.32},{"type":"A","date":"2018-05-03T06:04:10.000Z","volume":1000,"label":" ","price":10.34},{"type":"U","date":"2018-05-03T06:04:10.000Z","volume":1000,"label":"X","price":10.34},{"type":"B","date":"2018-05-03T06:04:14.000Z","volume":1000,"label":" ","price":10.32},{"type":"A","date":"2018-05-03T06:04:44.000Z","volume":1000,"label":" ","price":10.34},{"type":"A","date":"2018-05-03T06:05:12.000Z","volume":15000,"label":" ","price":10.34},{"type":"B","date":"2018-05-03T06:05:44.000Z","volume":2000,"label":" ","price":10.32},{"type":"B","date":"2018-05-03T06:05:46.000Z","volume":1000,"label":" ","price":10.32},{"type":"A","date":"2018-05-03T06:06:28.000Z","volume":4000,"label":" ","price":10.34},{"type":"B","date":"2018-05-03T06:06:30.000Z","volume":1000,"label":" ","price":10.32},{"type":"A","date":"2018-05-03T06:06:47.000Z","volume":1000,"label":" ","price":10.34},{"type":"A","date":"2018-05-03T06:06:50.000Z","volume":1000,"label":" ","price":10.34},{"type":"B","date":"2018-05-03T06:07:17.000Z","volume":4000,"label":" ","price":10.32},{"type":"B","date":"2018-05-03T06:07:17.000Z","volume":5000,"label":" ","price":10.32},{"type":"B","date":"2018-05-03T06:07:18.000Z","volume":1000,"label":" ","price":10.32},{"type":"A","date":"2018-05-03T06:07:23.000Z","volume":1000,"label":" ","price":10.34},{"type":"B","date":"2018-05-03T06:07:23.000Z","volume":2000,"label":" ","price":10.32},{"type":"A","date":"2018-05-03T06:09:14.000Z","volume":1000,"label":" ","price":10.34},{"type":"A","date":"2018-05-03T06:09:22.000Z","volume":4000,"label":" ","price":10.34},{"type":"A","date":"2018-05-03T06:09:40.000Z","volume":1000,"label":" ","price":10.34},{"type":"U","date":"2018-05-03T06:09:40.000Z","volume":1000,"label":"X","price":10.34},{"type":"A","date":"2018-05-03T06:09:58.000Z","volume":1000,"label":" ","price":10.34},{"type":"B","date":"2018-05-03T06:10:01.000Z","volume":1000,"label":" ","price":10.32},{"type":"B","date":"2018-05-03T06:10:20.000Z","volume":1000,"label":" ","price":10.32},{"type":"B","date":"2018-05-03T06:11:03.000Z","volume":10000,"label":" ","price":10.32},{"type":"B","date":"2018-05-03T06:11:04.000Z","volume":1000,"label":" ","price":10.32},{"type":"B","date":"2018-05-03T06:11:09.000Z","volume":3000,"label":" ","price":10.32},{"type":"A","date":"2018-05-03T06:11:54.000Z","volume":1000,"label":" ","price":10.34},{"type":"B","date":"2018-05-03T06:11:59.000Z","volume":1000,"label":" ","price":10.32},{"type":"A","date":"2018-05-03T06:12:17.000Z","volume":1000,"label":" ","price":10.34},{"type":"B","date":"2018-05-03T06:13:02.000Z","volume":5000,"label":" ","price":10.32},{"type":"B","date":"2018-05-03T06:13:02.000Z","volume":4000,"label":" ","price":10.32},{"type":"A","date":"2018-05-03T06:13:03.000Z","volume":2000,"label":"Y","price":10.34},{"type":"B","date":"2018-05-03T06:13:03.000Z","volume":1000,"label":" ","price":10.32},{"type":"A","date":"2018-05-03T06:13:06.000Z","volume":1000,"label":" ","price":10.34},{"type":"B","date":"2018-05-03T06:13:06.000Z","volume":4000,"label":" ","price":10.32},{"type":"B","date":"2018-05-03T06:13:14.000Z","volume":1000,"label":" ","price":10.32},{"type":"A","date":"2018-05-03T06:14:26.000Z","volume":4000,"label":" ","price":10.34},{"type":"A","date":"2018-05-03T06:14:40.000Z","volume":1000,"label":" ","price":10.34},{"type":"U","date":"2018-05-03T06:14:40.000Z","volume":1000,"label":"X","price":10.34},{"type":"A","date":"2018-05-03T06:14:41.000Z","volume":1000,"label":" ","price":10.34},{"type":"A","date":"2018-05-03T06:15:13.000Z","volume":1000,"label":" ","price":10.34},{"type":"A","date":"2018-05-03T06:16:32.000Z","volume":20000,"label":" ","price":10.34},{"type":"A","date":"2018-05-03T06:16:38.000Z","volume":3000,"label":" ","price":10.36},{"type":"B","date":"2018-05-03T06:16:38.000Z","volume":1000,"label":" ","price":10.34},{"type":"B","date":"2018-05-03T06:16:39.000Z","volume":1000,"label":" ","price":10.34},{"type":"B","date":"2018-05-03T06:16:45.000Z","volume":1000,"label":" ","price":10.34},{"type":"A","date":"2018-05-03T06:16:48.000Z","volume":1000,"label":" ","price":10.36},{"type":"A","date":"2018-05-03T06:17:23.000Z","volume":26000,"label":" ","price":10.36},{"type":"B","date":"2018-05-03T06:17:24.000Z","volume":1000,"label":" ","price":10.34},{"type":"B","date":"2018-05-03T06:17:25.000Z","volume":8000,"label":" ","price":10.34},{"type":"B","date":"2018-05-03T06:17:29.000Z","volume":2000,"label":" ","price":10.34},{"type":"B","date":"2018-05-03T06:17:30.000Z","volume":1000,"label":" ","price":10.34},{"type":"A","date":"2018-05-03T06:18:01.000Z","volume":2000,"label":" ","price":10.36},{"type":"A","date":"2018-05-03T06:18:25.000Z","volume":3000,"label":"Y","price":10.36},{"type":"B","date":"2018-05-03T06:18:27.000Z","volume":2000,"label":" ","price":10.34},{"type":"B","date":"2018-05-03T06:18:47.000Z","volume":5000,"label":" ","price":10.34},{"type":"B","date":"2018-05-03T06:18:47.000Z","volume":5000,"label":" ","price":10.34},{"type":"B","date":"2018-05-03T06:18:52.000Z","volume":3000,"label":" ","price":10.34},{"type":"B","date":"2018-05-03T06:18:52.000Z","volume":1000,"label":" ","price":10.34},{"type":"A","date":"2018-05-03T06:19:37.000Z","volume":1000,"label":" ","price":10.36},{"type":"A","date":"2018-05-03T06:20:25.000Z","volume":1000,"label":" ","price":10.36},{"type":"A","date":"2018-05-03T06:20:43.000Z","volume":10000,"label":" ","price":10.36},{"type":"B","date":"2018-05-03T06:20:44.000Z","volume":4000,"label":" ","price":10.34},{"type":"B","date":"2018-05-03T06:20:44.000Z","volume":1000,"label":" ","price":10.34},{"type":"A","date":"2018-05-03T06:21:03.000Z","volume":1000,"label":" ","price":10.36},{"type":"B","date":"2018-05-03T06:21:07.000Z","volume":1000,"label":" ","price":10.34},{"type":"A","date":"2018-05-03T06:22:29.000Z","volume":2000,"label":" ","price":10.36},{"type":"A","date":"2018-05-03T06:22:52.000Z","volume":6000,"label":" ","price":10.36},{"type":"B","date":"2018-05-03T06:22:56.000Z","volume":3000,"label":" ","price":10.34},{"type":"A","date":"2018-05-03T06:23:10.000Z","volume":1000,"label":" ","price":10.36},{"type":"A","date":"2018-05-03T06:23:44.000Z","volume":2000,"label":" ","price":10.36},{"type":"A","date":"2018-05-03T06:24:05.000Z","volume":2000,"label":" ","price":10.36},{"type":"B","date":"2018-05-03T06:24:07.000Z","volume":2000,"label":" ","price":10.34},{"type":"B","date":"2018-05-03T06:24:07.000Z","volume":1000,"label":" ","price":10.34},{"type":"B","date":"2018-05-03T06:24:17.000Z","volume":5000,"label":" ","price":10.34},{"type":"B","date":"2018-05-03T06:24:17.000Z","volume":6000,"label":" ","price":10.34},{"type":"B","date":"2018-05-03T06:24:20.000Z","volume":3000,"label":" ","price":10.34},{"type":"A","date":"2018-05-03T06:25:19.000Z","volume":1000,"label":" ","price":10.36},{"type":"A","date":"2018-05-03T06:25:37.000Z","volume":1000,"label":" ","price":10.36},{"type":"B","date":"2018-05-03T06:25:44.000Z","volume":1000,"label":" ","price":10.34},{"type":"A","date":"2018-05-03T06:26:11.000Z","volume":6000,"label":" ","price":10.36},{"type":"B","date":"2018-05-03T06:26:12.000Z","volume":1000,"label":" ","price":10.34},{"type":"B","date":"2018-05-03T06:26:19.000Z","volume":2000,"label":" ","price":10.34},{"type":"A","date":"2018-05-03T06:26:36.000Z","volume":1000,"label":" ","price":10.36},{"type":"A","date":"2018-05-03T06:27:13.000Z","volume":1000,"label":" ","price":10.36},{"type":"B","date":"2018-05-03T06:27:16.000Z","volume":2000,"label":" ","price":10.34},{"type":"A","date":"2018-05-03T06:27:53.000Z","volume":7000,"label":" ","price":10.36},{"type":"B","date":"2018-05-03T06:28:01.000Z","volume":2000,"label":" ","price":10.34},{"type":"B","date":"2018-05-03T06:28:07.000Z","volume":1000,"label":" ","price":10.34},{"type":"U","date":"2018-05-03T06:28:20.000Z","volume":1000,"label":"X","price":10.349},{"type":"A","date":"2018-05-03T06:28:20.000Z","volume":1000,"label":" ","price":10.36},{"type":"U","date":"2018-05-03T06:28:20.000Z","volume":1000,"label":"X","price":10.36},{"type":"U","date":"2018-05-03T06:28:20.000Z","volume":1000,"label":"X","price":10.36},{"type":"A","date":"2018-05-03T06:28:41.000Z","volume":5000,"label":" ","price":10.36},{"type":"A","date":"2018-05-03T06:28:47.000Z","volume":1000,"label":" ","price":10.36},{"type":"B","date":"2018-05-03T06:29:00.000Z","volume":1000,"label":" ","price":10.34},{"type":"A","date":"2018-05-03T06:29:29.000Z","volume":1000,"label":" ","price":10.36},{"type":"A","date":"2018-05-03T06:29:53.000Z","volume":1000,"label":"Y","price":10.36},{"type":"A","date":"2018-05-03T06:30:23.000Z","volume":1000,"label":" ","price":10.36},{"type":"B","date":"2018-05-03T06:30:24.000Z","volume":2000,"label":" ","price":10.34},{"type":"U","date":"2018-05-03T06:30:27.000Z","volume":589,"label":"D","price":10.36},{"type":"B","date":"2018-05-03T06:31:17.000Z","volume":4000,"label":" ","price":10.34},{"type":"B","date":"2018-05-03T06:31:17.000Z","volume":5000,"label":" ","price":10.34},{"type":"A","date":"2018-05-03T06:31:21.000Z","volume":20000,"label":" ","price":10.36},{"type":"A","date":"2018-05-03T06:31:21.000Z","volume":1000,"label":" ","price":10.36},{"type":"B","date":"2018-05-03T06:31:22.000Z","volume":1000,"label":" ","price":10.34},{"type":"B","date":"2018-05-03T06:31:23.000Z","volume":3000,"label":" ","price":10.34},{"type":"A","date":"2018-05-03T06:31:29.000Z","volume":1000,"label":" ","price":10.36},{"type":"A","date":"2018-05-03T06:32:26.000Z","volume":5000,"label":" ","price":10.36},{"type":"B","date":"2018-05-03T06:32:28.000Z","volume":2000,"label":" ","price":10.36},{"type":"A","date":"2018-05-03T06:32:28.000Z","volume":1000,"label":" ","price":10.38},{"type":"B","date":"2018-05-03T06:32:31.000Z","volume":106000,"label":" ","price":10.36},{"type":"B","date":"2018-05-03T06:32:32.000Z","volume":6000,"label":" ","price":10.34},{"type":"B","date":"2018-05-03T06:32:38.000Z","volume":12000,"label":" ","price":10.34},{"type":"B","date":"2018-05-03T06:32:47.000Z","volume":19000,"label":" ","price":10.32},{"type":"B","date":"2018-05-03T06:32:48.000Z","volume":2000,"label":" ","price":10.32},{"type":"B","date":"2018-05-03T06:32:54.000Z","volume":5000,"label":" ","price":10.32},{"type":"U","date":"2018-05-03T06:33:17.000Z","volume":1000,"label":"X","price":10.352},{"type":"B","date":"2018-05-03T06:36:02.000Z","volume":5000,"label":" ","price":10.32},{"type":"B","date":"2018-05-03T06:36:02.000Z","volume":4000,"label":" ","price":10.32},{"type":"B","date":"2018-05-03T06:36:11.000Z","volume":4000,"label":" ","price":10.32},{"type":"B","date":"2018-05-03T06:36:30.000Z","volume":1000,"label":" ","price":10.32},{"type":"A","date":"2018-05-03T06:37:04.000Z","volume":1000,"label":" ","price":10.34},{"type":"A","date":"2018-05-03T06:37:42.000Z","volume":1000,"label":" ","price":10.34},{"type":"A","date":"2018-05-03T06:38:03.000Z","volume":1000,"label":" ","price":10.34},{"type":"B","date":"2018-05-03T06:38:20.000Z","volume":1000,"label":" ","price":10.32},{"type":"U","date":"2018-05-03T06:41:11.000Z","volume":3000,"label":"X","price":10.34},{"type":"B","date":"2018-05-03T06:41:32.000Z","volume":3000,"label":" ","price":10.32},{"type":"B","date":"2018-05-03T06:41:32.000Z","volume":4000,"label":" ","price":10.32},{"type":"A","date":"2018-05-03T06:41:51.000Z","volume":1000,"label":" ","price":10.34},{"type":"B","date":"2018-05-03T06:42:12.000Z","volume":2000,"label":" ","price":10.32},{"type":"A","date":"2018-05-03T06:42:58.000Z","volume":1000,"label":" ","price":10.34},{"type":"U","date":"2018-05-03T06:43:27.000Z","volume":1000,"label":"X","price":10.323},{"type":"A","date":"2018-05-03T06:43:28.000Z","volume":2000,"label":" ","price":10.34},{"type":"B","date":"2018-05-03T06:43:30.000Z","volume":2000,"label":" ","price":10.32},{"type":"B","date":"2018-05-03T06:45:17.000Z","volume":4000,"label":" ","price":10.32},{"type":"B","date":"2018-05-03T06:45:17.000Z","volume":5000,"label":" ","price":10.32},{"type":"A","date":"2018-05-03T06:45:17.000Z","volume":1000,"label":" ","price":10.34},{"type":"B","date":"2018-05-03T06:45:22.000Z","volume":2000,"label":" ","price":10.32},{"type":"B","date":"2018-05-03T06:45:43.000Z","volume":4000,"label":" ","price":10.32},{"type":"B","date":"2018-05-03T06:45:52.000Z","volume":1000,"label":" ","price":10.32},{"type":"A","date":"2018-05-03T06:46:47.000Z","volume":1000,"label":" ","price":10.34},{"type":"A","date":"2018-05-03T06:47:01.000Z","volume":2000,"label":" ","price":10.34},{"type":"A","date":"2018-05-03T06:47:07.000Z","volume":1000,"label":" ","price":10.34},{"type":"B","date":"2018-05-03T06:47:40.000Z","volume":1000,"label":" ","price":10.32},{"type":"B","date":"2018-05-03T06:48:42.000Z","volume":2000,"label":" ","price":10.32},{"type":"A","date":"2018-05-03T06:49:23.000Z","volume":1000,"label":" ","price":10.34},{"type":"B","date":"2018-05-03T06:49:32.000Z","volume":2000,"label":" ","price":10.32},{"type":"B","date":"2018-05-03T06:50:12.000Z","volume":1000,"label":" ","price":10.32},{"type":"B","date":"2018-05-03T06:51:02.000Z","volume":5000,"label":" ","price":10.32},{"type":"B","date":"2018-05-03T06:51:02.000Z","volume":4000,"label":" ","price":10.32},{"type":"B","date":"2018-05-03T06:51:14.000Z","volume":2000,"label":" ","price":10.32},{"type":"B","date":"2018-05-03T06:52:57.000Z","volume":1000,"label":" ","price":10.32},{"type":"A","date":"2018-05-03T06:53:12.000Z","volume":3000,"label":" ","price":10.34},{"type":"U","date":"2018-05-03T06:53:54.000Z","volume":1000,"label":"X","price":10.324},{"type":"B","date":"2018-05-03T06:55:48.000Z","volume":2000,"label":" ","price":10.32},{"type":"B","date":"2018-05-03T06:56:02.000Z","volume":4000,"label":" ","price":10.32},{"type":"B","date":"2018-05-03T06:56:02.000Z","volume":5000,"label":" ","price":10.32},{"type":"A","date":"2018-05-03T06:56:15.000Z","volume":1000,"label":" ","price":10.34},{"type":"B","date":"2018-05-03T06:57:10.000Z","volume":1000,"label":" ","price":10.32},{"type":"B","date":"2018-05-03T06:59:07.000Z","volume":2000,"label":" ","price":10.32},{"type":"A","date":"2018-05-03T06:59:19.000Z","volume":2000,"label":" ","price":10.34},{"type":"B","date":"2018-05-03T06:59:23.000Z","volume":1000,"label":" ","price":10.32},{"type":"A","date":"2018-05-03T06:59:27.000Z","volume":20000,"label":" ","price":10.34},{"type":"B","date":"2018-05-03T06:59:31.000Z","volume":5000,"label":" ","price":10.32},{"type":"B","date":"2018-05-03T06:59:38.000Z","volume":1000,"label":" ","price":10.32},{"type":"A","date":"2018-05-03T07:00:56.000Z","volume":16000,"label":" ","price":10.34},{"type":"B","date":"2018-05-03T07:01:03.000Z","volume":2000,"label":" ","price":10.32},{"type":"B","date":"2018-05-03T07:01:07.000Z","volume":1000,"label":" ","price":10.32},{"type":"A","date":"2018-05-03T07:01:07.000Z","volume":3000,"label":" ","price":10.34},{"type":"A","date":"2018-05-03T07:01:40.000Z","volume":1000,"label":" ","price":10.34},{"type":"A","date":"2018-05-03T07:01:47.000Z","volume":1000,"label":" ","price":10.34},{"type":"A","date":"2018-05-03T07:02:22.000Z","volume":1000,"label":" ","price":10.34},{"type":"A","date":"2018-05-03T07:02:52.000Z","volume":10000,"label":" ","price":10.34},{"type":"A","date":"2018-05-03T07:02:52.000Z","volume":3000,"label":" ","price":10.34},{"type":"A","date":"2018-05-03T07:03:42.000Z","volume":1000,"label":" ","price":10.34},{"type":"A","date":"2018-05-03T07:03:52.000Z","volume":2000,"label":" ","price":10.34},{"type":"A","date":"2018-05-03T07:04:09.000Z","volume":1000,"label":" ","price":10.34},{"type":"U","date":"2018-05-03T07:04:37.000Z","volume":2000,"label":"X","price":10.334},{"type":"A","date":"2018-05-03T07:04:45.000Z","volume":1000,"label":" ","price":10.34},{"type":"A","date":"2018-05-03T07:04:52.000Z","volume":5000,"label":" ","price":10.34},{"type":"B","date":"2018-05-03T07:05:42.000Z","volume":2000,"label":" ","price":10.32},{"type":"A","date":"2018-05-03T07:05:52.000Z","volume":2000,"label":" ","price":10.34},{"type":"B","date":"2018-05-03T07:05:56.000Z","volume":1000,"label":" ","price":10.32},{"type":"A","date":"2018-05-03T07:06:38.000Z","volume":2000,"label":" ","price":10.34},{"type":"A","date":"2018-05-03T07:07:07.000Z","volume":9000,"label":" ","price":10.34},{"type":"B","date":"2018-05-03T07:07:11.000Z","volume":1000,"label":" ","price":10.32},{"type":"A","date":"2018-05-03T07:07:37.000Z","volume":1000,"label":" ","price":10.34},{"type":"A","date":"2018-05-03T07:08:02.000Z","volume":5000,"label":" ","price":10.34},{"type":"B","date":"2018-05-03T07:08:05.000Z","volume":1000,"label":" ","price":10.32},{"type":"B","date":"2018-05-03T07:08:11.000Z","volume":1000,"label":" ","price":10.32},{"type":"A","date":"2018-05-03T07:09:05.000Z","volume":1000,"label":" ","price":10.34},{"type":"U","date":"2018-05-03T07:09:10.000Z","volume":1000,"label":"X","price":10.34},{"type":"A","date":"2018-05-03T07:09:29.000Z","volume":8000,"label":" ","price":10.34},{"type":"A","date":"2018-05-03T07:09:41.000Z","volume":1000,"label":" ","price":10.34},{"type":"A","date":"2018-05-03T07:09:52.000Z","volume":4000,"label":" ","price":10.34},{"type":"A","date":"2018-05-03T07:10:08.000Z","volume":4000,"label":" ","price":10.34},{"type":"B","date":"2018-05-03T07:10:11.000Z","volume":1000,"label":" ","price":10.32},{"type":"B","date":"2018-05-03T07:10:18.000Z","volume":1000,"label":" ","price":10.32},{"type":"A","date":"2018-05-03T07:10:37.000Z","volume":1000,"label":" ","price":10.34},{"type":"A","date":"2018-05-03T07:11:13.000Z","volume":2000,"label":" ","price":10.34},{"type":"A","date":"2018-05-03T07:11:14.000Z","volume":2000,"label":"Y","price":10.34},{"type":"A","date":"2018-05-03T07:11:52.000Z","volume":2000,"label":" ","price":10.34},{"type":"A","date":"2018-05-03T07:11:56.000Z","volume":1000,"label":" ","price":10.34},{"type":"A","date":"2018-05-03T07:11:57.000Z","volume":7000,"label":" ","price":10.36},{"type":"B","date":"2018-05-03T07:12:03.000Z","volume":2000,"label":" ","price":10.34},{"type":"B","date":"2018-05-03T07:12:15.000Z","volume":1000,"label":" ","price":10.34},{"type":"B","date":"2018-05-03T07:12:45.000Z","volume":5000,"label":" ","price":10.34},{"type":"B","date":"2018-05-03T07:12:46.000Z","volume":1000,"label":" ","price":10.34},{"type":"A","date":"2018-05-03T07:13:07.000Z","volume":1000,"label":" ","price":10.36},{"type":"B","date":"2018-05-03T07:13:12.000Z","volume":1000,"label":" ","price":10.34},{"type":"A","date":"2018-05-03T07:13:49.000Z","volume":3000,"label":" ","price":10.36},{"type":"A","date":"2018-05-03T07:13:52.000Z","volume":2000,"label":" ","price":10.36},{"type":"B","date":"2018-05-03T07:13:53.000Z","volume":1000,"label":" ","price":10.34},{"type":"B","date":"2018-05-03T07:13:57.000Z","volume":1000,"label":" ","price":10.34},{"type":"B","date":"2018-05-03T07:14:00.000Z","volume":1000,"label":" ","price":10.34},{"type":"A","date":"2018-05-03T07:14:17.000Z","volume":1000,"label":" ","price":10.36},{"type":"B","date":"2018-05-03T07:14:27.000Z","volume":1000,"label":" ","price":10.34},{"type":"A","date":"2018-05-03T07:14:35.000Z","volume":1000,"label":" ","price":10.36},{"type":"A","date":"2018-05-03T07:14:35.000Z","volume":4000,"label":" ","price":10.36},{"type":"U","date":"2018-05-03T07:14:37.000Z","volume":1000,"label":"X","price":10.342},{"type":"B","date":"2018-05-03T07:14:40.000Z","volume":2000,"label":" ","price":10.34},{"type":"A","date":"2018-05-03T07:15:22.000Z","volume":4000,"label":" ","price":10.36},{"type":"B","date":"2018-05-03T07:15:29.000Z","volume":1000,"label":" ","price":10.34},{"type":"A","date":"2018-05-03T07:15:33.000Z","volume":4000,"label":" ","price":10.36},{"type":"B","date":"2018-05-03T07:15:38.000Z","volume":1000,"label":" ","price":10.34},{"type":"B","date":"2018-05-03T07:15:46.000Z","volume":1000,"label":" ","price":10.34},{"type":"A","date":"2018-05-03T07:16:02.000Z","volume":1000,"label":" ","price":10.36},{"type":"A","date":"2018-05-03T07:16:22.000Z","volume":2000,"label":"Y","price":10.36},{"type":"A","date":"2018-05-03T07:16:24.000Z","volume":3000,"label":" ","price":10.36},{"type":"A","date":"2018-05-03T07:16:24.000Z","volume":2000,"label":" ","price":10.36},{"type":"U","date":"2018-05-03T07:16:56.000Z","volume":1000,"label":"X","price":10.357},{"type":"A","date":"2018-05-03T07:17:22.000Z","volume":4000,"label":" ","price":10.36},{"type":"A","date":"2018-05-03T07:17:52.000Z","volume":2000,"label":" ","price":10.36},{"type":"A","date":"2018-05-03T07:18:12.000Z","volume":1000,"label":" ","price":10.36},{"type":"A","date":"2018-05-03T07:18:16.000Z","volume":4000,"label":" ","price":10.36},{"type":"A","date":"2018-05-03T07:18:38.000Z","volume":1000,"label":" ","price":10.36},{"type":"A","date":"2018-05-03T07:19:02.000Z","volume":2000,"label":" ","price":10.36},{"type":"A","date":"2018-05-03T07:19:09.000Z","volume":1000,"label":" ","price":10.36},{"type":"A","date":"2018-05-03T07:19:58.000Z","volume":4000,"label":" ","price":10.36},{"type":"A","date":"2018-05-03T07:20:09.000Z","volume":4000,"label":" ","price":10.36},{"type":"A","date":"2018-05-03T07:20:09.000Z","volume":1000,"label":"Y","price":10.36},{"type":"B","date":"2018-05-03T07:20:11.000Z","volume":1000,"label":" ","price":10.34},{"type":"A","date":"2018-05-03T07:20:22.000Z","volume":2000,"label":" ","price":10.36},{"type":"B","date":"2018-05-03T07:20:23.000Z","volume":1000,"label":" ","price":10.34},{"type":"A","date":"2018-05-03T07:20:27.000Z","volume":1000,"label":" ","price":10.36},{"type":"A","date":"2018-05-03T07:20:40.000Z","volume":1000,"label":" ","price":10.36},{"type":"A","date":"2018-05-03T07:21:23.000Z","volume":2000,"label":" ","price":10.36},{"type":"B","date":"2018-05-03T07:21:25.000Z","volume":40000,"label":" ","price":10.34},{"type":"B","date":"2018-05-03T07:21:26.000Z","volume":3000,"label":" ","price":10.34},{"type":"B","date":"2018-05-03T07:21:28.000Z","volume":9000,"label":" ","price":10.34},{"type":"B","date":"2018-05-03T07:21:35.000Z","volume":2000,"label":" ","price":10.34},{"type":"B","date":"2018-05-03T07:21:41.000Z","volume":1000,"label":" ","price":10.34},{"type":"A","date":"2018-05-03T07:21:48.000Z","volume":1000,"label":" ","price":10.36},{"type":"A","date":"2018-05-03T07:22:27.000Z","volume":1000,"label":"Y","price":10.36},{"type":"A","date":"2018-05-03T07:23:17.000Z","volume":1000,"label":"Y","price":10.36},{"type":"A","date":"2018-05-03T07:23:17.000Z","volume":1000,"label":" ","price":10.36},{"type":"A","date":"2018-05-03T07:23:33.000Z","volume":1000,"label":" ","price":10.36},{"type":"B","date":"2018-05-03T07:25:02.000Z","volume":5000,"label":" ","price":10.34},{"type":"B","date":"2018-05-03T07:25:02.000Z","volume":2000,"label":" ","price":10.34},{"type":"B","date":"2018-05-03T07:25:02.000Z","volume":5000,"label":" ","price":10.34},{"type":"B","date":"2018-05-03T07:25:05.000Z","volume":2000,"label":" ","price":10.34},{"type":"A","date":"2018-05-03T07:25:08.000Z","volume":2000,"label":" ","price":10.36},{"type":"A","date":"2018-05-03T07:25:53.000Z","volume":9000,"label":" ","price":10.36},{"type":"B","date":"2018-05-03T07:25:57.000Z","volume":1000,"label":" ","price":10.34},{"type":"B","date":"2018-05-03T07:26:02.000Z","volume":1000,"label":" ","price":10.34},{"type":"A","date":"2018-05-03T07:26:38.000Z","volume":1000,"label":" ","price":10.36},{"type":"U","date":"2018-05-03T07:26:56.000Z","volume":3000,"label":"X","price":10.348},{"type":"U","date":"2018-05-03T07:26:56.000Z","volume":1000,"label":"X","price":10.348},{"type":"A","date":"2018-05-03T07:27:23.000Z","volume":2000,"label":" ","price":10.36},{"type":"A","date":"2018-05-03T07:27:23.000Z","volume":1000,"label":" ","price":10.36},{"type":"A","date":"2018-05-03T07:27:38.000Z","volume":1000,"label":" ","price":10.36},{"type":"A","date":"2018-05-03T07:27:38.000Z","volume":19000,"label":" ","price":10.36},{"type":"B","date":"2018-05-03T07:27:38.000Z","volume":2000,"label":" ","price":10.36},{"type":"B","date":"2018-05-03T07:27:53.000Z","volume":1000,"label":" ","price":10.34},{"type":"A","date":"2018-05-03T07:28:38.000Z","volume":1000,"label":" ","price":10.36},{"type":"A","date":"2018-05-03T07:28:46.000Z","volume":3000,"label":" ","price":10.36},{"type":"B","date":"2018-05-03T07:29:01.000Z","volume":4000,"label":" ","price":10.36},{"type":"U","date":"2018-05-03T07:29:32.000Z","volume":2000,"label":"X","price":10.359},{"type":"A","date":"2018-05-03T07:29:40.000Z","volume":3000,"label":" ","price":10.38},{"type":"B","date":"2018-05-03T07:29:47.000Z","volume":1000,"label":" ","price":10.36},{"type":"A","date":"2018-05-03T07:30:43.000Z","volume":5000,"label":" ","price":10.38},{"type":"B","date":"2018-05-03T07:30:45.000Z","volume":1000,"label":" ","price":10.36},{"type":"B","date":"2018-05-03T07:31:19.000Z","volume":110000,"label":" ","price":10.36},{"type":"B","date":"2018-05-03T07:31:20.000Z","volume":1000,"label":" ","price":10.34},{"type":"B","date":"2018-05-03T07:31:30.000Z","volume":28000,"label":" ","price":10.34},{"type":"B","date":"2018-05-03T07:31:31.000Z","volume":1000,"label":" ","price":10.34},{"type":"B","date":"2018-05-03T07:31:37.000Z","volume":4000,"label":" ","price":10.34},{"type":"B","date":"2018-05-03T07:31:51.000Z","volume":4000,"label":" ","price":10.32},{"type":"B","date":"2018-05-03T07:32:00.000Z","volume":1000,"label":" ","price":10.32},{"type":"B","date":"2018-05-03T07:32:01.000Z","volume":1000,"label":" ","price":10.32},{"type":"U","date":"2018-05-03T07:32:27.000Z","volume":2000,"label":"X","price":10.355},{"type":"U","date":"2018-05-03T07:33:17.000Z","volume":86,"label":"D","price":10.22},{"type":"A","date":"2018-05-03T07:33:32.000Z","volume":3000,"label":" ","price":10.34},{"type":"B","date":"2018-05-03T07:33:36.000Z","volume":2000,"label":" ","price":10.32},{"type":"U","date":"2018-05-03T07:33:44.000Z","volume":16,"label":"D","price":10.28},{"type":"A","date":"2018-05-03T07:34:38.000Z","volume":1000,"label":" ","price":10.34},{"type":"B","date":"2018-05-03T07:35:19.000Z","volume":4000,"label":" ","price":10.32},{"type":"B","date":"2018-05-03T07:35:21.000Z","volume":1000,"label":" ","price":10.32},{"type":"A","date":"2018-05-03T07:35:26.000Z","volume":12000,"label":" ","price":10.34},{"type":"B","date":"2018-05-03T07:35:27.000Z","volume":1000,"label":" ","price":10.32},{"type":"B","date":"2018-05-03T07:39:18.000Z","volume":1000,"label":"Y","price":10.32},{"type":"B","date":"2018-05-03T07:39:18.000Z","volume":2000,"label":" ","price":10.32},{"type":"B","date":"2018-05-03T07:42:13.000Z","volume":1000,"label":" ","price":10.32},{"type":"A","date":"2018-05-03T07:42:20.000Z","volume":1000,"label":" ","price":10.34},{"type":"U","date":"2018-05-03T07:42:27.000Z","volume":2000,"label":"X","price":10.332},{"type":"U","date":"2018-05-03T07:42:27.000Z","volume":1000,"label":"X","price":10.332},{"type":"B","date":"2018-05-03T07:42:49.000Z","volume":3000,"label":" ","price":10.32},{"type":"B","date":"2018-05-03T07:42:49.000Z","volume":4000,"label":" ","price":10.32},{"type":"B","date":"2018-05-03T07:42:52.000Z","volume":1000,"label":" ","price":10.32},{"type":"A","date":"2018-05-03T07:43:20.000Z","volume":1000,"label":" ","price":10.34},{"type":"B","date":"2018-05-03T07:44:00.000Z","volume":1000,"label":" ","price":10.32},{"type":"B","date":"2018-05-03T07:44:01.000Z","volume":1000,"label":" ","price":10.32},{"type":"B","date":"2018-05-03T07:44:02.000Z","volume":1000,"label":" ","price":10.32},{"type":"U","date":"2018-05-03T07:44:27.000Z","volume":3000,"label":"X","price":10.322},{"type":"A","date":"2018-05-03T07:44:28.000Z","volume":1000,"label":" ","price":10.34},{"type":"A","date":"2018-05-03T07:44:41.000Z","volume":1000,"label":"Y","price":10.34},{"type":"B","date":"2018-05-03T07:44:44.000Z","volume":1000,"label":" ","price":10.32},{"type":"B","date":"2018-05-03T07:45:54.000Z","volume":3000,"label":" ","price":10.32},{"type":"B","date":"2018-05-03T07:45:58.000Z","volume":1000,"label":" ","price":10.32},{"type":"U","date":"2018-05-03T07:46:15.000Z","volume":1000,"label":"X","price":10.326},{"type":"B","date":"2018-05-03T07:46:19.000Z","volume":3000,"label":" ","price":10.32},{"type":"B","date":"2018-05-03T07:46:19.000Z","volume":7000,"label":" ","price":10.32},{"type":"B","date":"2018-05-03T07:46:21.000Z","volume":3000,"label":" ","price":10.32},{"type":"B","date":"2018-05-03T07:46:22.000Z","volume":1000,"label":" ","price":10.32},{"type":"A","date":"2018-05-03T07:46:23.000Z","volume":1000,"label":" ","price":10.34},{"type":"B","date":"2018-05-03T07:46:28.000Z","volume":1000,"label":" ","price":10.32},{"type":"B","date":"2018-05-03T07:47:08.000Z","volume":1000,"label":" ","price":10.32},{"type":"B","date":"2018-05-03T07:47:19.000Z","volume":2000,"label":" ","price":10.32},{"type":"B","date":"2018-05-03T07:47:25.000Z","volume":1000,"label":" ","price":10.32},{"type":"A","date":"2018-05-03T07:48:01.000Z","volume":1000,"label":" ","price":10.34},{"type":"B","date":"2018-05-03T07:48:13.000Z","volume":1000,"label":" ","price":10.32},{"type":"A","date":"2018-05-03T07:48:23.000Z","volume":21000,"label":" ","price":10.34},{"type":"A","date":"2018-05-03T07:48:24.000Z","volume":23000,"label":" ","price":10.34},{"type":"B","date":"2018-05-03T07:48:27.000Z","volume":2000,"label":" ","price":10.32},{"type":"U","date":"2018-05-03T07:48:51.000Z","volume":1000,"label":"X","price":10.33},{"type":"A","date":"2018-05-03T07:48:52.000Z","volume":4000,"label":" ","price":10.34},{"type":"B","date":"2018-05-03T07:48:52.000Z","volume":1000,"label":" ","price":10.32},{"type":"B","date":"2018-05-03T07:48:54.000Z","volume":2000,"label":" ","price":10.32},{"type":"A","date":"2018-05-03T07:49:08.000Z","volume":6000,"label":" ","price":10.34},{"type":"B","date":"2018-05-03T07:49:10.000Z","volume":2000,"label":" ","price":10.32},{"type":"B","date":"2018-05-03T07:49:13.000Z","volume":2000,"label":" ","price":10.32},{"type":"B","date":"2018-05-03T07:49:41.000Z","volume":2000,"label":" ","price":10.32},{"type":"A","date":"2018-05-03T07:49:54.000Z","volume":6000,"label":" ","price":10.34},{"type":"B","date":"2018-05-03T07:49:55.000Z","volume":1000,"label":" ","price":10.32},{"type":"A","date":"2018-05-03T07:50:08.000Z","volume":6000,"label":" ","price":10.34},{"type":"A","date":"2018-05-03T07:50:08.000Z","volume":2000,"label":" ","price":10.34},{"type":"U","date":"2018-05-03T07:50:21.000Z","volume":1000,"label":"X","price":10.33},{"type":"A","date":"2018-05-03T07:50:24.000Z","volume":10000,"label":" ","price":10.34},{"type":"A","date":"2018-05-03T07:50:24.000Z","volume":8000,"label":" ","price":10.34},{"type":"A","date":"2018-05-03T07:50:39.000Z","volume":1000,"label":" ","price":10.34},{"type":"A","date":"2018-05-03T07:50:39.000Z","volume":1000,"label":" ","price":10.34},{"type":"A","date":"2018-05-03T07:50:41.000Z","volume":4000,"label":" ","price":10.36},{"type":"A","date":"2018-05-03T07:50:51.000Z","volume":4000,"label":" ","price":10.36},{"type":"B","date":"2018-05-03T07:50:55.000Z","volume":2000,"label":" ","price":10.34},{"type":"A","date":"2018-05-03T07:51:09.000Z","volume":5000,"label":" ","price":10.36},{"type":"B","date":"2018-05-03T07:51:15.000Z","volume":1000,"label":" ","price":10.34},{"type":"A","date":"2018-05-03T07:51:23.000Z","volume":23000,"label":" ","price":10.36},{"type":"B","date":"2018-05-03T07:51:28.000Z","volume":5000,"label":" ","price":10.34},{"type":"B","date":"2018-05-03T07:51:31.000Z","volume":2000,"label":" ","price":10.34},{"type":"A","date":"2018-05-03T07:51:38.000Z","volume":4000,"label":" ","price":10.36},{"type":"B","date":"2018-05-03T07:51:39.000Z","volume":1000,"label":" ","price":10.34},{"type":"U","date":"2018-05-03T07:51:51.000Z","volume":1000,"label":"X","price":10.35},{"type":"A","date":"2018-05-03T07:51:53.000Z","volume":3000,"label":" ","price":10.36},{"type":"B","date":"2018-05-03T07:52:49.000Z","volume":1000,"label":" ","price":10.34},{"type":"B","date":"2018-05-03T07:52:49.000Z","volume":1000,"label":" ","price":10.34},{"type":"B","date":"2018-05-03T07:52:49.000Z","volume":2000,"label":" ","price":10.34},{"type":"A","date":"2018-05-03T07:53:02.000Z","volume":4000,"label":" ","price":10.36},{"type":"A","date":"2018-05-03T07:53:14.000Z","volume":17000,"label":" ","price":10.36},{"type":"A","date":"2018-05-03T07:53:16.000Z","volume":1000,"label":" ","price":10.36},{"type":"A","date":"2018-05-03T07:53:30.000Z","volume":4000,"label":" ","price":10.36},{"type":"A","date":"2018-05-03T07:53:41.000Z","volume":1000,"label":" ","price":10.36},{"type":"A","date":"2018-05-03T07:53:46.000Z","volume":4000,"label":" ","price":10.36},{"type":"B","date":"2018-05-03T07:53:49.000Z","volume":1000,"label":" ","price":10.34},{"type":"U","date":"2018-05-03T07:53:51.000Z","volume":1000,"label":"X","price":10.35},{"type":"A","date":"2018-05-03T07:53:59.000Z","volume":2000,"label":" ","price":10.36},{"type":"A","date":"2018-05-03T07:54:14.000Z","volume":2000,"label":" ","price":10.36},{"type":"A","date":"2018-05-03T07:54:26.000Z","volume":1000,"label":" ","price":10.36},{"type":"B","date":"2018-05-03T07:54:26.000Z","volume":1000,"label":" ","price":10.36},{"type":"B","date":"2018-05-03T07:54:29.000Z","volume":1000,"label":" ","price":10.36},{"type":"A","date":"2018-05-03T07:54:45.000Z","volume":1000,"label":" ","price":10.38},{"type":"B","date":"2018-05-03T07:54:47.000Z","volume":177000,"label":" ","price":10.36},{"type":"B","date":"2018-05-03T07:54:50.000Z","volume":3000,"label":" ","price":10.36},{"type":"A","date":"2018-05-03T07:54:54.000Z","volume":1000,"label":" ","price":10.38},{"type":"B","date":"2018-05-03T07:54:56.000Z","volume":28000,"label":" ","price":10.36},{"type":"A","date":"2018-05-03T07:55:13.000Z","volume":11000,"label":" ","price":10.38},{"type":"U","date":"2018-05-03T07:55:18.000Z","volume":2000,"label":"X","price":10.37},{"type":"A","date":"2018-05-03T07:55:59.000Z","volume":1000,"label":" ","price":10.38},{"type":"A","date":"2018-05-03T07:56:04.000Z","volume":1000,"label":" ","price":10.38},{"type":"B","date":"2018-05-03T07:56:04.000Z","volume":1000,"label":" ","price":10.36},{"type":"B","date":"2018-05-03T07:56:04.000Z","volume":1000,"label":" ","price":10.36},{"type":"A","date":"2018-05-03T07:56:07.000Z","volume":2000,"label":" ","price":10.38},{"type":"A","date":"2018-05-03T07:56:15.000Z","volume":1000,"label":" ","price":10.38},{"type":"A","date":"2018-05-03T07:56:15.000Z","volume":1000,"label":" ","price":10.38},{"type":"A","date":"2018-05-03T07:56:22.000Z","volume":1000,"label":" ","price":10.38},{"type":"A","date":"2018-05-03T07:56:24.000Z","volume":2000,"label":" ","price":10.38},{"type":"B","date":"2018-05-03T07:56:32.000Z","volume":5000,"label":" ","price":10.36},{"type":"A","date":"2018-05-03T07:56:34.000Z","volume":3000,"label":" ","price":10.38},{"type":"A","date":"2018-05-03T07:56:45.000Z","volume":1000,"label":" ","price":10.38},{"type":"B","date":"2018-05-03T07:56:49.000Z","volume":1000,"label":" ","price":10.36},{"type":"A","date":"2018-05-03T07:56:52.000Z","volume":1000,"label":" ","price":10.38},{"type":"A","date":"2018-05-03T07:56:53.000Z","volume":3000,"label":" ","price":10.38},{"type":"B","date":"2018-05-03T07:57:04.000Z","volume":1000,"label":" ","price":10.36},{"type":"A","date":"2018-05-03T07:57:10.000Z","volume":1000,"label":" ","price":10.38},{"type":"A","date":"2018-05-03T07:57:13.000Z","volume":3000,"label":" ","price":10.38},{"type":"U","date":"2018-05-03T07:57:22.000Z","volume":2000,"label":"X","price":10.37},{"type":"A","date":"2018-05-03T07:57:24.000Z","volume":2000,"label":" ","price":10.38},{"type":"B","date":"2018-05-03T07:57:31.000Z","volume":9000,"label":" ","price":10.36},{"type":"A","date":"2018-05-03T07:57:33.000Z","volume":6000,"label":" ","price":10.38},{"type":"B","date":"2018-05-03T07:57:34.000Z","volume":1000,"label":" ","price":10.36},{"type":"U","date":"2018-05-03T07:57:39.000Z","volume":1000,"label":"X","price":10.37},{"type":"A","date":"2018-05-03T07:57:43.000Z","volume":3000,"label":" ","price":10.38},{"type":"B","date":"2018-05-03T07:57:45.000Z","volume":1000,"label":"Y","price":10.36},{"type":"B","date":"2018-05-03T07:57:45.000Z","volume":30000,"label":" ","price":10.36},{"type":"B","date":"2018-05-03T07:57:45.000Z","volume":1000,"label":" ","price":10.36},{"type":"A","date":"2018-05-03T07:57:50.000Z","volume":2000,"label":" ","price":10.38},{"type":"U","date":"2018-05-03T07:57:52.000Z","volume":1000,"label":"X","price":10.37},{"type":"B","date":"2018-05-03T07:57:53.000Z","volume":1000,"label":" ","price":10.36},{"type":"U","date":"2018-05-03T07:57:55.000Z","volume":3000,"label":"X","price":10.37},{"type":"U","date":"2018-05-03T07:57:55.000Z","volume":16000,"label":"X","price":10.37},{"type":"A","date":"2018-05-03T07:57:59.000Z","volume":1000,"label":" ","price":10.38},{"type":"A","date":"2018-05-03T07:57:59.000Z","volume":1000,"label":" ","price":10.38},{"type":"B","date":"2018-05-03T07:57:59.000Z","volume":1000,"label":" ","price":10.36},{"type":"A","date":"2018-05-03T07:58:00.000Z","volume":1000,"label":" ","price":10.38},{"type":"A","date":"2018-05-03T07:58:03.000Z","volume":1000,"label":" ","price":10.38},{"type":"B","date":"2018-05-03T07:58:04.000Z","volume":1000,"label":" ","price":10.36},{"type":"B","date":"2018-05-03T07:58:08.000Z","volume":1000,"label":" ","price":10.36},{"type":"A","date":"2018-05-03T07:58:09.000Z","volume":1000,"label":" ","price":10.38},{"type":"A","date":"2018-05-03T07:58:11.000Z","volume":2000,"label":" ","price":10.38},{"type":"B","date":"2018-05-03T07:58:18.000Z","volume":1000,"label":" ","price":10.36},{"type":"B","date":"2018-05-03T07:58:18.000Z","volume":1000,"label":" ","price":10.36},{"type":"B","date":"2018-05-03T07:58:27.000Z","volume":1000,"label":" ","price":10.36},{"type":"A","date":"2018-05-03T07:58:29.000Z","volume":1000,"label":" ","price":10.38},{"type":"B","date":"2018-05-03T07:58:30.000Z","volume":1000,"label":" ","price":10.36},{"type":"B","date":"2018-05-03T07:58:38.000Z","volume":1000,"label":" ","price":10.36},{"type":"B","date":"2018-05-03T07:58:40.000Z","volume":1000,"label":" ","price":10.36},{"type":"A","date":"2018-05-03T07:58:45.000Z","volume":4000,"label":" ","price":10.38},{"type":"B","date":"2018-05-03T07:58:48.000Z","volume":1000,"label":" ","price":10.36},{"type":"A","date":"2018-05-03T07:58:49.000Z","volume":2000,"label":" ","price":10.38},{"type":"B","date":"2018-05-03T07:58:53.000Z","volume":1000,"label":" ","price":10.36},{"type":"B","date":"2018-05-03T07:58:53.000Z","volume":1000,"label":" ","price":10.36},{"type":"B","date":"2018-05-03T07:58:55.000Z","volume":23000,"label":"Y","price":10.36},{"type":"B","date":"2018-05-03T07:58:55.000Z","volume":14000,"label":" ","price":10.36},{"type":"B","date":"2018-05-03T07:58:59.000Z","volume":17000,"label":" ","price":10.36},{"type":"A","date":"2018-05-03T07:58:59.000Z","volume":2000,"label":" ","price":10.38},{"type":"B","date":"2018-05-03T07:58:59.000Z","volume":54000,"label":"Y","price":10.36},{"type":"B","date":"2018-05-03T07:58:59.000Z","volume":13000,"label":" ","price":10.36},{"type":"A","date":"2018-05-03T07:58:59.000Z","volume":1000,"label":" ","price":10.38},{"type":"A","date":"2018-05-03T07:58:59.000Z","volume":52000,"label":" ","price":10.38},{"type":"B","date":"2018-05-03T07:58:59.000Z","volume":2000,"label":" ","price":10.36},{"type":"B","date":"2018-05-03T07:59:00.000Z","volume":2000,"label":" ","price":10.36},{"type":"B","date":"2018-05-03T07:59:00.000Z","volume":1000,"label":" ","price":10.36},{"type":"B","date":"2018-05-03T07:59:01.000Z","volume":1000,"label":" ","price":10.36},{"type":"B","date":"2018-05-03T07:59:01.000Z","volume":5000,"label":" ","price":10.36},{"type":"B","date":"2018-05-03T07:59:02.000Z","volume":1000,"label":" ","price":10.36},{"type":"U","date":"2018-05-03T07:59:02.000Z","volume":1000,"label":"X","price":10.38},{"type":"B","date":"2018-05-03T07:59:02.000Z","volume":1000,"label":" ","price":10.36},{"type":"A","date":"2018-05-03T07:59:02.000Z","volume":1000,"label":" ","price":10.38},{"type":"A","date":"2018-05-03T07:59:03.000Z","volume":2000,"label":" ","price":10.38},{"type":"A","date":"2018-05-03T07:59:03.000Z","volume":4000,"label":" ","price":10.38},{"type":"A","date":"2018-05-03T07:59:04.000Z","volume":4000,"label":" ","price":10.38},{"type":"B","date":"2018-05-03T07:59:05.000Z","volume":2000,"label":" ","price":10.36},{"type":"A","date":"2018-05-03T07:59:06.000Z","volume":1000,"label":" ","price":10.38},{"type":"B","date":"2018-05-03T07:59:07.000Z","volume":1000,"label":" ","price":10.36},{"type":"B","date":"2018-05-03T07:59:07.000Z","volume":3000,"label":" ","price":10.36},{"type":"A","date":"2018-05-03T07:59:09.000Z","volume":1000,"label":" ","price":10.38},{"type":"A","date":"2018-05-03T07:59:09.000Z","volume":4000,"label":" ","price":10.38},{"type":"U","date":"2018-05-03T07:59:10.000Z","volume":2000,"label":"X","price":10.37},{"type":"A","date":"2018-05-03T07:59:10.000Z","volume":1000,"label":" ","price":10.38},{"type":"A","date":"2018-05-03T07:59:10.000Z","volume":3000,"label":" ","price":10.38},{"type":"A","date":"2018-05-03T07:59:10.000Z","volume":1000,"label":" ","price":10.38},{"type":"A","date":"2018-05-03T07:59:10.000Z","volume":7000,"label":" ","price":10.38},{"type":"A","date":"2018-05-03T07:59:11.000Z","volume":1000,"label":" ","price":10.38},{"type":"A","date":"2018-05-03T07:59:11.000Z","volume":1000,"label":" ","price":10.38},{"type":"U","date":"2018-05-03T07:59:12.000Z","volume":2000,"label":"X","price":10.37},{"type":"B","date":"2018-05-03T07:59:13.000Z","volume":1000,"label":" ","price":10.36},{"type":"B","date":"2018-05-03T07:59:13.000Z","volume":1000,"label":" ","price":10.36},{"type":"B","date":"2018-05-03T07:59:14.000Z","volume":17000,"label":" ","price":10.36},{"type":"A","date":"2018-05-03T07:59:14.000Z","volume":2000,"label":" ","price":10.38},{"type":"B","date":"2018-05-03T07:59:14.000Z","volume":34000,"label":"Y","price":10.36},{"type":"B","date":"2018-05-03T07:59:14.000Z","volume":34000,"label":" ","price":10.36},{"type":"B","date":"2018-05-03T07:59:15.000Z","volume":3000,"label":" ","price":10.36},{"type":"B","date":"2018-05-03T07:59:15.000Z","volume":2000,"label":" ","price":10.36},{"type":"B","date":"2018-05-03T07:59:15.000Z","volume":2000,"label":" ","price":10.36},{"type":"B","date":"2018-05-03T07:59:15.000Z","volume":1000,"label":" ","price":10.36},{"type":"B","date":"2018-05-03T07:59:17.000Z","volume":1000,"label":" ","price":10.36},{"type":"B","date":"2018-05-03T07:59:17.000Z","volume":2000,"label":" ","price":10.36},{"type":"A","date":"2018-05-03T07:59:17.000Z","volume":1000,"label":" ","price":10.38},{"type":"B","date":"2018-05-03T07:59:20.000Z","volume":3000,"label":" ","price":10.36},{"type":"B","date":"2018-05-03T07:59:22.000Z","volume":2000,"label":" ","price":10.36},{"type":"B","date":"2018-05-03T07:59:22.000Z","volume":2000,"label":" ","price":10.36},{"type":"B","date":"2018-05-03T07:59:22.000Z","volume":1000,"label":" ","price":10.36},{"type":"B","date":"2018-05-03T07:59:22.000Z","volume":1000,"label":" ","price":10.36},{"type":"B","date":"2018-05-03T07:59:22.000Z","volume":2000,"label":" ","price":10.36},{"type":"A","date":"2018-05-03T07:59:23.000Z","volume":3000,"label":" ","price":10.38},{"type":"A","date":"2018-05-03T07:59:24.000Z","volume":1000,"label":" ","price":10.38},{"type":"U","date":"2018-05-03T07:59:24.000Z","volume":2000,"label":"X","price":10.37},{"type":"A","date":"2018-05-03T07:59:24.000Z","volume":2000,"label":" ","price":10.38},{"type":"B","date":"2018-05-03T07:59:25.000Z","volume":1000,"label":" ","price":10.36},{"type":"U","date":"2018-05-03T07:59:25.000Z","volume":2000,"label":"X","price":10.37},{"type":"B","date":"2018-05-03T07:59:26.000Z","volume":1000,"label":" ","price":10.36},{"type":"U","date":"2018-05-03T07:59:27.000Z","volume":2000,"label":"X","price":10.37},{"type":"A","date":"2018-05-03T07:59:27.000Z","volume":1000,"label":" ","price":10.38},{"type":"B","date":"2018-05-03T07:59:28.000Z","volume":1000,"label":" ","price":10.36},{"type":"A","date":"2018-05-03T07:59:28.000Z","volume":6000,"label":" ","price":10.38},{"type":"A","date":"2018-05-03T07:59:28.000Z","volume":3000,"label":" ","price":10.38},{"type":"A","date":"2018-05-03T07:59:29.000Z","volume":2000,"label":" ","price":10.38},{"type":"B","date":"2018-05-03T07:59:29.000Z","volume":1000,"label":"Y","price":10.36},{"type":"B","date":"2018-05-03T07:59:29.000Z","volume":56000,"label":" ","price":10.36},{"type":"B","date":"2018-05-03T07:59:29.000Z","volume":11000,"label":" ","price":10.34},{"type":"B","date":"2018-05-03T07:59:29.000Z","volume":17000,"label":" ","price":10.34},{"type":"A","date":"2018-05-03T07:59:29.000Z","volume":2000,"label":" ","price":10.38},{"type":"A","date":"2018-05-03T07:59:29.000Z","volume":45000,"label":" ","price":10.38},{"type":"B","date":"2018-05-03T07:59:29.000Z","volume":1000,"label":" ","price":10.34},{"type":"A","date":"2018-05-03T07:59:29.000Z","volume":2000,"label":" ","price":10.38},{"type":"A","date":"2018-05-03T07:59:30.000Z","volume":3000,"label":" ","price":10.36},{"type":"A","date":"2018-05-03T07:59:30.000Z","volume":9000,"label":" ","price":10.38},{"type":"A","date":"2018-05-03T07:59:30.000Z","volume":3000,"label":" ","price":10.38},{"type":"B","date":"2018-05-03T07:59:30.000Z","volume":2000,"label":" ","price":10.34},{"type":"B","date":"2018-05-03T07:59:30.000Z","volume":1000,"label":" ","price":10.34},{"type":"B","date":"2018-05-03T07:59:30.000Z","volume":2000,"label":" ","price":10.34},{"type":"A","date":"2018-05-03T07:59:30.000Z","volume":3000,"label":" ","price":10.36},{"type":"A","date":"2018-05-03T07:59:30.000Z","volume":1000,"label":" ","price":10.36},{"type":"A","date":"2018-05-03T07:59:30.000Z","volume":1000,"label":" ","price":10.36},{"type":"A","date":"2018-05-03T07:59:30.000Z","volume":2000,"label":" ","price":10.36},{"type":"A","date":"2018-05-03T07:59:30.000Z","volume":1000,"label":" ","price":10.36},{"type":"A","date":"2018-05-03T07:59:30.000Z","volume":1000,"label":" ","price":10.36},{"type":"B","date":"2018-05-03T07:59:31.000Z","volume":2000,"label":" ","price":10.34},{"type":"B","date":"2018-05-03T07:59:31.000Z","volume":2000,"label":" ","price":10.34},{"type":"A","date":"2018-05-03T07:59:31.000Z","volume":10000,"label":" ","price":10.36},{"type":"A","date":"2018-05-03T07:59:32.000Z","volume":2000,"label":" ","price":10.38},{"type":"A","date":"2018-05-03T07:59:33.000Z","volume":1000,"label":" ","price":10.38},{"type":"B","date":"2018-05-03T07:59:35.000Z","volume":3000,"label":" ","price":10.36},{"type":"B","date":"2018-05-03T07:59:37.000Z","volume":2000,"label":" ","price":10.36},{"type":"B","date":"2018-05-03T07:59:40.000Z","volume":2000,"label":" ","price":10.36},{"type":"B","date":"2018-05-03T07:59:40.000Z","volume":3000,"label":" ","price":10.36},{"type":"B","date":"2018-05-03T07:59:40.000Z","volume":2000,"label":" ","price":10.34},{"type":"A","date":"2018-05-03T07:59:41.000Z","volume":1000,"label":" ","price":10.38},{"type":"B","date":"2018-05-03T07:59:42.000Z","volume":2000,"label":" ","price":10.34},{"type":"B","date":"2018-05-03T07:59:44.000Z","volume":17000,"label":" ","price":10.34},{"type":"A","date":"2018-05-03T07:59:44.000Z","volume":2000,"label":" ","price":10.38},{"type":"B","date":"2018-05-03T07:59:44.000Z","volume":67000,"label":" ","price":10.34}