[{"type":"U","date":"2018-04-24T01:20:00.000Z","volume":100,"label":"U","price":53.4},{"type":"B","date":"2018-04-24T01:55:42.000Z","volume":1200,"label":" ","price":51.6},{"type":"B","date":"2018-04-24T01:55:51.000Z","volume":200,"label":" ","price":51.8},{"type":"A","date":"2018-04-24T02:00:37.000Z","volume":100,"label":" ","price":51.95},{"type":"A","date":"2018-04-24T02:01:51.000Z","volume":500,"label":" ","price":52},{"type":"A","date":"2018-04-24T02:01:51.000Z","volume":100,"label":" ","price":52},{"type":"B","date":"2018-04-24T02:02:44.000Z","volume":300,"label":" ","price":51.8},{"type":"A","date":"2018-04-24T02:05:44.000Z","volume":3700,"label":" ","price":52},{"type":"B","date":"2018-04-24T02:05:44.000Z","volume":600,"label":" ","price":52},{"type":"B","date":"2018-04-24T02:05:44.000Z","volume":300,"label":" ","price":52},{"type":"B","date":"2018-04-24T02:05:44.000Z","volume":100,"label":" ","price":52},{"type":"A","date":"2018-04-24T02:05:51.000Z","volume":100,"label":" ","price":52},{"type":"A","date":"2018-04-24T02:05:52.000Z","volume":300,"label":" ","price":52},{"type":"A","date":"2018-04-24T02:05:53.000Z","volume":100,"label":" ","price":52},{"type":"A","date":"2018-04-24T02:05:56.000Z","volume":100,"label":" ","price":52},{"type":"A","date":"2018-04-24T02:06:04.000Z","volume":900,"label":" ","price":52},{"type":"A","date":"2018-04-24T02:06:04.000Z","volume":100,"label":" ","price":52},{"type":"A","date":"2018-04-24T02:06:11.000Z","volume":100,"label":" ","price":52},{"type":"A","date":"2018-04-24T02:06:22.000Z","volume":800,"label":" ","price":52},{"type":"B","date":"2018-04-24T02:06:23.000Z","volume":500,"label":" ","price":52},{"type":"B","date":"2018-04-24T02:06:23.000Z","volume":500,"label":" ","price":52},{"type":"B","date":"2018-04-24T02:06:23.000Z","volume":500,"label":" ","price":52},{"type":"B","date":"2018-04-24T02:06:23.000Z","volume":500,"label":" ","price":52},{"type":"B","date":"2018-04-24T02:06:23.000Z","volume":500,"label":" ","price":52},{"type":"B","date":"2018-04-24T02:06:23.000Z","volume":500,"label":" ","price":52},{"type":"B","date":"2018-04-24T02:06:23.000Z","volume":100,"label":" ","price":52},{"type":"A","date":"2018-04-24T02:06:45.000Z","volume":1000,"label":" ","price":52},{"type":"A","date":"2018-04-24T02:06:45.000Z","volume":800,"label":" ","price":52},{"type":"A","date":"2018-04-24T02:06:45.000Z","volume":200,"label":" ","price":52},{"type":"A","date":"2018-04-24T02:06:45.000Z","volume":800,"label":" ","price":52},{"type":"B","date":"2018-04-24T02:06:45.000Z","volume":200,"label":" ","price":52},{"type":"B","date":"2018-04-24T02:06:45.000Z","volume":300,"label":" ","price":52},{"type":"A","date":"2018-04-24T02:06:45.000Z","volume":100,"label":" ","price":52.15},{"type":"A","date":"2018-04-24T02:06:45.000Z","volume":100,"label":" ","price":52.2},{"type":"A","date":"2018-04-24T02:06:48.000Z","volume":100,"label":" ","price":52.25},{"type":"B","date":"2018-04-24T02:06:54.000Z","volume":1600,"label":" ","price":52.5},{"type":"A","date":"2018-04-24T02:06:56.000Z","volume":100,"label":" ","price":52.75},{"type":"A","date":"2018-04-24T02:06:56.000Z","volume":100,"label":" ","price":52.8},{"type":"B","date":"2018-04-24T02:06:56.000Z","volume":1000,"label":" ","price":52.5},{"type":"B","date":"2018-04-24T02:06:56.000Z","volume":600,"label":" ","price":52.5},{"type":"B","date":"2018-04-24T02:07:21.000Z","volume":400,"label":" ","price":52.6},{"type":"B","date":"2018-04-24T02:07:40.000Z","volume":300,"label":" ","price":52.6},{"type":"B","date":"2018-04-24T02:07:59.000Z","volume":500,"label":" ","price":52.45},{"type":"B","date":"2018-04-24T02:08:58.000Z","volume":400,"label":" ","price":52.4},{"type":"B","date":"2018-04-24T02:09:55.000Z","volume":200,"label":" ","price":52.3},{"type":"A","date":"2018-04-24T02:24:04.000Z","volume":100,"label":" ","price":52.3},{"type":"A","date":"2018-04-24T02:29:48.000Z","volume":100,"label":" ","price":52.3},{"type":"A","date":"2018-04-24T02:30:41.000Z","volume":100,"label":" ","price":52.3},{"type":"A","date":"2018-04-24T02:36:11.000Z","volume":2400,"label":" ","price":52.3},{"type":"A","date":"2018-04-24T02:36:11.000Z","volume":100,"label":" ","price":52.4},{"type":"A","date":"2018-04-24T02:36:11.000Z","volume":1200,"label":" ","price":52.3},{"type":"A","date":"2018-04-24T02:36:11.000Z","volume":1000,"label":" ","price":52.3},{"type":"A","date":"2018-04-24T02:36:11.000Z","volume":900,"label":" ","price":52.3},{"type":"A","date":"2018-04-24T02:36:11.000Z","volume":700,"label":" ","price":52.3},{"type":"A","date":"2018-04-24T02:36:11.000Z","volume":4400,"label":" ","price":52.3},{"type":"A","date":"2018-04-24T02:36:11.000Z","volume":100,"label":" ","price":52.3},{"type":"A","date":"2018-04-24T02:36:19.000Z","volume":100,"label":" ","price":52.3},{"type":"A","date":"2018-04-24T02:36:20.000Z","volume":100,"label":" ","price":52.3},{"type":"U","date":"2018-04-24T02:36:20.000Z","volume":100,"label":" ","price":52.3},{"type":"U","date":"2018-04-24T02:36:20.000Z","volume":100,"label":" ","price":52.3},{"type":"A","date":"2018-04-24T02:36:36.000Z","volume":100,"label":" ","price":52.3},{"type":"A","date":"2018-04-24T02:36:36.000Z","volume":100,"label":" ","price":52.3},{"type":"A","date":"2018-04-24T02:37:02.000Z","volume":100,"label":" ","price":52.3},{"type":"A","date":"2018-04-24T02:40:58.000Z","volume":200,"label":" ","price":52.3},{"type":"A","date":"2018-04-24T02:44:37.000Z","volume":200,"label":" ","price":52.4},{"type":"A","date":"2018-04-24T02:47:50.000Z","volume":100,"label":" ","price":52.4},{"type":"A","date":"2018-04-24T02:47:50.000Z","volume":100,"label":" ","price":52.4},{"type":"A","date":"2018-04-24T02:49:16.000Z","volume":100,"label":" ","price":52.4},{"type":"B","date":"2018-04-24T02:49:16.000Z","volume":100,"label":" ","price":52.4},{"type":"B","date":"2018-04-24T02:49:16.000Z","volume":100,"label":" ","price":52.4},{"type":"B","date":"2018-04-24T02:49:16.000Z","volume":100,"label":" ","price":52.4},{"type":"B","date":"2018-04-24T02:49:16.000Z","volume":100,"label":" ","price":52.4},{"type":"B","date":"2018-04-24T02:49:16.000Z","volume":100,"label":" ","price":52.4},{"type":"B","date":"2018-04-24T02:49:16.000Z","volume":900,"label":" ","price":52.4},{"type":"A","date":"2018-04-24T02:49:16.000Z","volume":100,"label":" ","price":52.4},{"type":"A","date":"2018-04-24T02:49:40.000Z","volume":100,"label":" ","price":52.4},{"type":"B","date":"2018-04-24T02:49:40.000Z","volume":500,"label":" ","price":52.4},{"type":"B","date":"2018-04-24T02:49:40.000Z","volume":400,"label":" ","price":52.4},{"type":"B","date":"2018-04-24T02:49:40.000Z","volume":400,"label":" ","price":52.4},{"type":"B","date":"2018-04-24T02:49:40.000Z","volume":100,"label":" ","price":52.4},{"type":"A","date":"2018-04-24T02:50:08.000Z","volume":100,"label":" ","price":52.55},{"type":"B","date":"2018-04-24T02:50:13.000Z","volume":300,"label":" ","price":52.85},{"type":"B","date":"2018-04-24T02:50:17.000Z","volume":400,"label":" ","price":52.9},{"type":"B","date":"2018-04-24T02:50:31.000Z","volume":200,"label":" ","price":52.9},{"type":"A","date":"2018-04-24T02:50:36.000Z","volume":200,"label":" ","price":53},{"type":"B","date":"2018-04-24T02:51:20.000Z","volume":2500,"label":" ","price":52.9},{"type":"B","date":"2018-04-24T02:51:20.000Z","volume":100,"label":" ","price":52.75},{"type":"B","date":"2018-04-24T02:51:26.000Z","volume":100,"label":" ","price":52.8},{"type":"B","date":"2018-04-24T02:52:27.000Z","volume":400,"label":" ","price":52.7},{"type":"B","date":"2018-04-24T02:53:01.000Z","volume":100,"label":" ","price":52.75},{"type":"B","date":"2018-04-24T02:53:53.000Z","volume":400,"label":" ","price":52.4},{"type":"B","date":"2018-04-24T02:54:25.000Z","volume":100,"label":" ","price":52.45},{"type":"B","date":"2018-04-24T02:56:04.000Z","volume":100,"label":" ","price":52.4},{"type":"B","date":"2018-04-24T02:56:46.000Z","volume":100,"label":" ","price":52.4},{"type":"B","date":"2018-04-24T02:58:32.000Z","volume":100,"label":" ","price":52.4},{"type":"B","date":"2018-04-24T03:00:08.000Z","volume":100,"label":" ","price":52.25},{"type":"B","date":"2018-04-24T03:00:15.000Z","volume":100,"label":" ","price":52.35},{"type":"B","date":"2018-04-24T03:01:09.000Z","volume":100,"label":" ","price":52.35},{"type":"B","date":"2018-04-24T03:02:41.000Z","volume":100,"label":" ","price":52.35},{"type":"B","date":"2018-04-24T03:07:50.000Z","volume":200,"label":" ","price":52.25},{"type":"B","date":"2018-04-24T03:08:47.000Z","volume":400,"label":" ","price":52.25},{"type":"B","date":"2018-04-24T03:10:48.000Z","volume":200,"label":" ","price":52.25},{"type":"B","date":"2018-04-24T03:11:09.000Z","volume":100,"label":" ","price":52.25},{"type":"B","date":"2018-04-24T03:11:19.000Z","volume":300,"label":" ","price":52.25},{"type":"B","date":"2018-04-24T03:11:19.000Z","volume":200,"label":" ","price":52.25},{"type":"B","date":"2018-04-24T03:14:28.000Z","volume":100,"label":" ","price":52.25},{"type":"A","date":"2018-04-24T03:16:31.000Z","volume":700,"label":" ","price":52.25},{"type":"A","date":"2018-04-24T03:16:32.000Z","volume":100,"label":" ","price":52.3},{"type":"A","date":"2018-04-24T03:17:19.000Z","volume":300,"label":" ","price":52.3},{"type":"A","date":"2018-04-24T03:17:58.000Z","volume":300,"label":" ","price":52.35},{"type":"A","date":"2018-04-24T03:18:26.000Z","volume":100,"label":" ","price":52.4},{"type":"A","date":"2018-04-24T03:19:01.000Z","volume":100,"label":" ","price":52.45},{"type":"A","date":"2018-04-24T03:19:02.000Z","volume":300,"label":" ","price":52.5},{"type":"A","date":"2018-04-24T03:19:32.000Z","volume":300,"label":" ","price":52.5},{"type":"A","date":"2018-04-24T03:25:27.000Z","volume":100,"label":" ","price":52.55},{"type":"A","date":"2018-04-24T03:25:27.000Z","volume":100,"label":" ","price":52.55},{"type":"B","date":"2018-04-24T03:27:01.000Z","volume":1000,"label":" ","price":52.5},{"type":"B","date":"2018-04-24T03:27:01.000Z","volume":1700,"label":" ","price":52.5},{"type":"B","date":"2018-04-24T03:28:26.000Z","volume":100,"label":" ","price":52.5},{"type":"B","date":"2018-04-24T03:29:45.000Z","volume":200,"label":" ","price":52.5},{"type":"B","date":"2018-04-24T03:30:36.000Z","volume":100,"label":" ","price":52.5},{"type":"B","date":"2018-04-24T03:32:41.000Z","volume":100,"label":" ","price":52.5},{"type":"B","date":"2018-04-24T03:32:49.000Z","volume":100,"label":" ","price":52.5},{"type":"B","date":"2018-04-24T03:32:49.000Z","volume":100,"label":" ","price":52.5},{"type":"B","date":"2018-04-24T03:33:32.000Z","volume":100,"label":" ","price":52.5},{"type":"B","date":"2018-04-24T03:34:15.000Z","volume":100,"label":" ","price":52.5},{"type":"B","date":"2018-04-24T03:34:56.000Z","volume":100,"label":" ","price":52.5},{"type":"B","date":"2018-04-24T03:35:35.000Z","volume":100,"label":" ","price":52.5},{"type":"B","date":"2018-04-24T03:36:17.000Z","volume":100,"label":" ","price":52.5},{"type":"A","date":"2018-04-24T03:36:58.000Z","volume":800,"label":" ","price":52.5},{"type":"B","date":"2018-04-24T03:41:01.000Z","volume":400,"label":" ","price":52.45},{"type":"B","date":"2018-04-24T03:46:30.000Z","volume":300,"label":" ","price":52.45},{"type":"B","date":"2018-04-24T03:48:45.000Z","volume":300,"label":" ","price":52.45},{"type":"B","date":"2018-04-24T03:50:15.000Z","volume":300,"label":" ","price":52.45},{"type":"B","date":"2018-04-24T03:50:15.000Z","volume":1600,"label":" ","price":52.45},{"type":"A","date":"2018-04-24T03:50:22.000Z","volume":300,"label":" ","price":52.45},{"type":"A","date":"2018-04-24T03:50:28.000Z","volume":100,"label":" ","price":52.45},{"type":"B","date":"2018-04-24T03:54:40.000Z","volume":200,"label":" ","price":52.4},{"type":"B","date":"2018-04-24T03:54:52.000Z","volume":200,"label":" ","price":52.4},{"type":"B","date":"2018-04-24T03:55:31.000Z","volume":200,"label":" ","price":52.4},{"type":"B","date":"2018-04-24T03:55:42.000Z","volume":100,"label":" ","price":52.4},{"type":"B","date":"2018-04-24T03:55:56.000Z","volume":100,"label":" ","price":52.4},{"type":"B","date":"2018-04-24T03:56:11.000Z","volume":100,"label":" ","price":52.4},{"type":"B","date":"2018-04-24T03:56:22.000Z","volume":100,"label":" ","price":52.4},{"type":"B","date":"2018-04-24T03:56:34.000Z","volume":100,"label":" ","price":52.4},{"type":"B","date":"2018-04-24T03:56:50.000Z","volume":100,"label":" ","price":52.4},{"type":"B","date":"2018-04-24T03:57:10.000Z","volume":100,"label":" ","price":52.4},{"type":"B","date":"2018-04-24T03:58:02.000Z","volume":100,"label":" ","price":52.4},{"type":"B","date":"2018-04-24T05:00:00.000Z","volume":100,"label":" ","price":52.4},{"type":"B","date":"2018-04-24T05:00:01.000Z","volume":300,"label":" ","price":52.4},{"type":"B","date":"2018-04-24T05:00:01.000Z","volume":100,"label":" ","price":52.4},{"type":"B","date":"2018-04-24T05:01:07.000Z","volume":100,"label":" ","price":52.35},{"type":"B","date":"2018-04-24T05:02:09.000Z","volume":100,"label":" ","price":52.35},{"type":"B","date":"2018-04-24T05:03:26.000Z","volume":100,"label":" ","price":52.35},{"type":"B","date":"2018-04-24T05:04:52.000Z","volume":100,"label":" ","price":52.35},{"type":"B","date":"2018-04-24T05:06:17.000Z","volume":100,"label":" ","price":52.35},{"type":"B","date":"2018-04-24T05:07:47.000Z","volume":100,"label":" ","price":52.35},{"type":"B","date":"2018-04-24T05:09:11.000Z","volume":100,"label":" ","price":52.35},{"type":"B","date":"2018-04-24T05:10:40.000Z","volume":100,"label":" ","price":52.35},{"type":"A","date":"2018-04-24T05:11:05.000Z","volume":100,"label":" ","price":52.4},{"type":"B","date":"2018-04-24T05:12:05.000Z","volume":100,"label":" ","price":52.35},{"type":"B","date":"2018-04-24T05:13:09.000Z","volume":100,"label":" ","price":52.35},{"type":"B","date":"2018-04-24T05:14:13.000Z","volume":100,"label":" ","price":52.35},{"type":"B","date":"2018-04-24T05:15:20.000Z","volume":100,"label":" ","price":52.35},{"type":"B","date":"2018-04-24T05:16:28.000Z","volume":100,"label":" ","price":52.35},{"type":"B","date":"2018-04-24T05:17:31.000Z","volume":100,"label":" ","price":52.35},{"type":"A","date":"2018-04-24T05:19:49.000Z","volume":100,"label":" ","price":52.35},{"type":"B","date":"2018-04-24T05:23:38.000Z","volume":200,"label":" ","price":52.3},{"type":"B","date":"2018-04-24T05:24:56.000Z","volume":100,"label":" ","price":52.3},{"type":"B","date":"2018-04-24T05:25:29.000Z","volume":200,"label":" ","price":52.3},{"type":"B","date":"2018-04-24T05:27:04.000Z","volume":100,"label":" ","price":52.3},{"type":"B","date":"2018-04-24T05:27:56.000Z","volume":100,"label":" ","price":52.3},{"type":"B","date":"2018-04-24T05:29:02.000Z","volume":100,"label":" ","price":52.3},{"type":"B","date":"2018-04-24T05:29:32.000Z","volume":100,"label":" ","price":52.3},{"type":"B","date":"2018-04-24T05:29:50.000Z","volume":100,"label":" ","price":52.3},{"type":"B","date":"2018-04-24T05:30:55.000Z","volume":100,"label":" ","price":52.3},{"type":"B","date":"2018-04-24T05:31:06.000Z","volume":100,"label":" ","price":52.3},{"type":"B","date":"2018-04-24T05:31:25.000Z","volume":200,"label":" ","price":52.3},{"type":"B","date":"2018-04-24T05:31:35.000Z","volume":100,"label":" ","price":52.3},{"type":"A","date":"2018-04-24T05:31:52.000Z","volume":100,"label":" ","price":52.3},{"type":"A","date":"2018-04-24T05:35:13.000Z","volume":200,"label":" ","price":52.3},{"type":"A","date":"2018-04-24T05:36:14.000Z","volume":200,"label":" ","price":52.3},{"type":"A","date":"2018-04-24T05:37:19.000Z","volume":500,"label":" ","price":52.3},{"type":"A","date":"2018-04-24T05:38:35.000Z","volume":100,"label":" ","price":52.35},{"type":"A","date":"2018-04-24T05:41:10.000Z","volume":200,"label":" ","price":52.3},{"type":"B","date":"2018-04-24T05:42:49.000Z","volume":1600,"label":" ","price":52.25},{"type":"B","date":"2018-04-24T05:42:49.000Z","volume":100,"label":" ","price":52.25},{"type":"B","date":"2018-04-24T05:42:49.000Z","volume":100,"label":" ","price":52.25},{"type":"A","date":"2018-04-24T05:47:06.000Z","volume":100,"label":" ","price":52.2},{"type":"B","date":"2018-04-24T05:52:14.000Z","volume":200,"label":" ","price":52.15},{"type":"B","date":"2018-04-24T05:53:20.000Z","volume":100,"label":" ","price":52.15},{"type":"B","date":"2018-04-24T05:53:20.000Z","volume":400,"label":" ","price":52.15},{"type":"B","date":"2018-04-24T05:53:20.000Z","volume":3400,"label":" ","price":52.15},{"type":"B","date":"2018-04-24T05:53:20.000Z","volume":200,"label":" ","price":52.05},{"type":"B","date":"2018-04-24T05:55:51.000Z","volume":200,"label":" ","price":52},{"type":"A","date":"2018-04-24T05:55:53.000Z","volume":100,"label":" ","price":52.1},{"type":"B","date":"2018-04-24T05:58:24.000Z","volume":300,"label":" ","price":52},{"type":"A","date":"2018-04-24T05:58:24.000Z","volume":300,"label":" ","price":52.05},{"type":"A","date":"2018-04-24T05:58:24.000Z","volume":100,"label":" ","price":52.05},{"type":"A","date":"2018-04-24T06:03:08.000Z","volume":600,"label":" ","price":52.05},{"type":"A","date":"2018-04-24T06:03:08.000Z","volume":300,"label":" ","price":52.1},{"type":"A","date":"2018-04-24T06:03:08.000Z","volume":500,"label":" ","price":52.15},{"type":"B","date":"2018-04-24T06:03:08.000Z","volume":500,"label":" ","price":52.15},{"type":"B","date":"2018-04-24T06:03:08.000Z","volume":400,"label":" ","price":52.15},{"type":"B","date":"2018-04-24T06:03:08.000Z","volume":400,"label":" ","price":52.15},{"type":"B","date":"2018-04-24T06:03:08.000Z","volume":300,"label":" ","price":52.15},{"type":"B","date":"2018-04-24T06:03:08.000Z","volume":1700,"label":" ","price":52.15},{"type":"U","date":"2018-04-24T06:03:08.000Z","volume":100,"label":" ","price":52.15},{"type":"A","date":"2018-04-24T06:03:09.000Z","volume":200,"label":" ","price":52.15},{"type":"A","date":"2018-04-24T06:03:21.000Z","volume":100,"label":" ","price":52.15},{"type":"A","date":"2018-04-24T06:03:42.000Z","volume":200,"label":" ","price":52.15},{"type":"A","date":"2018-04-24T06:03:42.000Z","volume":400,"label":" ","price":52.2},{"type":"B","date":"2018-04-24T06:03:42.000Z","volume":700,"label":" ","price":52.2},{"type":"B","date":"2018-04-24T06:03:42.000Z","volume":600,"label":" ","price":52.2},{"type":"B","date":"2018-04-24T06:03:42.000Z","volume":500,"label":" ","price":52.2},{"type":"B","date":"2018-04-24T06:03:43.000Z","volume":400,"label":" ","price":52.2},{"type":"B","date":"2018-04-24T06:03:43.000Z","volume":1500,"label":" ","price":52.2},{"type":"A","date":"2018-04-24T06:08:23.000Z","volume":300,"label":" ","price":52.1},{"type":"A","date":"2018-04-24T06:12:33.000Z","volume":200,"label":" ","price":52.1},{"type":"A","date":"2018-04-24T06:14:35.000Z","volume":100,"label":" ","price":52.1},{"type":"A","date":"2018-04-24T06:15:07.000Z","volume":100,"label":" ","price":52.1},{"type":"A","date":"2018-04-24T06:15:09.000Z","volume":200,"label":" ","price":52.1},{"type":"B","date":"2018-04-24T06:17:25.000Z","volume":500,"label":" ","price":52.05},{"type":"A","date":"2018-04-24T06:18:50.000Z","volume":200,"label":" ","price":52.1},{"type":"A","date":"2018-04-24T06:18:55.000Z","volume":100,"label":" ","price":52.1},{"type":"A","date":"2018-04-24T06:18:55.000Z","volume":100,"label":" ","price":52.1},{"type":"A","date":"2018-04-24T06:22:09.000Z","volume":200,"label":" ","price":52.1},{"type":"A","date":"2018-04-24T06:22:40.000Z","volume":200,"label":" ","price":52.1},{"type":"A","date":"2018-04-24T06:27:08.000Z","volume":200,"label":" ","price":52.1},{"type":"A","date":"2018-04-24T06:29:07.000Z","volume":100,"label":" ","price":52.1},{"type":"A","date":"2018-04-24T06:30:20.000Z","volume":200,"label":" ","price":52.1},{"type":"A","date":"2018-04-24T06:31:24.000Z","volume":100,"label":" ","price":52.1},{"type":"A","date":"2018-04-24T06:33:28.000Z","volume":200,"label":" ","price":52.1},{"type":"A","date":"2018-04-24T06:34:15.000Z","volume":200,"label":" ","price":52.1},{"type":"A","date":"2018-04-24T06:34:15.000Z","volume":100,"label":" ","price":52.1},{"type":"A","date":"2018-04-24T06:35:50.000Z","volume":500,"label":" ","price":52.15},{"type":"A","date":"2018-04-24T06:35:50.000Z","volume":100,"label":" ","price":52.15},{"type":"A","date":"2018-04-24T06:35:50.000Z","volume":100,"label":" ","price":52.15},{"type":"A","date":"2018-04-24T06:35:50.000Z","volume":200,"label":" ","price":52.15},{"type":"A","date":"2018-04-24T06:36:24.000Z","volume":300,"label":" ","price":52.15},{"type":"A","date":"2018-04-24T06:36:25.000Z","volume":100,"label":" ","price":52.15},{"type":"A","date":"2018-04-24T06:36:49.000Z","volume":200,"label":" ","price":52.15},{"type":"A","date":"2018-04-24T06:43:07.000Z","volume":100,"label":" ","price":52.15},{"type":"A","date":"2018-04-24T06:47:10.000Z","volume":100,"label":" ","price":52.15},{"type":"B","date":"2018-04-24T06:49:50.000Z","volume":200,"label":" ","price":52.1},{"type":"B","date":"2018-04-24T06:51:55.000Z","volume":200,"label":" ","price":52.1},{"type":"B","date":"2018-04-24T06:54:01.000Z","volume":200,"label":" ","price":52.1},{"type":"A","date":"2018-04-24T06:54:54.000Z","volume":100,"label":" ","price":52.15},{"type":"B","date":"2018-04-24T06:55:48.000Z","volume":200,"label":" ","price":52.1},{"type":"B","date":"2018-04-24T06:58:10.000Z","volume":200,"label":" ","price":52.1},{"type":"B","date":"2018-04-24T06:58:10.000Z","volume":2300,"label":" ","price":52.1},{"type":"B","date":"2018-04-24T06:58:10.000Z","volume":100,"label":" ","price":52.1},{"type":"U","date":"2018-04-24T06:58:10.000Z","volume":300,"label":" ","price":52.1},{"type":"B","date":"2018-04-24T06:58:15.000Z","volume":100,"label":" ","price":52.05},{"type":"B","date":"2018-04-24T07:00:46.000Z","volume":400,"label":" ","price":52},{"type":"A","date":"2018-04-24T07:03:51.000Z","volume":800,"label":" ","price":52.05},{"type":"A","date":"2018-04-24T07:03:51.000Z","volume":300,"label":" ","price":52.1},{"type":"A","date":"2018-04-24T07:03:52.000Z","volume":200,"label":" ","price":52.15},{"type":"A","date":"2018-04-24T07:03:52.000Z","volume":100,"label":" ","price":52.15},{"type":"A","date":"2018-04-24T07:03:52.000Z","volume":200,"label":" ","price":52.15},{"type":"A","date":"2018-04-24T07:05:30.000Z","volume":800,"label":" ","price":52.15},{"type":"B","date":"2018-04-24T07:05:30.000Z","volume":300,"label":" ","price":52.15},{"type":"B","date":"2018-04-24T07:05:30.000Z","volume":300,"label":" ","price":52.15},{"type":"B","date":"2018-04-24T07:05:30.000Z","volume":300,"label":" ","price":52.15},{"type":"B","date":"2018-04-24T07:05:30.000Z","volume":200,"label":" ","price":52.15},{"type":"B","date":"2018-04-24T07:05:30.000Z","volume":200,"label":" ","price":52.15},{"type":"B","date":"2018-04-24T07:05:30.000Z","volume":100,"label":" ","price":52.15},{"type":"A","date":"2018-04-24T07:05:30.000Z","volume":100,"label":" ","price":52.15},{"type":"A","date":"2018-04-24T07:05:57.000Z","volume":400,"label":" ","price":52.15},{"type":"B","date":"2018-04-24T07:05:57.000Z","volume":400,"label":" ","price":52.15},{"type":"B","date":"2018-04-24T07:05:57.000Z","volume":300,"label":" ","price":52.15},{"type":"B","date":"2018-04-24T07:05:57.000Z","volume":300,"label":" ","price":52.15},{"type":"B","date":"2018-04-24T07:05:57.000Z","volume":300,"label":" ","price":52.15},{"type":"B","date":"2018-04-24T07:05:57.000Z","volume":200,"label":" ","price":52.15},{"type":"B","date":"2018-04-24T07:05:57.000Z","volume":400,"label":" ","price":52.15},{"type":"A","date":"2018-04-24T07:05:57.000Z","volume":400,"label":" ","price":52.15},{"type":"B","date":"2018-04-24T07:05:57.000Z","volume":100,"label":" ","price":52.3},{"type":"A","date":"2018-04-24T07:06:58.000Z","volume":100,"label":" ","price":52.15},{"type":"B","date":"2018-04-24T07:08:20.000Z","volume":500,"label":" ","price":52.05},{"type":"B","date":"2018-04-24T07:08:20.000Z","volume":1500,"label":" ","price":52},{"type":"A","date":"2018-04-24T07:11:17.000Z","volume":300,"label":" ","price":52.1},{"type":"A","date":"2018-04-24T07:11:27.000Z","volume":100,"label":" ","price":52.15},{"type":"A","date":"2018-04-24T07:11:29.000Z","volume":200,"label":" ","price":52.15},{"type":"A","date":"2018-04-24T07:11:35.000Z","volume":200,"label":" ","price":52.15},{"type":"A","date":"2018-04-24T07:11:35.000Z","volume":100,"label":" ","price":52.15},{"type":"A","date":"2018-04-24T07:11:44.000Z","volume":400,"label":" ","price":52.15},{"type":"B","date":"2018-04-24T07:11:44.000Z","volume":200,"label":" ","price":52.15},{"type":"B","date":"2018-04-24T07:11:44.000Z","volume":200,"label":" ","price":52.15},{"type":"B","date":"2018-04-24T07:11:44.000Z","volume":300,"label":" ","price":52.15},{"type":"B","date":"2018-04-24T07:11:44.000Z","volume":300,"label":" ","price":52.15},{"type":"B","date":"2018-04-24T07:11:44.000Z","volume":500,"label":" ","price":52.15},{"type":"A","date":"2018-04-24T07:12:08.000Z","volume":300,"label":" ","price":52.15},{"type":"B","date":"2018-04-24T07:12:08.000Z","volume":300,"label":" ","price":52.15},{"type":"B","date":"2018-04-24T07:12:08.000Z","volume":300,"label":" ","price":52.15},{"type":"B","date":"2018-04-24T07:12:08.000Z","volume":300,"label":" ","price":52.15},{"type":"B","date":"2018-04-24T07:12:08.000Z","volume":300,"label":" ","price":52.15},{"type":"B","date":"2018-04-24T07:12:08.000Z","volume":400,"label":" ","price":52.15},{"type":"A","date":"2018-04-24T07:12:08.000Z","volume":100,"label":" ","price":52.15},{"type":"A","date":"2018-04-24T07:12:08.000Z","volume":400,"label":" ","price":52.15},{"type":"A","date":"2018-04-24T07:12:13.000Z","volume":200,"label":" ","price":52.15},{"type":"A","date":"2018-04-24T07:12:15.000Z","volume":300,"label":" ","price":52.15},{"type":"A","date":"2018-04-24T07:12:18.000Z","volume":200,"label":" ","price":52.15},{"type":"A","date":"2018-04-24T07:12:40.000Z","volume":400,"label":" ","price":52.15},{"type":"B","date":"2018-04-24T07:12:40.000Z","volume":500,"label":" ","price":52.15},{"type":"B","date":"2018-04-24T07:12:40.000Z","volume":500,"label":" ","price":52.15},{"type":"B","date":"2018-04-24T07:12:40.000Z","volume":400,"label":" ","price":52.15},{"type":"B","date":"2018-04-24T07:12:40.000Z","volume":300,"label":" ","price":52.15},{"type":"B","date":"2018-04-24T07:12:40.000Z","volume":1000,"label":" ","price":52.15},{"type":"A","date":"2018-04-24T07:12:40.000Z","volume":300,"label":" ","price":52.15},{"type":"A","date":"2018-04-24T07:13:02.000Z","volume":200,"label":" ","price":52.15},{"type":"B","date":"2018-04-24T07:13:02.000Z","volume":600,"label":" ","price":52.15},{"type":"B","date":"2018-04-24T07:13:02.000Z","volume":600,"label":" ","price":52.15},{"type":"B","date":"2018-04-24T07:13:02.000Z","volume":500,"label":" ","price":52.15},{"type":"B","date":"2018-04-24T07:13:02.000Z","volume":500,"label":" ","price":52.15},{"type":"B","date":"2018-04-24T07:13:03.000Z","volume":1600,"label":" ","price":52.15},{"type":"A","date":"2018-04-24T07:13:03.000Z","volume":400,"label":" ","price":52.15},{"type":"A","date":"2018-04-24T07:13:03.000Z","volume":200,"label":" ","price":52.25},{"type":"A","date":"2018-04-24T07:13:07.000Z","volume":200,"label":" ","price":52.15},{"type":"A","date":"2018-04-24T07:15:40.000Z","volume":500,"label":" ","price":52.15},{"type":"B","date":"2018-04-24T07:15:40.000Z","volume":200,"label":" ","price":52.15},{"type":"B","date":"2018-04-24T07:15:40.000Z","volume":200,"label":" ","price":52.15},{"type":"B","date":"2018-04-24T07:15:40.000Z","volume":100,"label":" ","price":52.15},{"type":"B","date":"2018-04-24T07:15:40.000Z","volume":100,"label":" ","price":52.15},{"type":"B","date":"2018-04-24T07:15:40.000Z","volume":100,"label":" ","price":52.15},{"type":"B","date":"2018-04-24T07:15:40.000Z","volume":1000,"label":" ","price":52.15},{"type":"A","date":"2018-04-24T07:15:40.000Z","volume":200,"label":" ","price":52.15},{"type":"B","date":"2018-04-24T07:15:40.000Z","volume":100,"label":" ","price":52.15},{"type":"A","date":"2018-04-24T07:15:57.000Z","volume":200,"label":" ","price":52.15},{"type":"A","date":"2018-04-24T07:19:11.000Z","volume":200,"label":" ","price":52.15},{"type":"B","date":"2018-04-24T07:20:38.000Z","volume":200,"label":" ","price":52.1},{"type":"B","date":"2018-04-24T07:25:22.000Z","volume":300,"label":"Y","price":52.1},{"type":"A","date":"2018-04-24T07:27:00.000Z","volume":1200,"label":" ","price":52.15},{"type":"B","date":"2018-04-24T07:27:00.000Z","volume":300,"label":" ","price":52.15},{"type":"B","date":"2018-04-24T07:27:00.000Z","volume":300,"label":" ","price":52.15},{"type":"B","date":"2018-04-24T07:27:00.000Z","volume":200,"label":" ","price":52.15},{"type":"B","date":"2018-04-24T07:27:00.000Z","volume":200,"label":" ","price":52.15},{"type":"B","date":"2018-04-24T07:27:00.000Z","volume":1300,"label":" ","price":52.15},{"type":"A","date":"2018-04-24T07:27:02.000Z","volume":200,"label":" ","price":52.15},{"type":"A","date":"2018-04-24T07:27:08.000Z","volume":200,"label":" ","price":52.15},{"type":"A","date":"2018-04-24T07:27:14.000Z","volume":100,"label":" ","price":52.15},{"type":"B","date":"2018-04-24T07:27:17.000Z","volume":1000,"label":" ","price":52.1},{"type":"B","date":"2018-04-24T07:28:46.000Z","volume":400,"label":" ","price":52.1},{"type":"A","date":"2018-04-24T07:31:09.000Z","volume":1900,"label":" ","price":52.1},{"type":"A","date":"2018-04-24T07:32:37.000Z","volume":200,"label":" ","price":52.15},{"type":"A","date":"2018-04-24T07:32:57.000Z","volume":100,"label":" ","price":52.15},{"type":"A","date":"2018-04-24T07:39:23.000Z","volume":700,"label":" ","price":52.15},{"type":"A","date":"2018-04-24T07:39:23.000Z","volume":300,"label":" ","price":52.2},{"type":"A","date":"2018-04-24T07:39:23.000Z","volume":300,"label":" ","price":52.15},{"type":"A","date":"2018-04-24T07:39:26.000Z","volume":300,"label":"Y","price":52.15},{"type":"A","date":"2018-04-24T07:39:51.000Z","volume":300,"label":"Y","price":52.15},{"type":"A","date":"2018-04-24T07:39:51.000Z","volume":100,"label":" ","price":52.15},{"type":"A","date":"2018-04-24T07:40:01.000Z","volume":100,"label":" ","price":52.15},{"type":"A","date":"2018-04-24T07:42:02.000Z","volume":200,"label":" ","price":52.15},{"type":"A","date":"2018-04-24T07:42:06.000Z","volume":400,"label":" ","price":52.15},{"type":"B","date":"2018-04-24T07:42:06.000Z","volume":100,"label":" ","price":52.15},{"type":"B","date":"2018-04-24T07:42:06.000Z","volume":100,"label":" ","price":52.15},{"type":"B","date":"2018-04-24T07:42:06.000Z","volume":100,"label":" ","price":52.15},{"type":"B","date":"2018-04-24T07:42:06.000Z","volume":100,"label":" ","price":52.15},{"type":"B","date":"2018-04-24T07:42:06.000Z","volume":100,"label":" ","price":52.15},{"type":"B","date":"2018-04-24T07:42:06.000Z","volume":600,"label":" ","price":52.15},{"type":"A","date":"2018-04-24T07:42:07.000Z","volume":100,"label":" ","price":52.15},{"type":"B","date":"2018-04-24T07:42:07.000Z","volume":100,"label":" ","price":52.15},{"type":"B","date":"2018-04-24T07:42:46.000Z","volume":300,"label":" ","price":52.1},{"type":"A","date":"2018-04-24T07:44:54.000Z","volume":200,"label":" ","price":52.15},{"type":"A","date":"2018-04-24T07:45:25.000Z","volume":700,"label":" ","price":52.15},{"type":"B","date":"2018-04-24T07:45:25.000Z","volume":300,"label":" ","price":52.15},{"type":"B","date":"2018-04-24T07:45:25.000Z","volume":300,"label":" ","price":52.15},{"type":"B","date":"2018-04-24T07:45:25.000Z","volume":200,"label":" ","price":52.15},{"type":"B","date":"2018-04-24T07:45:25.000Z","volume":200,"label":" ","price":52.15},{"type":"B","date":"2018-04-24T07:45:25.000Z","volume":1400,"label":" ","price":52.15},{"type":"A","date":"2018-04-24T07:45:40.000Z","volume":100,"label":" ","price":52.15},{"type":"A","date":"2018-04-24T07:48:43.000Z","volume":300,"label":" ","price":52.15},{"type":"B","date":"2018-04-24T07:48:43.000Z","volume":400,"label":" ","price":52.15},{"type":"B","date":"2018-04-24T07:48:43.000Z","volume":400,"label":" ","price":52.15},{"type":"B","date":"2018-04-24T07:48:43.000Z","volume":300,"label":" ","price":52.15},{"type":"B","date":"2018-04-24T07:48:44.000Z","volume":300,"label":" ","price":52.15},{"type":"B","date":"2018-04-24T07:48:44.000Z","volume":1800,"label":" ","price":52.15},{"type":"A","date":"2018-04-24T07:48:44.000Z","volume":200,"label":" ","price":52.15},{"type":"B","date":"2018-04-24T07:48:44.000Z","volume":100,"label":" ","price":52.15},{"type":"B","date":"2018-04-24T07:48:44.000Z","volume":100,"label":" ","price":52.15},{"type":"B","date":"2018-04-24T07:48:44.000Z","volume":100,"label":" ","price":52.15},{"type":"A","date":"2018-04-24T07:49:03.000Z","volume":100,"label":" ","price":52.15},{"type":"A","date":"2018-04-24T07:49:07.000Z","volume":200,"label":" ","price":52.15},{"type":"B","date":"2018-04-24T07:49:07.000Z","volume":200,"label":" ","price":52.15},{"type":"A","date":"2018-04-24T07:50:47.000Z","volume":1500,"label":" ","price":52.4},{"type":"A","date":"2018-04-24T07:50:47.000Z","volume":2200,"label":" ","price":52.4},{"type":"B","date":"2018-04-24T07:54:00.000Z","volume":1100,"label":" ","price":52.3},{"type":"B","date":"2018-04-24T07:54:00.000Z","volume":300,"label":" ","price":52.1},{"type":"B","date":"2018-04-24T07:55:05.000Z","volume":100,"label":" ","price":52.25},{"type":"A","date":"2018-04-24T07:56:32.000Z","volume":2000,"label":" ","price":52.4},{"type":"A","date":"2018-04-24T07:56:32.000Z","volume":2400,"label":" ","price":52.4},{"type":"A","date":"2018-04-24T07:57:41.000Z","volume":100,"label":" ","price":52.4},{"type":"A","date":"2018-04-24T07:57:48.000Z","volume":3000,"label":" ","price":52.4},{"type":"A","date":"2018-04-24T07:57:48.000Z","volume":2400,"label":" ","price":52.4},{"type":"B","date":"2018-04-24T07:58:10.000Z","volume":400,"label":" ","price":52.3},{"type":"B","date":"2018-04-24T07:58:10.000Z","volume":100,"label":" ","price":52.1},{"type":"U","date":"2018-04-24T07:58:10.000Z","volume":400,"label":" ","price":52.3},{"type":"B","date":"2018-04-24T07:58:10.000Z","volume":600,"label":" ","price":52},{"type":"A","date":"2018-04-24T07:58:10.000Z","volume":200,"label":" ","price":52},{"type":"A","date":"2018-04-24T07:58:41.000Z","volume":100,"label":" ","price":52.4},{"type":"A","date":"2018-04-24T07:59:24.000Z","volume":1800,"label":" ","price":52.4},{"type":"A","date":"2018-04-24T07:59:30.000Z","volume":100,"label":" ","price":52.4},{"type":"A","date":"2018-04-24T07:59:41.000Z","volume":300,"label":" ","price":52.4}]